00930na  a2200241   4500
001 250
005 20240505051821.0
035 00 $a HZ_RBX557
090    $a 250
091    $a 2 $b 20240505 $c 0
099    $t LI $c 2014-06-30 $d 2024-05-05 $x 0
100    $a 19       1978    k  y0frey5003    ba
101    $a fre
200    $a Une Page d'histoire (1603) $f Barbey d'Aurevilly
210    $a Paris $c L.-O. Four $d 1978
215    $a 107 p. $d 22 cm
225 0  $a Bien lire
339    $a m
410    $t Bien lire
700    $3 11890143 $7 ba0yba0y $8 fre    $a Barbey d'Aurevilly $b Jules $f 1808-1889 $9 283024
801    $a FR $b 595126101 $c 20160703 $g AFNOR
995    $0 0 $2 0 $4 0 $5 2005-03-22 $9 341 $P 15.24 $b MED $c MED $e MED3E $f C0001605390 $h ACFHSZZ $k Mag 8/41 370 $o 0 $p 15.24 $r PRETLIV $s MAG_8_410000000000000_370 $w 2 $y 2014-06-30
995    $0 0 $2 0 $4 0 $5 2005-03-22 $9 342 $P 15.24 $b MED $c MED $e MED3E $f C0000268747 $h ACFHSZZ $k Mag 8/41 357 $o 0 $p 15.24 $r PRETLIV $s MAG_8_410000000000000_357 $w 0 $y 2014-06-30

