01750nam a2200421   4500
001 502
003 http://www.mediathequederoubaix.fr/ark:/20179/KH502
010    $a 2-7654-0297-3 $b Br. $d 52 F
020    $a FR $b 08306221
033    $a http://catalogue.bnf.fr/ark:/12148/cb34737748c
035    $a FRBNF347377480000004
039    $o OPL $a 002158860
090    $a 502
091    $b 20240507 $c 1 $a 2
099    $t LI $c 2014-06-30 $d 2024-05-07 $x 0
100    $a 19830310d1982    m  y0frey50      ba
101 0  $a fre
102    $a FR
105    $a a   z   00|y|
106    $a r
181  0 $6 01 $a i  $b xxxe   $a b  $b xb2e  
181    $6 02 $c txt $c sti $2 rdacontent
182  0 $6 01 $a n
182    $6 02 $c n $2 rdamedia
200 1  $a La Bibliothèque publique en milieu rural et dans les petites agglomérations $b Texte imprimé $e conseils pratiques $f par Marie-Claire Germanaud,...
210    $a Paris $c Cercle de la librairie $d 1982 $e Paris $g impr. Jouve
215    $a 92 p. $c ill. $d 24 cm
225    $a Collection Bibliothèques $x 0184-0886
300    $a Bibliogr. p. 92
339    $a m
410  0 $0 34226952 $t Bibliothèques (Paris. 1978) $x 0184-0886 $v 6
606    $3 11933978 $9 901 $a Bibliothèques publiques $3 11931476 $9 109 $y France $2 rameau
606    $3 11957785 $9 902 $a Bibliothèques rurales $3 11931476 $9 109 $y France $2 rameau
686    $a 00  $2 Cadre de classement de la Bibliographie nationale française
700    $3 11904723 $9 903 $o ISNI0000000059500238 $a Germanaud $b Marie-Claire $4 070
801  0 $a FR $b FR-751131015 $c 19830310 $g AFNOR $h FRBNF347377480000004 $2 intermrc
999    $a FRBNF347377480000004
995    $0 0 $2 0 $4 0 $5 2005-03-22 $9 617 $P 24.00 $b MED $c MED $e MED3D $f C0001286706 $h ACFBPZZ $k BIB PROF/1.24 GER $o 0 $p 24.00 $r PRETLIV $s BIB_PROF1_24_000000000000000_G $w 2 $y 2008-08-23

