01629cam a22003973  4500
001 662
003 http://www.mediathequederoubaix.fr/ark:/20179/KH662
010    $a 2-211-01716-9 $b rel.
033    $a http://catalogue.bnf.fr/ark:/12148/cb37314975d
035    $a FRBNF373149750000006
039    $o GEA $a 00401113X
073  0 $a 9782211017169 $2 ALS
090    $a 662
091    $a 2 $b 20240511 $c 1
099    $t LI $c 2014-06-30 $d 2024-05-11 $x 2
100    $a 19960915d1996    m  y0frey50      ba
101 0  $a fre
102    $a FR
105    $a ||||z   00|||
106    $a r
181  0 $6 01 $a i  $b xxxe  
181    $6 02 $c txt $2 rdacontent
182  0 $6 01 $a n
182    $6 02 $c n $2 rdamedia
200 1  $a Petit-Ours $b Texte imprimé $f une histoire de Else Holmelund Minarik $g racontée en images par Maurice Sendak
210    $a Paris $c l'Ecole des loisirs $d 1996 $e Impr. en Hollande
215    $a 55 p. $c ill. en coul., couv. ill. en coul. $d 22 cm
339    $a a
608    $a Albums $2 CNLJ $k Avis critique donné par le Centre national de la littérature pour la jeunesse
610 0  $a Ours (album) (ALS)
700    $3 12153739 $9 1069 $o ISNI0000000386715893 $a Minarik $b Else Holmelund $f 1920-2012 $4 070
702    $3 11924407 $9 1068 $o ISNI0000000121032317 $a Sendak $b Maurice $f 1928-2012 $4 440
702    $3 11895863 $9 12109 $o ISNI0000000058879098 $a Chagot $b Adolphe $4 730
801  0 $a FR $b FR-751131015 $c 19960915 $g AFNOR $h FRBNF373149750000006 $2 intermrc
999    $a FRBNF373149750000006
995    $0 0 $2 0 $4 0 $5 2006-11-17 $9 787 $P 10.20 $b MED $c MED $e MED0A $f C0004120991 $h JABEFAE $k EXT E A/MIN $o -3 $p 10.20 $r PRETLIV $s EXT_E_AMIN $u Compactus Patrimoine $w 7 $y 2019-11-26

