01242cam a2200349   4500
001 874
003 http://www.mediathequederoubaix.fr/ark:/20179/KH874
010    $b Br. $d 14 F
033    $a http://catalogue.bnf.fr/ark:/12148/cb37478091j
035    $a FRBNF374780910000003
039    $o GEA $a 003130344
039    $o OPP $a 33021213 $d 20080620
090    $a 874
091    $a 2 $b 20240511 $c 1
099    $t LI $c 2014-06-30 $d 2024-05-11 $x 0
100    $a 19960531d1963    m  y0frey50      ba
101 0  $a fre
102    $a FR
105    $a ||||z   00|a|
106    $a r
181  0 $6 01 $a i  $b xxxe  
181    $6 02 $c txt $2 rdacontent
182  0 $6 01 $a n
182    $6 02 $c n $2 rdamedia
200 1  $a Les moutons de feu $b Texte imprimé $e [roman] $f Pierre Gascar
210    $a [Paris] $c Gallimard $d 1963 $e 27-Le Mesnil-sur-l'Estrée $g Impr. Firmin-Didot
215    $a 330 p. $d 20 cm
339    $a m
700    $3 11904235 $9 279758 $o ISNI0000000120325441 $a Gascar $b Pierre $f 1916-1997 $4 070
801  0 $a FR $b FR-751131015 $c 19960531 $g AFNOR $h FRBNF374780910000003 $2 intermrc
999    $a FRBNF374780910000003
995    $0 0 $2 0 $4 0 $5 2005-03-22 $9 1012 $P 24.00 $b MED $c MED $e MED3E $f C0001161061 $h ALTROZZ $k Mag 8/44 530 $o 0 $p 24.00 $r PRETLIV $s MAG_8_440000000000000_530 $w 0 $y 2014-06-30

