01897cam a2200445   4500
001 1060
003 http://www.mediathequederoubaix.fr/ark:/20179/KH1060
010    $b Br. $d 40 FRF
020    $a FR $b 07506048
033    $a http://catalogue.bnf.fr/ark:/12148/cb34564793r
035    $a FRBNF345647930000001
039    $o OPL $a 000180687
090    $a 1060
091    $b 20240511 $c 1 $a 2
099    $t LI $c 2014-06-30 $d 2024-05-11 $x 3
100    $a 19750418d1975    m  y0frey50      ba
101 1  $a fre $c eng
102    $a FR
105    $a ||||z   00|a|
106    $a r
181  0 $6 01 $a i  $b xxxe  
181    $6 02 $c txt $2 rdacontent
182  0 $6 01 $a n
182    $6 02 $c n $2 rdamedia
200 1  $a La puissance et la gloire $b Texte imprimé $e roman $f Graham Greene $g traduit de l'anglais par Marcelle Sibon $g préface de François Mauriac,...
210    $a Paris $c R. Laffont $d 1975 $e 86-Poitiers $g impr. Aubin
215    $a 1 vol. (393 p.) $d 20 cm
225 19 $a Oeuvres complètes... / Graham Greene $v [3]
339    $a m
454  1 $t The Power and the glory
500 11 $3 11941910 $9 315435 $a The power and the glory $m français $2 lien automatique
501 0  $a Oeuvres complètes $m français $k 1975
608    $a Romans $2 CNLJ $k Avis critique donné par le Centre national de la littérature pour la jeunesse
686    $a 84 $2 Cadre de classement de la Bibliographie nationale française
700    $3 11905807 $9 1611 $o ISNI0000000121016384 $a Greene $b Graham $f 1904-1991 $4 070
702    $3 11924674 $9 1620 $o ISNI0000000047075887 $a Sibon $b Marcelle $4 730
702    $3 11915247 $9 1623 $o ISNI0000000121201088 $a Mauriac $b François $f 1885-1970 $4 080
801  0 $a FR $b FR-751131015 $c 19750418 $g AFNOR $h FRBNF345647930000001 $2 intermrc
999    $a FRBNF345647930000001
995    $0 0 $2 0 $4 0 $5 2005-03-22 $9 1206 $P 6.10 $b MED $c MED $e MED3E $f C0002574445 $h ALTROZZ $k Mag 8/32 042 $o 0 $p 6.10 $r PRETLIV $s MAG_8_320000000000000_042 $w 3 $y 2023-07-15

