01844cam a2200433   4500
001 1291
003 http://www.mediathequederoubaix.fr/ark:/20179/KH1291
010    $a 2-7654-0351-1 $b Br. $d 255 F
020    $a FR $b 08709340
033    $a http://catalogue.bnf.fr/ark:/12148/cb36620361p
035    $a FRBNF36620361000000X
039    $o OPL $a 005035770
073  0 $a 9782765403517 $2 ALS
090    $a 1291
091    $b 20240511 $c 1 $a 2
099    $t LI $c 2014-06-30 $d 2024-05-11 $x 0
100    $a 19840420d1986    m  y0frey50      ba
101 0  $a fre
102    $a FR
105    $a a   ||||01|y|
106    $a r
181  0 $6 01 $a i  $b xxxe   $a b  $b xb2e  
181    $6 02 $c txt $c sti $2 rdacontent
182  0 $6 01 $a n
182    $6 02 $c n $2 rdamedia
200 1  $a Construction et aménagement des bibliothèques $b Texte imprimé $f Mélanges Jean Bleton
210    $a Paris $c Éd. du Cercle de la librairie $d 1986 $e 44-Nantes $g Impr. Cid éd.
215    $a 274 p. $c ill., couv. ill. en coul. $d 24 cm
339    $a m
503 1  $a Mélanges $e Bleton $f Jean
606    $3 13162896 $9 1889 $a Bibliothèques $x Appareils et matériel $2 rameau
606    $3 13318597 $9 1890 $a Bibliothèques (constructions) $3 11931476 $9 109 $y France $2 rameau
608    $a Ouvrages de référence $2 CNLJ $k Avis critique donné par le Centre national de la littérature pour la jeunesse
686    $a 010 $2 Cadre de classement de la Bibliographie nationale française
686    $a 0   $2 Cadre de classement de la Bibliographie nationale française
801  0 $a FR $b FR-751131015 $c 19840420 $g AFNOR $h FRBNF36620361000000X $2 intermrc
856 4  $u http://gallica.bnf.fr/ark:/12148/bpt6k1002138k
999    $a FRBNF36620361000000X
995    $0 0 $2 0 $4 0 $5 2005-03-22 $9 1450 $P 24.00 $b MED $c MED $e MED3D $f C0000384161 $h ACFBPZZ $k BIB PROF/1.9 BLE $o 0 $p 24.00 $r PRETLIV $s BIB_PROF1_9_000000000000000_BL $w 5 $y 2008-08-23

