00941nam a2200253   4500
001 1497
003 http://www.mediathequederoubaix.fr/ark:/20179/KH1497
005 20220913043120.0
035 00 $a HZ_RBX60869
090    $a 1497
091    $a 0
099    $t LI $c 2014-06-30 $d 2022-09-13 $x 0
100    $a 19               k  y0frey5003    ba
101    $a fre
200    $a En jouant avec les mots $f Ecole Elsa Triolet
210    $a Roubaix $c Elsa edite $d [s.d.]
215    $a [12] p. $c ill., couv. ill. $d 21 cm
339    $a m
606 0  $a   $9 19205
606 0  $9 236349 $a Écrits d'enfants français $y France $y Roubaix (Nord)
710 0  $9 122957 $4 650 $a Ecole Elsa Triolet $c Roubaix, Nord $c roubaisien
801  0 $a FR $b 595126101 $c 20070828 $g AFNOR
930    $5 595126101:C0001433654 $b 595126101 $a BR 8/2212 $e Fonds patrimonial
995    $0 0 $2 0 $4 0 $5 2005-03-22 $9 1672 $b MED $c MED $e MED3M $f C0001433654 $h PPEFGZZ $k BR 8/2212 $o 2 $r PRETLIV $s BR_82212_000000000000000 $w 0 $y 2014-06-30

