01821cam a2200457   4500
001 1706
003 http://www.mediathequederoubaix.fr/ark:/20179/KH1706
010    $a 2-7274-0141-8 $b br. $d 135 F
020    $a FR $b 08812298
033    $a http://catalogue.bnf.fr/ark:/12148/cb34979081x
035    $a FRBNF34979081000000X
039    $o OPL $a 006455072
090    $a 1706
091    $b 20240511 $c 1 $a 2
099    $t LI $c 2014-06-30 $d 2024-05-11 $x 0
100    $a 19840420d1987    m  y0frey50      ba
101 1  $a fre $c ara
102    $a FR
105    $a ||||z   00|a|
106    $a r
181  0 $6 01 $a i  $b xxxe  
181    $6 02 $c txt $2 rdacontent
182  0 $6 01 $a n
182    $6 02 $c n $2 rdamedia
200 1  $a Étoile d'août $b Texte imprimé $e roman $f Sonallah Ibrahim $g trad. de l'arabe par Jean-François Fourcade
210    $a Paris $c Sindbad $d 1987 $e 18-Bourges $g Impr. Tardy
214  0 $a Paris $c Sindbad $d 1987
214  3 $a 18-Bourges $c Impr. Tardy
215    $a 1 vol. (310 p.) $d 23 cm
225    $a La Bibliothèque arabe $i Collection Littératures $x 0768-4312
339    $a m
410  0 $0 34243831 $t La Bibliothèque arabe. Collection Littératures $x 0768-4312 $v 30
454  1 $t Naǧmaẗ aġusṭus
454  1 $t نجمة أغسطس
676    $a 892.736 (oeuvre) $v 23
686    $a 82 $2 Cadre de classement de la Bibliographie nationale française
700    $3 12355985 $9 2397 $o ISNI0000000121237515 $a Ibrāhīm $b Ṣunʿ Allâh $f 1937-.... $4 070
702    $3 12058502 $9 273060 $o ISNI0000000000133226 $a Fourcade $b Jean-François $f 1943-1997 $4 730
801  0 $a FR $b FR-751131015 $c 19840420 $g AFNOR $h FRBNF34979081000000X $2 intermrc
999    $a FRBNF34979081000000X
995    $0 0 $2 0 $4 0 $5 2005-03-22 $9 1887 $P 20.58 $b MED $c MED $e MED3E $f C0002566858 $h ALTROZZ $k Mag 8/32 076 $o 4 $p 20.58 $r PRETLIV $s MAG_8_320000000000000_076 $w 2 $y 2014-06-30

