01471nam a2200349   4500
001 1907
003 http://www.mediathequederoubaix.fr/ark:/20179/KH1907
005 20180719173353.0
010    $a 2-04-027115-5
033    $a http://catalogue.bnf.fr/ark:/12148/cb366863485
035 00 $a HZ_RBX61720
090    $a 1907
091    $a 0
099    $t LI $c 2014-06-30 $d 2014-06-30 $x 0
100    $a 19       1995    k  y0frey5003    ba
101    $a fre
200    $a Les dynasties d'Europe $e héraldique et généalogie des familles impériales et royales $f textes de Michael Maclagan $g dessins par Jiri Louda $g introd. d'Arnaud Chaffanjon $g préf. de Otto de Habsbourg-Lorraine,...
210    $a Paris $c Bordas $d 1995
215    $a 308 p. $c ill. en noir et en coul., couv. ill. en coul. $d 30 cm
300    $a Rel. jacquette
320    $a Index.
339    $a m
606 0  $9 236462 $a Rois et souverains $y Europe $x Généalogie
606    $9 236463 $a Maisons royales $y Europe $x Généalogie
676    $a 929.7
700 0  $9 279103 $a Maclagan $b Michael
702 0  $9 279104 $a Louda $b Jiří $4 440
702 0  $9 149590 $4 080 $a Chaffanjon $b Arnaud
702 0  $9 149591 $4 080 $a Habsbourg-Lorraine $b Otto de
801  0 $a FR $b 595126101 $c 20070828 $g AFNOR
930    $5 595126101:C0001438060 $b 595126101 $a MAG L/P 4/207 815 $e Fonds patrimonial
995    $0 0 $2 0 $4 0 $5 2005-03-22 $9 2102 $P 36.02 $b MED $c MED $e MED3J $f C0001438060 $h PPEFGZZ $k MAG L/P 4/207 815 $o 2 $p 36.02 $r PRETLIV $s MAG_LP_4207_815000000000000 $w 0 $y 2014-06-30

