01224nj  a2200265   4500
001 2293
003 http://www.mediathequederoubaix.fr/ark:/20179/KH2293
005 20240511060747.0
035 00 $a HZ_RBX62346
071 0  $a 9031-73520-2 $b Carrere
090    $a 2293
091    $a 1 $b 20240511 $c 0
099    $t DC $c 2014-06-30 $d 2024-05-11 $x 4
100    $a 19       1991    k  y0frey5003    ba
101    $a fre
200    $a USA $b Enr. sonore $e Ensembles Universitaires $f Ensembles Universitaires
210    $d P 1991
215    $a 1 d.c.
327    $a Jambalaya $a New Jerusalem $a Turtle dove $a New England reels $a Apalachian danses $a Foggy mountains break down $a A hundred years from now $a Orange blossom special $a Swanton $a New England hills $a Us medley $a Creple creek $a Sugar foot stomp $a Julie Ann Johnson $a Sweet Canaan $a Theme time $a San Antonio rose $a Festival of the danse $a Ricks ramble $a Westphalia $a Mountain dew
339    $a m
606    $a Musique traditionnelle $x Etats-Unis $2 rameau
679    $a 061.1
710 0  $a Ensembles Universitaires
801  0 $a FR $b 595126101 $c 20070828 $g AFNOR
995    $0 0 $2 0 $4 0 $5 2005-03-22 $9 2514 $P 18.00 $b MED $c MED $e MED1A $f C0001381051 $h AMV90ZZ $k DC/061.1 ENS $o 0 $p 18.00 $r PRETSON $s DC_061_100000000000000_ENS $w 24 $y 2023-10-07

