01398cam a2200373   4500
001 2445
003 http://www.mediathequederoubaix.fr/ark:/20179/KH2445
010    $d 420 fr.
033    $a http://catalogue.bnf.fr/ark:/12148/cb32335197g
035    $a FRBNF323351970000002
039    $o CRI $a SU066202270001P
039    $o OPP $a 41658773 $d 20131220
090    $a 2445
091    $a 2 $b 20240512 $c 1
099    $t LI $c 2014-06-30 $d 2024-05-12 $x 1
100    $a 19970701d1953    m  y0frey50      ba
101 0  $a fre
102    $a FR
105    $a ||||z   00|||
106    $a r
181  0 $6 01 $a i  $b xxxe  
181    $6 02 $c txt $2 rdacontent
182  0 $6 01 $a n
182    $6 02 $c n $2 rdamedia
200 1  $a Deux coeurs simples $b Texte imprimé $e roman $f Jacques de Lacretelle,...
210    $a [Paris] $c Gallimard $d 1953 $e Montrouge $g Impr. moderne
215    $a 1 vol. (226 p.) $d in-16
339    $a m
686    $a 840 $2 Cadre de classement de la Bibliographie nationale française
700    $3 11910530 $9 3147 $o ISNI0000000114800007 $a Lacretelle $b Jacques de $f 1888-1985 $4 070
801  0 $a FR $b FR-751131015 $c 19970701 $g AFNOR $h FRBNF323351970000002 $2 intermrc
856 4  $u http://gallica.bnf.fr/ark:/12148/bpt6k4806107t
999    $a FRBNF323351970000002
995    $0 0 $2 0 $4 0 $5 2005-03-22 $9 2687 $P 24.00 $b MED $c MED $e MED3E $f C0001435884 $h ALTROZZ $k Mag 8/44 604 $o 0 $p 24.00 $r PRETLIV $s MAG_8_440000000000000_604 $w 6 $y 2018-09-04

