01093nam a2200265   4500
001 2601
003 http://www.mediathequederoubaix.fr/ark:/20179/KH2601
005 20220927045643.0
033    $a http://catalogue.bnf.fr/ark:/12148/cb31602440c
035 00 $a HZ_RBX62914
090    $a 2601
091    $a 0
099    $t LI $c 2014-06-30 $d 2022-09-27 $x 0
100    $a 19       1837    k  y0frey5003    ba
101    $a fre
200    $a Oeuvres complètes de Voltaire $h tome onzième $i correspondance générale $h I $e avec des notes et une notice historique sur la vie de Voltaire $f Voltaire
210    $a Paris $c Furne $d 1837
215    $a 900 p. $c ill. $d 27 cm
310    $a Demi-rel. cuir, dos orné
339    $a m
600    $a Voltaire $f 1694-1778 $x Correspondance $2 rameau
700    $7 ba0yba0y $8 fre    $a Voltaire $f 1694-1778 $9 8832
801  0 $a FR $b 595126101 $c 20100831 $g AFNOR
930    $5 595126101:C0001439969 $b 595126101 $a MAG L/P 4/205 534 $e Fonds patrimonial
995    $0 0 $2 0 $4 0 $5 2005-03-22 $9 2876 $b MED $c MED $e MED3J $f C0001439969 $h PPEFGZZ $k MAG L/P 4/205 534 $o 2 $r PRETLIV $s MAG_LP_4205_534000000000000 $w 0 $y 2014-06-30

