02251cam a2200505   4500
001 2749
003 http://www.mediathequederoubaix.fr/ark:/20179/KH2749
010    $a 2-08-066103-5 $b br. $d 350 F
020    $a FR $b 08917177
033    $a http://catalogue.bnf.fr/ark:/12148/cb36633974m
035    $a FRBNF366339740000008
039    $o OPL $a 006827925
090    $a 2749
091    $b 20240512 $c 1 $a 2
099    $t LI $c 2014-06-30 $d 2024-05-12 $x 0
100    $a 19890410d1989    m  y0frey50      ba
101 0  $a fre
102    $a FR
105    $a a   z   00|y|
106    $a r
181  0 $6 01 $a i  $b xxxe   $a b  $b xb2e  
181    $6 02 $c txt $c sti $2 rdacontent
182  0 $6 01 $a n
182    $6 02 $c n $2 rdamedia
200 1  $a Lettres, écrits, entretiens $b Texte imprimé $f Maurice Ravel $g réunis, présentés et annotés par Arbie Orenstein $g trad. de Dennis Collins $g interprétations historiques (1911-1988) par Jean Touzelet
210    $a Paris $c Flammarion $d 1989 $e 53-Mayenne $g Impr. Floch
215    $a 626 p.-[16] p. de pl. $c mus., couv. ill. en coul. $d 24 cm
225    $a Harmoniques $i Série Écrits de musiciens
300    $a Bibliogr. p. 599-601. Bibliogr. des oeuvres de M. Ravel p.603-606
300    $a Index
339    $a m
410  0 $0 43354252 $t Harmoniques $d 1989
410  0 $0 34228014 $t Harmoniques. Série Ecrits de musiciens $x 0244-3619 $v 6
600    $3 13898840 $9 3443 $a Ravel $b Maurice $f 1875-1937 $2 rameau
608    $3 13318736 $9 3444 $a Correspondance $2 rameau
608    $3 11932135 $9 182 $a Entretiens $2 rameau
676    $a 780.92 $v 23
686    $a 92 $2 Cadre de classement de la Bibliographie nationale française
700    $3 13898840 $9 3443 $o ISNI0000000121181144 $a Ravel $b Maurice $f 1875-1937 $4 070
702    $3 12111777 $9 273126 $o ISNI000000011777393X $a Orenstein $b Arbie $f 1937-.... $4 340
702    $3 11897357 $9 3446 $o ISNI0000000369275427 $a Collins $b Dennis $4 730
702    $3 12111778 $9 273127 $o ISNI0000000379008250 $a Touzelet $b Jean $f 1918-1994 $4 340
801  0 $a FR $b FR-751131015 $c 19890410 $g AFNOR $h FRBNF366339740000008 $2 intermrc
999    $a FRBNF366339740000008
995    $0 0 $2 0 $4 0 $5 2005-03-22 $9 3037 $P 53.36 $b MED $c MED $e MED3E $f C0001448497 $h ACFHSZZ $k Mag. 8/40 640 $o 0 $p 53.36 $r PRETLIV $s MAG___8_400000000000000_640 $w 6 $y 2014-06-30 $7  $8  $A  $m  $z 

