01132nam a2200265   4500
001 2967
003 http://www.mediathequederoubaix.fr/ark:/20179/KH2967
005 20190504022237.0
035 00 $a HZ_RBX63487
090    $a 2967
091    $a 0
099    $t LI $c 2014-06-30 $d 2014-06-30 $x 0
100    $a 19       1975    k  y0frey5003    ba
101    $a fre
200    $a Dictionnaire politique et critique $h Additif $i Histoire, Historiens-La France seule $f Charles Maurras $g complément établi par Jean Pélissier
210    $a Paris $c Cahiers Charles Maurras $d [ca 1975]
215    $a 40 p. $d 28 cm
300    $a Supplément aux cahiers Charles Maurras, n ̊54
339    $a m
606 0  $9 236707 $a Idées politiques $x Dictionnaires
700  1 $7 ba0yba0y $8 fre    $a Maurras $b Charles $f 1868-1952 $9 24425
702 0  $9 279260 $a Pélissier $b Jean $f 19..-.... $c historien $4 070
801  0 $a FR $b 595126101 $c 20070828 $g AFNOR
930    $5 595126101:C0001437404 $b 595126101 $a MAG L/P 4/205 633 $e Fonds patrimonial
995    $0 0 $2 0 $4 0 $5 2005-03-22 $9 3259 $b MED $c MED $e MED3J $f C0001437404 $h PPEFGZZ $k MAG L/P 4/205 633 $o 2 $r PRETLIV $s MAG_LP_4205_633000000000000 $w 0 $y 2014-06-30

