01261cam a2200361   4500
001 3150
003 http://www.mediathequederoubaix.fr/ark:/20179/KH3150
010    $a 2-903705-91-7 $b br. $d 80 F
020    $a FR $b 09701840
033    $a http://catalogue.bnf.fr/ark:/12148/cb35787993x
035    $a FRBNF357879930000000
039    $o OPL $a 020473847
090    $a 3150
091    $b 20240512 $c 1 $a 2
099    $t LI $c 2014-06-30 $d 2024-05-12 $x 0
100    $a 19960111d1995    m  y0frey50      ba
101 0  $a fre
102    $a FR
105    $a ||||z   00|a|
106    $a r
181  0 $6 01 $a i  $b xxxe  
181    $6 02 $c txt $2 rdacontent
182  0 $6 01 $a n
182    $6 02 $c n $2 rdamedia
200 1  $a Bois en défends $b Texte imprimé $f Patrick Wateau
210    $a Chambon-sur-Lignon $c Cheyne $d 1995
215    $a 58 p. $d 20 cm
339    $a m
686    $a 821 $2 Cadre de classement de la Bibliographie nationale française
700    $3 12497953 $9 3859 $o ISNI0000000360949122 $a Wateau $b Patrick $f 1959-.... $4 070
801  0 $a FR $b FR-751131015 $c 19960111 $g AFNOR $h FRBNF357879930000000 $2 intermrc
999    $a FRBNF357879930000000
995    $0 0 $2 0 $4 0 $5 2005-03-22 $9 3459 $P 38.11 $b MED $c MED $e MED3G $f C0001459668 $h AAPPRLP $k Li Pre/344 $o 0 $p 38.11 $r PRETLIV $s LI_PRE344 $w 0 $y 2014-06-30

