01309nam a2200313   4500
001 3337
003 http://www.mediathequederoubaix.fr/ark:/20179/KH3337
005 20180719173908.0
010    $a 2-84265-339-4
033    $a http://catalogue.bnf.fr/ark:/12148/cb40119338j
035    $a HZ_RbxHzBib6195
090    $a 3337
091    $a 0
099    $t LI $c 2014-06-30 $d 2014-06-30 $x 0
100    $a 19       2005    k  y0frey5003    ba
101    $a fre
200    $a Les églises de la Flandre française $h [Tome 1] $i Au Nord de la Lys $f Ernest Lotthé,... $g [lettre-préf. de S.E. Le Cardinal Liénart]
210    $a Bouhet $c La découvrance éd. $d 2005
215    $a 257 p. $c ill., couv. ill. $d 21 cm
305    $a Rééd. de celle parue en 1940
320    $a Bibliogr. Lexique
339    $a m
606 0  $9 236786 $a Églises $y France $y Flandre
676    $a 726.5
700 00 $9 279317 $a Lotthé $b Ernest $f 1886-1962
702  1 $9 150280 $4 080 $a Liénart $b Achille-Gaston-Louis-Joseph $c évêque de Lille, puis cardinal, Mgr
801    $a FR $b 595126101 $c 20120601 $g AFNOR
930    $5 595126101:C0004203943 $b 595126101 $a MAG L/P 8/116 827 $e Fonds patrimonial
995    $0 0 $2 0 $4 0 $5 2005-12-13 $9 3686 $P 19.00 $b MED $c MED $e MED3I $f C0004203943 $h PPEFGZZ $k MAG L/P 8/116 827 $o 2 $p 19.00 $r PRETLIV $s MAG_LP_8116_827000000000000 $w 6 $y 2008-06-20 $7 Lisires

