01625cam a2200421   4500
001 3501
003 http://www.mediathequederoubaix.fr/ark:/20179/KH3501
010    $a 2-08-064296-0 $b Br. $d 35,04 F
020    $a FR $b 08022040
033    $a http://catalogue.bnf.fr/ark:/12148/cb34641612p
035    $a FRBNF34641612000000X
039    $o OPL $a 001032150
090    $a 3501
091    $b 20240512 $c 1 $a 2
099    $t LI $c 2014-06-30 $d 2024-05-12 $x 5
100    $a 19801112d1980    m  y0frey50      ba
101 1  $a fre $c eng
102    $a FR
105    $a ||||z   00|a|
106    $a r
181  0 $6 01 $a i  $b xxxe  
181    $6 02 $c txt $2 rdacontent
182  0 $6 01 $a n
182    $6 02 $c n $2 rdamedia
200 1  $a L'Homme dans le tiroir $b Texte imprimé $e [nouvelles] $f Bernard Malamud $g traduit de l'américain par David Guinsbourg
210    $a [Paris] $c Flammarion $d 1980 $e 42-Saint-Just-la-Pendue $g impr. Chirat
215    $a 212 p. $d 21 cm
225    $a Lettres étrangères
339    $a m
410  0 $0 34234622 $t Lettres étrangères (Paris. 1968) $x 0768-1569 $v 45
454  1 $t Rembrandt:':s hat
676    $a 813.54 $v 22
686    $a 83  $2 Cadre de classement de la Bibliographie nationale française
700    $3 11914060 $9 4102 $o ISNI000000012127237X $a Malamud $b Bernard $4 070
702    $3 11906493 $9 4105 $o ISNI0000000000084540 $a Guinsbourg $b David $4 730
801  0 $a FR $b FR-751131015 $c 19801112 $g AFNOR $h FRBNF34641612000000X $2 intermrc
999    $a FRBNF34641612000000X
995    $0 0 $2 0 $4 0 $5 2005-03-22 $9 3864 $P 5.34 $b MED $c MED $e MED3E $f C0001484906 $h ALTROZZ $k Mag 8/44 675 $o 0 $p 5.34 $r PRETLIV $s MAG_8_440000000000000_675 $w 6 $y 2019-10-26

