01317nam a2200361   4500
001 3663
003 http://www.mediathequederoubaix.fr/ark:/20179/KH3663
010    $a 2-7158-0392-3 $b Br. $d 69 F
020    $a FR $b 08301636
033    $a http://catalogue.bnf.fr/ark:/12148/cb34732618z
035    $a FRBNF347326180000007
039    $o OPL $a 002098616
090    $a 3663
091    $b 20240512 $c 1 $a 2
099    $t LI $c 2014-06-30 $d 2024-05-12 $x 0
100    $a 19830103d1982    m  y0frey50      ba
101 0  $a fre
102    $a FR
105    $a ||||z   00|a|
106    $a r
181  0 $6 01 $a i  $b xxxe  
181    $6 02 $c txt $2 rdacontent
182  0 $6 01 $a n
182    $6 02 $c n $2 rdamedia
200 1  $a La Guerre des gusses $b Texte imprimé $e roman $f Georges M. Mattei
210    $a [Paris] $c Balland $d 1982 $e 27-Évreux $g impr. Hérissey
215    $a 235 p. $c couv. ill. $d 22 cm
339    $a m
686    $a 83  $2 Cadre de classement de la Bibliographie nationale française
700    $3 11915155 $9 4277 $o ISNI0000000021460939 $a Mattei $b Georges M. $4 070
801  0 $a FR $b FR-751131015 $c 19830103 $g AFNOR $h FRBNF347326180000007 $2 intermrc
999    $a FRBNF347326180000007
995    $0 0 $2 0 $4 0 $5 2005-03-22 $9 4043 $P 10.52 $b MED $c MED $e MED3E $f C0001489980 $h ALTROZZ $k Mag 8/44 677 $o 0 $p 10.52 $r PRETLIV $s MAG_8_440000000000000_677 $w 1 $y 2014-06-30

