02028cam a2200445   4500
001 3841
003 http://www.mediathequederoubaix.fr/ark:/20179/KH3841
010    $a 2-228-88955-5 $b br. $d 130 F
020    $a FR $b 09721085
033    $a http://catalogue.bnf.fr/ark:/12148/cb35846376s
035    $a FRBNF358463760000000
039    $o OPL $a 021942468
090    $a 3841
091    $b 20240512 $c 1 $a 2
099    $t LI $c 2014-06-30 $d 2024-05-12 $x 19
100    $a 19961028d1996    m  y0frey50      ba
101 0  $a fre
102    $a FR
105    $a a   z   00|y|
106    $a r
181  0 $6 01 $a i  $b xxxe   $a b  $b xb2e  
181    $6 02 $c txt $c sti $2 rdacontent
182  0 $6 01 $a n
182    $6 02 $c n $2 rdamedia
200 1  $a Atlas historique du monde méditerranéen $b Texte imprimé $e chrétiens, juifs et musulmans de l'Antiquité à nos jours $f Gérard Chaliand, Jean-Pierre Rageau $g cartogr., Catherine Petit
210    $a Paris $c Payot $d 1996 $e 25-Baume-les-Dames $g Impr. IME
215    $a 88 p. $c ill. en noir et en coul., couv. ill. en coul. $d 18 x 22 cm
225    $a Atlas Payot
339    $a m
410  0 $0 34280997 $t Atlas Payot (Paris) $x 1248-7155 $d 1995
606    $3 11946058 $9 12994 $a Géographie historique $3 11932344 $9 4451 $y Méditerranée (région) $2 rameau
606    $3 11976554 $9 4452 $a Histoire religieuse $3 11932344 $9 4451 $y Méditerranée (région) $2 rameau
608    $3 11952385 $9 597 $a Cartes $2 rameau
686    $a 91  $2 Cadre de classement de la Bibliographie nationale française
700    $3 11895902 $9 598 $o ISNI0000000121249348 $a Chaliand $b Gérard $f 1934-.... $4 070
701    $3 11921020 $9 599 $o ISNI0000000109052374 $a Rageau $b Jean-Pierre $f 1933-2019 $4 070
702    $3 12129572 $9 600 $o ISNI0000000118335544 $a Petit $b Catherine $f 1961-.... $4 440
801  0 $a FR $b FR-751131015 $c 19961028 $g AFNOR $h FRBNF358463760000000 $2 intermrc
999    $a FRBNF358463760000000
995    $0 0 $2 0 $4 0 $5 2005-03-22 $9 4247 $P 15.66 $b MED $c MED $e MED1A $f C0001445855 $h AAPPLGO $k Doc./900 ATL $o 0 $p 15.66 $r PRETLIV $s DOC___900_000000000000000_ATL $w 37 $y 2023-07-11

