00885na  a2200229   4500
001 4011
003 http://www.mediathequederoubaix.fr/ark:/20179/KH4011
005 20181017212002.0
035 00 $a HZ_RBX65488
090    $a 4011
091    $a 0
099    $t LI $c 2014-06-30 $d 2014-06-30 $x 1
100    $a 19       1933    k  y0frey5003    ba
101    $a fre
200    $a Louis Loucheur $e 1872-1931
210    $a [S.l] $c [s.n.] $d [c. 1933]
215    $a 61 p.-[2] f. de pl. $c Portr., ill. $d 21 cm
339    $a m
600    $9 150602 $a Loucheur $b Louis $f 1872-1931
801  0 $a FR $b 595126101 $c 20070828 $g AFNOR
995    $0 0 $2 0 $4 0 $5 2005-03-22 $9 4445 $b MED $c MED $e MED3O $f C0001480164 $h PPEFGZZ $k RES 8/88 $o 2 $r PRETLIV $s RES_888_000000000000000 $w 0 $y 2014-06-30
995    $0 0 $2 0 $4 0 $5 2005-03-22 $9 4446 $P 24.00 $b MED $c MED $e MED3E $f C0002702315 $h ACFSSZZ $k Mag 8/27 512 $o 0 $p 24.00 $r PRETLIV $s MAG_8_270000000000000_512 $w 1 $y 2018-11-27

