01712nam a2200397   4500
001 4187
003 http://www.mediathequederoubaix.fr/ark:/20179/KH4187
010    $a 2-09-210618-X $b rel. $d 84 F
020    $a FR $b 00025669
033    $a http://catalogue.bnf.fr/ark:/12148/cb37063323s
035    $a FRBNF370633230000002
039    $o OPL $a 021327980
073  0 $a 9782092106181 $2 ALS
090    $a 4187
091    $b 20240512 $c 1 $a 2
099    $t LI $c 2014-06-30 $d 2024-05-12 $x 26
100    $a 19960509d1999    a  y0frey50      ba
101 0  $a fre
102    $a FR
105    $a a   z   00|a|
106    $a r
181  0 $6 01 $a i  $b xxxe   $a b  $b xb2e  
181    $6 02 $c txt $c sti $2 rdacontent
182  0 $6 01 $a n
182    $6 02 $c n $2 rdamedia
200 1  $a Petites comptines pour tous les jours $b Texte imprimé $f comptines de Corinne Albaut, Sophie Arnould, Françoise Bob... [et al.] $g ill. par Sylvie Albert, Christel Desmoinaux, Johanna Kang... [et al.]
210    $a Paris $c Nathan $d 1999 $e 85-Luçon $g Impr. Pollina
215    $a 137 p. $c ill. en coul., couv. ill. en coul. $d 22 cm
225    $a Histoires, comptines, chansons et Cie
339    $a a
410  0 $0 36129045 $t Histoires, comptines, chansons et Cie $x 1275-0972 $d 1999
608    $a Poésies, comptines et chansons $2 CNLJ $k Avis critique donné par le Centre national de la littérature pour la jeunesse
686    $a 821 $2 Cadre de classement de la Bibliographie nationale française
801  0 $a FR $b FR-751131015 $c 19960509 $g AFNOR $h FRBNF370633230000002 $2 intermrc
999    $a FRBNF370633230000002
995    $0 0 $2 0 $4 0 $5 2005-03-22 $9 4640 $P 10.50 $b MED $c MED $e MED0A $f C0001544748 $h JABPFAF $k EXT PE A/ALB $o 0 $p 10.50 $r PRETLIV $s EXT_PE_A_ALB $w 81 $y 2024-02-21 $8 MA0A4A

