01266nj  a2200265   4500
001 4353
003 http://www.mediathequederoubaix.fr/ark:/20179/KH4353
005 20240512065437.0
035 00 $a HZ_RBX66076
071 0  $a 930 402 CD $b TC Records
090    $a 4353
091    $a 1 $b 20240512 $c 0
099    $t DC $c 2014-06-30 $d 2024-05-12 $x 4
100    $a 19       1990    k  y0frey5003    ba
101    $a fre
200    $a Errance $b Enr. sonore $f Richard Bohringer
210    $d P 1990
215    $a 1 d.c.
327    $a Hé Mômes / R. Bohringer ; B. Brault $a La fille à la rose fanée / R. Bohringer ; M. Benabou $a Cité / R. Bohringer ; S.M. Hapulat $a Soleil de Pâques / R. Bohringer ; J.P. Claude $a Pasteur 61 (Instr.) / M. Benabou $a Dis mon Paulo / R. Bohringer ; B. Brault $a Y'avait du foin / R. Bohringer ; S.M. Hapulat $a Au fond des bars / R. Bohringer ; B. Brault $a Alcool / R. Bohringer ; J.P. Claude
339    $a m
606    $a Chansons françaises $x Disques $2 rameau
679    $a 099.2
700    $7 ba0yba0y $8 fre    $a Bohringer $b Richard $f 1942-.... $3 12087140 $9 4668
801  0 $a FR $b 595126101 $c 20070828 $g AFNOR
995    $0 0 $2 0 $4 0 $5 2005-03-22 $9 4863 $P 17.00 $b MED $c MED $e MED1A $f C0001392311 $h AMV80ZZ $k DC/099.2 BOH $o 0 $p 17.00 $r PRETSON $s DC_099_200000000000000_BOH $w 32 $y 2024-01-31 $A 0

