01334nam a2200325   4500
001 4491
003 http://www.mediathequederoubaix.fr/ark:/20179/KH4491
005 20160125022151.0
035 00 $a HZ_RBX66310
090    $a 4491
091    $a 0
099    $t LI $c 2014-06-30 $d 2014-06-30 $x 0
100    $a 19       1975    k  y0frey5003    ba
101    $a fre
200    $a Ici Londres 1940-1944 $h Tome 4 $i la forteresse Europe $e 10 juillet 1943- 8 mai 1944 $f éd. établie sous la dir. de Jean-Louis Crémieux-Brilhac $g av.pr. de Madeleine Braun
210    $a Paris $c Documentation française $d 1975
215    $a 267 p. $c ill. $d 28 cm
225 0  $a Les voix de la liberté
310    $a Demi rel. cuir
320    $a Bibliogr.
339    $a m
410    $t Les voix de la liberté
601 0  $9 123202 $a British broadcasting corporation $x Histoire
606 0  $9 237021 $a Journaux $z 1900-1945
606    $9 237022 $a Guerre mondiale (1939-1945) $x Chronologie
702 0  $9 150799 $4 340 $a Crémieux-Brilhac $b Jean-Louis $f 1917-....
702 0  $9 150803 $4 080 $a Braun $b Madeleine
801  0 $a FR $b 595126101 $c 20101009 $g AFNOR
930    $5 595126101:C0001463405 $b 595126101 $a MAG L/P 4/205 735 $e Fonds patrimonial
995    $0 0 $2 0 $4 0 $5 2005-03-22 $9 5018 $b MED $c MED $e MED3J $f C0001463405 $h PPEFGZZ $k MAG L/P 4/205 735 $o 2 $r PRETLIV $s MAG_LP_4205_735000000000000 $w 0 $y 2014-06-30

