01381cam a2200361   4500
001 4636
003 http://www.mediathequederoubaix.fr/ark:/20179/KH4636
020    $a FR $b 07015839
033    $a http://catalogue.bnf.fr/ark:/12148/cb35407939z
035    $a FRBNF354079390000009
039    $o OPL $a 01252415X
090    $a 4636
091    $b 20240512 $c 1 $a 2
099    $t LI $c 2014-06-30 $d 2024-05-12 $x 0
100    $a 19700101d1970    m  y0frey50      ba
101 0  $a fre
102    $a MC
105    $a ||||z   00|||
106    $a r
181  0 $6 01 $a i  $b xxxe  
181    $6 02 $c txt $2 rdacontent
182  0 $6 01 $a n
182    $6 02 $c n $2 rdamedia
200 1  $a César $b Texte imprimé $e texte définitif $f Marcel Pagnol $g iIllustrations de Suzanne Ballivet
210    $a Monte-Carlo $c Pastorelly $d 1970
215    $a 243 p. $c pl. en noir et en coul. $d 20 cm
339    $a m
686    $a 822 $2 Cadre de classement de la Bibliographie nationale française
700    $3 11918412 $9 5117 $o ISNI0000000121201141 $a Pagnol $b Marcel $f 1895-1974 $4 070
702    $3 12587456 $9 5118 $o ISNI0000000046754212 $a Ballivet $b Suzanne $4 440
801  0 $a FR $b FR-751131015 $c 19700101 $g AFNOR $h FRBNF354079390000009 $2 intermrc
999    $a FRBNF354079390000009
995    $0 0 $2 0 $4 0 $5 2005-03-22 $9 5173 $P 24.00 $b MED $c MED $e MED3E $f C0001424401 $h ALTROZZ $k Mag 8/45 820 $o 0 $p 24.00 $r PRETLIV $s MAG_8_450000000000000_820 $w 19 $y 2008-08-05

