01170nam a2200265   4500
001 4793
003 http://www.mediathequederoubaix.fr/ark:/20179/KH4793
005 20180720164840.0
035 00 $a HZ_RBX66873
090    $a 4793
091    $a 0
099    $t LI $c 2014-06-30 $d 2014-06-30 $x 0
100    $a 19       1833    k  y0frey5003    ba
101    $a fre
200    $a Le mentor des enfans et des adolescents, ou Maxi mes, traits d'histoire et fables nouvelles en vers, propres à former l'esprit et le cœur de la jeunesse $f par M. l'abbé Reyre
205    $a Nouv. éd.
210    $a Paris $c Librairie ecclésiastique et classique $c A. Chambeau $a Avignon $d 1833
215    $a X-360 p. $c Front. $d 18 cm
300    $a Livre de prix de l'École chrétienne privée de Roubaix, décerné à Louis Wattinne
339    $a m
606 0  $9 237072 $a Éducation des enfants $x Manuels d'enseignement
700 0  $9 285070 $a Reyre $b Joseph $f 1735-1812
801  0 $a FR $b 595126101 $c 20090916 $g AFNOR
930    $5 595126101:C0001479634 $b 595126101 $a RES 8/-102 $e Fonds patrimonial
995    $0 0 $2 0 $4 0 $5 2005-03-22 $9 5349 $b MED $c MED $e MED3O $f C0001479634 $h PPEFGZZ $k RES 8/-102 $o 2 $r PRETLIV $s RES_8102 $w 0 $y 2014-06-30

