01300cam a2200349   4500
001 4929
003 http://www.mediathequederoubaix.fr/ark:/20179/KH4929
010    $a 978-2-85229-551-3 $b éd. complète $b rel. $d 3660 EUR $b les 30 vol.
033    $a http://catalogue.bnf.fr/ark:/12148/cb414170575
035    $a FRBNF414170570000005
090    $a 4929
091    $a 2 $b 20240512 $c 1
099    $t LI $c 2014-06-30 $d 2024-05-12 $x 0
100    $a 20090126d2008    m  y0frey50      ba
101 0  $a fre
102    $a FR
105    $a ||||f   00|y|
106    $a r
181  0 $6 01 $a i  $b xxxe  
181    $6 02 $c txt $2 rdacontent
182  0 $6 01 $a n
182    $6 02 $c n $2 rdamedia
200 1  $a Encyclopaedia universalis $b Texte imprimé
205    $a [Nouv. éd.]
210    $a Paris $c Encyclopaedia universalis $d impr. 2008-
215    $a 30 vol. $c ill. $d 30 cm
300    $a Comprend 24 vol. de Corpus et 6 vol. de Thésaurus
339    $a m
710    $3 11868813 $9 10332 $o ISNI000000012242542X $a Encyclopaedia universalis France $4 070
801  0 $a FR $b FR-751131015 $c 20090126 $g AFNOR $h FRBNF414170570000005 $2 intermrc
999    $a FRBNF414170570000005
995    $0 0 $2 0 $4 0 $5 2008-10-16 $9 5495 $P 24.00 $b MED $c MED $e MED2B $f C0004700628 $h ACFUEZZ $k U ETUD/ 034 ENC $o 2 $p 24.00 $r PRETLIV $s U_ETUD_034_000000000000000_ENC $w 0 $y 2014-06-30

