01110nj  a2200265   4500
001 5078
003 http://www.mediathequederoubaix.fr/ark:/20179/KH5078
005 20240512065549.0
035 00 $a HZ_RBX67294
071 0  $a 950 142 $b Pomme music
090    $a 5078
091    $a 1 $b 20240512 $c 0
099    $t DC $c 2014-06-30 $d 2024-05-12 $x 17
100    $a 19       1992    k  y0frey5003    ba
101    $a fre
200    $a Amald'ame $b Enr. sonore $f Serge Lama
210    $d P 1992
215    $a 1 d.c. $e 1 brochure
327    $a Europe babel $a Les ballons rouges $a L'Algérie $a Jonathan des banlieues $a Où vont ces bateaux $a Et puis on s'aperçoit $a Le grand amour $a D'aventures en aventures $a Le dernier baiser $a Superman (apeman) $a L'orgue de Barbara $a A quinze ans
339    $a m
606    $a Chansons françaises $x Disques $2 rameau
679    $a 099.2
700    $7 ba0yba0y $8 fre    $a Lama $b Serge $f 1943-.... $3 13896290 $9 5343
801  0 $a FR $b 595126101 $c 20070828 $g AFNOR
995    $0 0 $2 0 $4 0 $5 2005-03-22 $9 5649 $P 17.00 $b MED $c MED $e MED3C $f C0001393244 $h AMV80ZZ $k DC/099.2 LAM $o 0 $p 17.00 $r PRETSON $s DC_099_200000000000000_LAM $w 97 $y 2023-12-01 $A 0

