00944nam a2200241   4500
001 5215
003 http://www.mediathequederoubaix.fr/ark:/20179/KH5215
005 20180719174531.0
035 00 $a HZ_RBX67520
090    $a 5215
091    $a 0
099    $t LI $c 2014-06-30 $d 2014-06-30 $x 0
100    $a 19       1907    k  y0frey5003    ba
101    $a fre
200    $a Les masques de verre $e scènes du "Petit Guignol contemporain" $f Maurice Testard
210    $a Paris $c [s.n.] $d 1907 $g Imp. Gautherin
215    $a 232 p. $c ill., couv. ill. en coul. $d 20 cm
310    $a Ex. n ̊19 / 30 sur vélin d'Arches
339    $a m
700 0  $9 279533 $a Testard $b Maurice $f 1880-1969 $4 440
801  0 $a FR $b 595126101 $c 20050322 $g AFNOR
930    $5 595126101:C0001469972 $b 595126101 $a MAG L/P 8/105 800 $e Fonds patrimonial
995    $0 0 $2 0 $4 0 $5 2005-03-22 $9 5793 $b MED $c MED $e MED3I $f C0001469972 $h PPEFGZZ $k MAG L/P 8/105 800 $o 2 $r PRETLIV $s MAG_LP_8105_800000000000000 $w 0 $y 2014-06-30

