01252nam a2200361   4500
001 5515
003 http://www.mediathequederoubaix.fr/ark:/20179/KH5515
010    $a 2-07-070784-9 $d 78 F
020    $a FR $b 08717321
033    $a http://catalogue.bnf.fr/ark:/12148/cb349065578
035    $a FRBNF349065570000002
039    $o OPL $a 005407548
090    $a 5515
091    $b 20240512 $c 1 $a 2
099    $t LI $c 2014-06-30 $d 2024-05-12 $x 0
100    $a 19840420d1987    m  y0frey50      ba
101 0  $a fre
102    $a FR
105    $a ||||z   00|||
106    $a r
181  0 $6 01 $a i  $b xxxe  
181    $6 02 $c txt $2 rdacontent
182  0 $6 01 $a n
182    $6 02 $c n $2 rdamedia
200 1  $a Au nom du père $b Texte imprimé $f Pierre-Louis Rey
210    $a [Paris] $c Gallimard $d 1987
215    $a 155 p.
339    $a m
686    $a 82  $2 Cadre de classement de la Bibliographie nationale française
700    $3 11921698 $9 5553 $o ISNI0000000120244457 $a Rey $b Pierre-Louis $4 070
801  0 $a FR $b FR-751131015 $c 19840420 $g AFNOR $h FRBNF349065570000002 $2 intermrc
999    $a FRBNF349065570000002
995    $0 0 $2 0 $4 0 $5 2005-03-22 $9 6140 $P 11.89 $b MED $c MED $e MED3E $f C0001427491 $h ALTROZZ $k Mag 8/44 972 $o 0 $p 11.89 $r PRETLIV $s MAG_8_440000000000000_972 $w 0 $y 2014-06-30

