00996nj  a2200265   4500
001 5698
003 http://www.mediathequederoubaix.fr/ark:/20179/KH5698
005 20240512070041.0
035 00 $a HZ_RBX68321
071 0  $a 796 254 2 $b EMI
090    $a 5698
091    $a 1 $b 20240512 $c 0
099    $t DC $c 2014-06-30 $d 2024-05-12 $x 9
100    $a 19       1991    k  y0frey5003    ba
101    $a fre
200    $a Revivre $b Enr. sonore $f Gérard Manset
210    $d P 1991
215    $a 1 d.c. $e 1 brochure
327    $a Tristes tropiques $a Le chant du cygne $a Le lieu désiré $a Revivre $a Capitaine courageux $a Eden bay $a Territoire del l'inini
339    $a m
606    $a Chansons françaises $x Disques $2 rameau
679    $a 099.2
700    $7 ba0yba0y $8 fre    $a Manset $b Gérard $f 1945-.... $3 12097932 $9 2360
801  0 $a FR $b 595126101 $c 20070828 $g AFNOR
995    $0 0 $2 0 $4 0 $5 2005-03-22 $9 6340 $P 17.00 $b MED $c MED $e MED3C $f C0001411288 $h AMV80ZZ $k DC/099.2 MAN $o 0 $p 17.00 $r PRETSON $s DC_099_200000000000000_MAN $w 76 $y 2020-09-01

