01204nam a2200277   4500
001 5885
003 http://www.mediathequederoubaix.fr/ark:/20179/KH5885
005 20160125004509.0
035 00 $a HZ_RBX68651
090    $a 5885
091    $a 0
099    $t LI $c 2014-06-30 $d 2014-06-30 $x 0
100    $a 19       1968    k  y0frey5003    ba
101    $a fre
200    $a Catalogue de l'histoire de France $h Tome sixième $f Bibliothèque impériale, département des imprimés
210    $a Paris $c Bibliothèque nationale $d cop. 1968
215    $a 815 p. $d 28 cm
300    $a Reproduction de l'éd. publiée de 1855 à 1895
305    $a Publiée par ordre de l'empereur
339    $a m
601 0  $9 123270 $a Bibliothèque nationale (France) $b Département des livres imprimés $x Catalogues
607    $9 141181 $a France $x Histoire $x Bibliographie
710 0  $9 123271 $a Bibliothèque nationale de France $b Département des livres imprimés
801  0 $a FR $b 595126101 $c 20070828 $g AFNOR
930    $5 595126101:C0001477145 $b 595126101 $a MAG L/P 4/206 037 $e Fonds patrimonial
995    $0 0 $2 0 $4 0 $5 2005-03-22 $9 6542 $b MED $c MED $e MED3J $f C0001477145 $h PPEFGZZ $k MAG L/P 4/206 037 $o 2 $r PRETLIV $s MAG_LP_4206_037000000000000 $w 0 $y 2014-06-30

