01045nam a2200265   4500
001 6007
003 http://www.mediathequederoubaix.fr/ark:/20179/KH6007
005 20220801040841.0
035 00 $a HZ_RBX68883
090    $a 6007
091    $a 0
099    $t LI $c 2014-06-30 $d 2022-08-01 $x 0
100    $a 19       1959    k  y0frey5003    ba
101    $a fre
200    $a Les monuments détruits de l'art français $e histoire du vandalisme $h Tome I $i Du haut Moyen Age au XIXe siècle $f Louis Réau
210    $a Paris $c Hachette $d 1959
215    $a 420 p. $c ill. $d 30 cm
225 0  $a Bibliothèque des Guides Bleus
339    $a m
410    $t Bibliothèque des Guides Bleus
606 0  $a Monuments $y France $2 rameau
700    $7 ba0yba0y $8 fre    $a Réau $b Louis $f 1881-1961 $9 58183
801  0 $a FR $b 595126101 $c 20070828 $g AFNOR
930    $5 595126101:C0001476929 $b 595126101 $a MAG L/P 4/206 083 $e Fonds patrimonial
995    $0 0 $2 0 $4 0 $5 2005-03-22 $9 6689 $b MED $c MED $e MED3J $f C0001476929 $h PPEFGZZ $k MAG L/P 4/206 083 $o 2 $r PRETLIV $s MAG_LP_4206_083000000000000 $w 0 $y 2014-06-30

