01013nam a2200265   4500
001 6166
003 http://www.mediathequederoubaix.fr/ark:/20179/KH6166
005 20180719174840.0
035 00 $a HZ_RBX69139
090    $a 6166
091    $a 0
099    $t LI $c 2014-06-30 $d 2014-06-30 $x 0
100    $a 19       1960    k  y0frey5003    ba
101    $a fre
200    $a Atlas d'histologie animale $f J. Corset,... $g préf. de R. Balland,...
210    $a Paris $c Boubée $d 1960
215    $a XV-192 p. $c ill., couv. ill. $d 32 cm
307    $a 336 microphotographies et 97 dessins ou schémas explicatifs en noir
339    $a m
606 0  $9 237320 $a Animaux $x Histologie
700 0  $9 279663 $a Corset $b Jean
702 0  $9 151594 $4 080 $a Balland $b René
801  0 $a FR $b 595126101 $c 20070828 $g AFNOR
930    $5 595126101:C0001532482 $b 595126101 $a MAG L/P 4/206 123 $e Fonds patrimonial
995    $0 0 $2 0 $4 0 $5 2005-03-22 $9 6885 $b MED $c MED $e MED3J $f C0001532482 $h PPEFGZZ $k MAG L/P 4/206 123 $o 2 $r PRETLIV $s MAG_LP_4206_123000000000000 $w 0 $y 2014-06-30

