01327nam a2200313   4500
001 6298
003 http://www.mediathequederoubaix.fr/ark:/20179/KH6298
005 20220924073713.0
035 00 $a HZ_RBX69317
090    $a 6298
091    $a 0
099    $t LI $c 2014-06-30 $d 2022-09-24 $x 0
100    $a 19       1960    k  y0frey5003    ba
101    $a fre
200    $a Atlas de l'antiquité chrétienne $f F. Van der Meer, Christine Mohrmann $g trad. de Denise Van Weelderen-Bakelants et Pierre Golliet $g préf. de Henri-Irénée Marrou,...
210    $a Paris $a Bruxelles $c Sequoia $d cop. 1960
215    $a 216 p. $c cartes, ill. en noir et en coul. $d 36 cm
305    $a Rel. cartonnée
320    $a Index.
339    $a m
606 0  $a Antiquités chrétiennes $x Atlas $2 rameau
700 0  $9 151730 $a Van der Meer $b Frédéric
701 0  $9 151731 $a Mohrmann $b Christine
702 0  $9 151732 $4 730 $a Van Weelderen-Bakelants $b Denise
702 0  $9 151733 $4 730 $a Golliet $b Pierre
702    $7 ba0yba0y $8 fre    $a Marrou $b Henri-Irénée $f 1904-1977 $4 080 $9 283891
801  0 $a FR $b 595126101 $c 20070828 $g AFNOR
930    $5 595126101:C0001470648 $b 595126101 $a MAGL/P Fol/300 452 $e Fonds patrimonial
995    $0 0 $2 0 $4 0 $5 2005-03-22 $9 7033 $b MED $c MED $e MED3K $f C0001470648 $h PPEFGZZ $k MAGL/P Fol/300 452 $o 2 $r PRETLIV $s MAGLP_FOL300_452_0000000000000 $w 0 $y 2014-06-30

