01296nam a2200361   4500
001 6431
003 http://www.mediathequederoubaix.fr/ark:/20179/KH6431
010    $a 2-07-022519-4 $b Br. $d 90 F
020    $a FR $b 08216367
033    $a http://catalogue.bnf.fr/ark:/12148/cb34689420h
035    $a FRBNF346894200000001
039    $o OPL $a 001601744
090    $a 6431
091    $b 20240512 $c 1 $a 2
099    $t LI $c 2014-06-30 $d 2024-05-12 $x 0
100    $a 19821004d1982    m  y0frey50      ba
101 0  $a fre
102    $a FR
105    $a ||||z   00|a|
106    $a r
181  0 $6 01 $a i  $b xxxe  
181    $6 02 $c txt $2 rdacontent
182  0 $6 01 $a n
182    $6 02 $c n $2 rdamedia
200 1  $a Le Photographe $b Texte imprimé $e roman $f Paul Savatier
210    $a [Paris] $c Gallimard $d 1982 $e 18-Saint-Amand $g Impr. S.E.P.C.
215    $a 358 p. $d 21 cm
339    $a m
686    $a 83  $2 Cadre de classement de la Bibliographie nationale française
700    $3 11923841 $9 6215 $o ISNI0000000081781611 $a Savatier $b Paul $4 070
801  0 $a FR $b FR-751131015 $c 19821004 $g AFNOR $h FRBNF346894200000001 $2 intermrc
999    $a FRBNF346894200000001
995    $0 0 $2 0 $4 0 $5 2005-03-22 $9 7176 $P 13.72 $b MED $c MED $e MED3E $f C0001543865 $h ALTROZZ $k Mag 8/44 829 $o 0 $p 13.72 $r PRETLIV $s MAG_8_440000000000000_829 $w 3 $y 2014-06-30

