01496nj  a2200289   4500
001 6618
003 http://www.mediathequederoubaix.fr/ark:/20179/KH6618
005 20240512070607.0
035 00 $a HZ_RBX69800
071 0  $b DECCA $a 430 751-2
090    $a 6618
091    $a 1 $b 20240512 $c 0
099    $t DC $c 2014-06-30 $d 2024-05-12 $x 16
100    $a 19       1983    k  y0frey5003    ba
101    $a fre
200    $a Waltzes $b Enr. sonore $a Nocturnes $f Frédéric Chopin, mus. $g Vladimir Ashkenazy, p
210    $d P 1983 à 1985
215    $a 1 d.c. $e 1 brochure (14 p.) ; 12 cm.
327    $a Waltzes : E flat major "Grande valse brillante", op. 18 $a A minor, op.34 no.2 $a F major, op.34 no.3 $a A flat major, op.42 $a A flat major, op.69 no.1 $a B minor, op.69 no.2 $a G flat major, op.70 no.1 $a F minor, op.70 no.2 $a D flat major, op.70 no.3 $a E minor, op. posth. $a Nocturnes : E flat major, op.9 no.2 $a F sharp major, op.15 no.2 $a C sharp minor, op.27 no.1 $a D flat major op.27 no.2 $a B major, op.32 no.2 $a G major, op.37 no.2
339    $a m
606    $a Valses (piano) $x Disques $2 rameau
606    $a Musique romantique (19e siècle) $x Disques $2 rameau
679    $a 3 $c 11.11
700    $7 ba0yba0y $8 fre    $a Chopin $b Frédéric $f 1810-1849 $3 13892469 $9 177
702 0  $a Ashkenazy $b Vladimir $f 1937-....
801  0 $a FR $b 595126101 $c 20070828 $g AFNOR
995    $0 0 $2 0 $4 1 $5 2005-03-22 $9 7394 $P 12.07 $b MED $c MED $e MED1A $f C0001536452 $h AMV30ZZ $k DC/3 CHO PIANO $o -4 $p 12.07 $r PRETSON $s DC_3_000000000000000_CHO_PIANO $w 66 $y 2024-04-16 $7  $8  $A 0 $m  $z 

