01315nam a22003373n 4500
001 6838
003 http://www.mediathequederoubaix.fr/ark:/20179/KH6838
033    $a http://catalogue.bnf.fr/ark:/12148/cb33168837p
035    $a FRBNF331688370000003
039    $o CRI $a LX001904950709P 
090    $a 6838
091    $a 2 $b 20240512 $c 1
099    $t LI $c 2014-06-30 $d 2024-05-12 $x 0
100    $a 19970701d1968    m  y0frey50      ba
101 0  $a fre
102    $a FR
105    $a ||||z   00|||
106    $a r
181  0 $6 01 $a i  $b xxxe  
181    $6 02 $c txt $2 rdacontent
182  0 $6 01 $a n
182    $6 02 $c n $2 rdamedia
200 1  $a La Nuit de longtemps $b Texte imprimé $f Marcel Schneider
210    $a Paris $c B. Grasset $d 1968
215    $a In-16 (19 cm), 175 p. 12 F. [D. L. 815-69]
339    $a m
700    $3 11924082 $9 6594 $o ISNI0000000120984332 $a Schneider $b Marcel $4 070
801  0 $a FR $b FR-751131015 $c 19970701 $g AFNOR $h FRBNF331688370000003 $2 intermrc
999    $a FRBNF331688370000003
995    $0 0 $2 0 $4 0 $5 2005-03-22 $9 7629 $P 24.00 $b MED $c MED $e MED3E $f C0001657208 $h ALTROZZ $k Mag 8/44 833 $o 0 $p 24.00 $r PRETLIV $s MAG_8_440000000000000_833 $w 0 $y 2014-06-30
995    $0 0 $2 0 $4 0 $5 2005-03-22 $9 7630 $P 24.00 $b MED $c MED $e MED3E $f C0002649606 $h ALTROZZ $k Mag 8/28 217 $o 0 $p 24.00 $r PRETLIV $s MAG_8_280000000000000_217 $w 0 $y 2014-06-30

