01311cam a2200361   4500
001 7029
003 http://www.mediathequederoubaix.fr/ark:/20179/KH7029
010    $a 2-07-028695-9 $b br. $d 35 F
020    $a FR $b 07909773
033    $a http://catalogue.bnf.fr/ark:/12148/cb346186164
035    $a FRBNF34618616000000X
039    $o OPL $a 000773876
090    $a 7029
091    $b 20240512 $c 1 $a 2
099    $t LI $c 2014-06-30 $d 2024-05-12 $x 0
100    $a 19790607d1979    m  y0frey50      ba
101 0  $a fre
102    $a FR
105    $a ||||z   00|a|
106    $a r
181  0 $6 01 $a i  $b xxxe  
181    $6 02 $c txt $2 rdacontent
182  0 $6 01 $a n
182    $6 02 $c n $2 rdamedia
200 1  $a La Lumière sur le mur $b Texte imprimé $e [nouvelles] $f Geneviève Serreau
210    $a [Paris] $c Gallimard $d 1979 $e 53-Mayenne $g impr. Floch
215    $a 162 p. $d 21 cm
339    $a m
686    $a 823 $2 Cadre de classement de la Bibliographie nationale française
700    $3 11924502 $9 6999 $o ISNI0000000108877673 $a Serreau $b Geneviève $4 070
801  0 $a FR $b FR-751131015 $c 19790607 $g AFNOR $h FRBNF34618616000000X $2 intermrc
999    $a FRBNF34618616000000X
995    $0 0 $2 0 $4 0 $5 2005-03-22 $9 7830 $P 5.34 $b MED $c MED $e MED3E $f C0001659022 $h ALTROZZ $k Mag 8/44 757 $o 0 $p 5.34 $r PRETLIV $s MAG_8_440000000000000_757 $w 0 $y 2014-06-30

