01300nj  a2200277   4500
001 7192
003 http://www.mediathequederoubaix.fr/ark:/20179/KH7192
005 20240512071051.0
035 00 $a HZ_RBX70797
071 0  $b Versailles $a VER 481303 2
090    $a 7192
091    $a 1 $b 20240512 $c 0
099    $t DC $c 2014-06-30 $d 2024-05-12 $x 35
100    $a 19       1995    k  y0frey5003    ba
101    $a fre
200    $a Les premières années $b Enr. sonore $f Céline Dion
210    $d Cop. 1995
215    $a 1 d.c.
305    $a Enr. 1982 - 1987
327    $a D'amour ou d'amitié $a Visa pour les beaux jours $a En amour $a Les oiseaux du bonheur $a Tellement j'ai d'amour pour toi $a La religieuse $a C'est pour toi $a Ne partez pas sans moi : Grand Prix Eurovision 1988 $a Mon ami m'a quittée $a Avec toi $a Mon rêve de toujours $a Du soleil au cœur $a A quatre pas d'ici $a Un amour pour moi $a Billy $a Comment t'aimer $a Je ne veux pas $a C'est pour vivre
339    $a m
606    $a Chansons françaises $y Canada $x Disques $2 rameau
679    $a 063.2
700    $7 ba0yba0y $8 fre    $a Dion $b Céline $f 1968-.... $3 13893295 $9 3773
801  0 $a FR $b 595126101 $c 20070828 $g AFNOR
995    $0 0 $2 0 $4 0 $5 2005-03-22 $9 8001 $P 16.92 $b MED $c MED $e MED1A $f C0001550113 $h AMV29ZZ $k DC/6 DIO $o 0 $p 16.92 $r PRETSON $s DC_6_000000000000000_DIO $w 263 $y 2023-07-29 $A 0

