01124nj  a2200277   4500
001 7390
003 http://www.mediathequederoubaix.fr/ark:/20179/KH7390
005 20240512071113.0
035 00 $a HZ_RBX71239
071 0  $b Verve $a 529 828-2
090    $a 7390
091    $a 1 $b 20240512 $c 0
099    $t DC $c 2014-06-30 $d 2024-05-12 $x 5
100    $a 19       1995    k  y0frey5003    ba
101    $a fre
200    $a The promise $b Enr. sonore $f John Mc Laughlin, electr. guit. $g Tony Humas, claviers $g Pino Palladino, cb
210    $d P 1995
215    $a 1 d.c. $e 1 dépl.
327    $a Django $a Thelonius melodius $a Amy and Joseph $a No return $a El ciego $a Jazz jungle $a The wish $a English jam $a Tokyo decadence $a Shin jin rui $a The peacocks
339    $a m
606    $a Jazz $y Etats-Unis $x Disques $2 rameau
606    $7 ba0yba0y $8 fre    $3 11973040 $9 604 $a Guitare, Musique de (jazz) $x Disques $2 rameau
679    $a 1
700 0  $a MacLaughlin $b John
801  0 $a FR $b 595126101 $c 20070828 $g AFNOR
995    $0 0 $2 0 $4 0 $5 2005-03-22 $9 8212 $P 17.82 $b MED $c MED $e MED1A $f C0001550367 $h AMV13ZZ $k DC/1 MAC $o 0 $p 17.82 $r PRETSON $s DC_1_000000000000000_MAC $w 39 $y 2023-09-30 $A 0

