01015nam a2200253   4500
001 7602
003 http://www.mediathequederoubaix.fr/ark:/20179/KH7602
005 20220914054316.0
035 00 $a HZ_RBX71575
090    $a 7602
091    $a 0
099    $t LI $c 2014-06-30 $d 2022-09-14 $x 0
100    $a 19       1964    k  y0frey5003    ba
101    $a fre
200    $a Dictionnaire encyclopédique Quillet $h I $i A-Chas $f sous la dir. de Raoul Mortier
205    $a Nouv. éd. entièrement remaniée
210    $a Paris $c A. Quillet $d 1964
215    $a XXII-1071 p. $c ill. en noir et en coul. $d 29 cm
339    $a m
606    $7 ba0yba0y $8 fre    $a Encyclopédies et dictionnaires français $9 5294
702 0  $9 279858 $a Mortier $b Raoul $f 1881-1951 $4 340
801  0 $a FR $b 595126101 $c 20070828 $g AFNOR
930    $5 595126101:C0001533226 $b 595126101 $a MAG L/P 4/206 273 $e Fonds patrimonial
995    $0 0 $2 0 $4 0 $5 2005-03-22 $9 8433 $b MED $c MED $e MED3J $f C0001533226 $h PPEFGZZ $k MAG L/P 4/206 273 $o 2 $r PRETLIV $s MAG_LP_4206_273000000000000 $w 0 $y 2014-06-30

