00902nam a2200241   4500
001 7765
003 http://www.mediathequederoubaix.fr/ark:/20179/KH7765
005 20220507044144.0
035 00 $a HZ_RBX71854
090    $a 7765
091    $a 0
099    $t LI $c 2014-06-30 $d 2022-05-07 $x 0
100    $a 19       1959    k  y0frey5003    ba
101    $a fre
200    $a L'art grec $f par Jean Charbonneaux,...
210    $a Paris $c C. Massin $d [1959]
215    $a 15 p., 36 f. de pl. $c ill. en noir et en coul. $d 28 cm
339    $a m
606    $7 ba0yba0y $8 fre    $a Art $y Grèce $9 72690
700 0  $9 279887 $a Charbonneaux $b Jean $f 1895-1969
801  0 $a FR $b 595126101 $c 20070828 $g AFNOR
930    $5 595126101:C0001534230 $b 595126101 $a MAG L/P 4/206 330 $e Fonds patrimonial
995    $0 0 $2 0 $4 0 $5 2005-03-22 $9 8618 $b MED $c MED $e MED3J $f C0001534230 $h PPEFGZZ $k MAG L/P 4/206 330 $o 2 $r PRETLIV $s MAG_LP_4206_330000000000000 $w 0 $y 2014-06-30

