01582nam a2200337   4500
001 7962
003 http://www.mediathequederoubaix.fr/ark:/20179/KH7962
005 20220901050859.0
010    $a 2-908271-16-8
033    $a http://catalogue.bnf.fr/ark:/12148/cb366845487
035 00 $a HZ_RBX72187
090    $a 7962
091    $a 0
099    $t LI $c 2014-06-30 $d 2022-09-01 $x 0
100    $a 19       1995    k  y0frey5003    ba
101    $a fre
200    $a Dunkerque $e dunes, briques et béton $f réal. par le Service régional de l'inventaire général, direction régionale des affaires culturelles du Nord Pas-de-Calais $g textes Anne Bonduelle, Pierre-Yves Corbel, Nicolas Faucherre,..[et.al.] $g photogr. Philippe Dapvril $g dessins et cartogr. Eddy Stein, Régis Dutreuil
210    $a Lille $c Association C. Dieudonné $d 1995
215    $a 303 p. $c ill. en noir et en coul., couv. ill. en coul. $d 28 cm
225 0  $a Cahiers du patrimoine $v 41
320    $a Bibliogr. Index
339    $a m
410    $t Cahiers du patrimoine $v 41
607    $7 ba0yba0y $8 fre    $a Dunkerque (Nord, France) $9 44806
702 0  $9 152513 $a Bonduelle $b Anne
702 0  $9 152514 $4 070 $a Corbel $b Pierre-Yves
702 0  $9 152515 $4 070 $a Faucherre $b Nicolas
702    $4 600 $7 ba0yba0y $8 fre    $a Dapvril $b Philippe $9 80821
801  0 $a FR $b 595126101 $c 20070828 $g AFNOR
930    $5 595126101:C0001542631 $b 595126101 $a MAG L/P 4/206 397 $e Fonds patrimonial
995    $0 0 $2 0 $4 0 $5 2005-03-22 $9 8823 $P 64.03 $b MED $c MED $e MED3J $f C0001542631 $h PPEFGZZ $k MAG L/P 4/206 397 $o 2 $p 64.03 $r PRETLIV $s MAG_LP_4206_397000000000000 $w 0 $y 2014-06-30

