01886cam a2200433   4500
001 8152
003 http://www.mediathequederoubaix.fr/ark:/20179/KH8152
010    $b Le vol. rel. $d 155 F
020    $a FR $b 07906410
033    $a http://catalogue.bnf.fr/ark:/12148/cb346149269
035    $a FRBNF346149260000004
039    $o OPL $a 000733593
090    $a 8152
091    $b 20240512 $c 1 $a 2
099    $t LI $c 2014-06-30 $d 2024-05-12 $x 0
100    $a 19790329d1978    m  y0frey50      ba
101 0  $a fre
102    $a FR
105    $a a   z   00|a|
106    $a r
181  0 $6 01 $a i  $b xxxe   $a b  $b xb2e  
181    $6 02 $c txt $c sti $2 rdacontent
182  0 $6 01 $a n
182    $6 02 $c n $2 rdamedia
200 1  $a Le Sphinx des glaces $b Texte imprimé $f Jules Verne $g [illustré par George Roux] $a Hier et demain $g [illustré par L. Benett, F. de Myrbach et George Roux]
210    $a Paris $c M. de L'Ormeraie $d 1978 $e 86-Poitiers $g impr. Aubin
215    $a 2 vol., 546 p. $c ill., couv. ill. en coul. $d 28 cm
225 19 $a Voyages extraordinaires... $v [26]
339    $a m
423  0 $t Hier et demain
493    $1 Voyages extraordinaires / Jules Verne . $1 M. de l'Ormeraie , 197...-197... .
686    $a 820 $2 Cadre de classement de la Bibliographie nationale française
700    $3 11928016 $9 1218 $o ISNI0000000121400562 $a Verne $b Jules $f 1828-1905 $4 070
702    $3 11891191 $9 1219 $o ISNI0000000116581880 $a Benett $b Léon $f 1839-1916 $4 440
702    $3 12431064 $9 7852 $o ISNI0000000116138862 $a Myrbach-Rheinfeld $b Felician von $f 1853-1940 $4 440
702    $3 11922970 $9 7849 $o ISNI0000000449345982 $a Roux $b George $f 1854-1929 $4 440
801  0 $a FR $b FR-751131015 $c 19790329 $g AFNOR $h FRBNF346149260000004 $2 intermrc
999    $a FRBNF346149260000004
995    $0 0 $2 0 $4 0 $5 2005-03-22 $9 9038 $P 23.63 $b MED $c MED $e MED3F $f C0001588645 $h ALTROZZ $k Mag 4/7634 $o 0 $p 23.63 $r PRETLIV $s MAG_4_763400000000000 $w 11 $y 2008-08-07

