01665cam a22004093  4500
001 8342
003 http://www.mediathequederoubaix.fr/ark:/20179/KH8342
010    $a 2-8036-0482-5 $b rel. $d 33,50 F
020    $a FR $b 08609330
033    $a http://catalogue.bnf.fr/ark:/12148/cb34840584c
035    $a FRBNF348405840000004
039    $o OPL $a 003666858
073  0 $a 9782803604821 $2 ALS
090    $a 8342
091    $b 20240512 $c 1 $a 2
099    $t LI $c 2014-06-30 $d 2024-05-12 $x 10
100    $a 19840420d1985    a  y0frey50      ba
101 0  $a fre
102    $a FR
105    $a ||||z   00|a|
106    $a r
181  0 $6 01 $a i  $b xxxe   $a b  $b xb2e  
181    $6 02 $c txt $c sti $2 rdacontent
182  0 $6 01 $a n
182    $6 02 $c n $2 rdamedia
200 1  $a Alinoë $b Texte imprimé $e une histoire du journal " Tintin " $f [dessins de] Rosinski, [scénario de] Van Hamme
210    $a Bruxelles $a Paris $c Éd. du Lombard $d 1985 $g Impr. en Belgique
215    $a 1 vol. (48 p.) $c ill. en coul., couv. ill. en coul. $d 30 cm
225 19 $a Thorgal $v 8
339    $a a
608    $a Bandes dessinées $2 CNLJ $k Avis critique donné par le Centre national de la littérature pour la jeunesse
686    $a 83 $2 Cadre de classement de la Bibliographie nationale française
700    $3 11922632 $9 308497 $o ISNI0000000120314638 $a Rosinski $f 1941-.... $4 440
702    $3 11927594 $9 5511 $o ISNI0000000121441030 $a Van Hamme $b Jean $f 1939-.... $4 070
801  0 $a FR $b FR-751131015 $c 19840420 $g AFNOR $h FRBNF348405840000004 $2 intermrc
999    $a FRBNF348405840000004
995    $0 0 $2 0 $4 0 $5 2005-03-22 $9 9252 $P 8.60 $b MED $c MED $e MED0C $f C0003972874 $h AAPBDSR $k BD/P $o 0 $p 8.60 $r PRETLIV $s BD_P $w 17 $y 2023-10-15

