01338nam a2200313   4500
001 8526
003 http://www.mediathequederoubaix.fr/ark:/20179/KH8526
005 20220809041202.0
035 00 $a HZ_RBX73300
090    $a 8526
091    $a 0
099    $t LI $c 2014-06-30 $d 2022-08-09 $x 0
100    $a 19       1967    k  y0frey5003    ba
101    $a fre
200    $a La Lozère $f [sous la dir. de Jacques Delmas] $g [photogr. de Claude Breteau, Edouard Legros et J.-F. Vulliez]
210    $a Bordeaux $c J. Delmas $d 1967
215    $a 131 p. $c ill. en noir et en coul., couv. ill. en coul. $d 27 cm
225 0  $a Richesses de France $v 70
315    $a Richesses de France, revue du tourisme, de l'économie et des arts, n7̊0 de 1967
339    $a m
410    $t Richesses de France $v 70
607    $9 141323 $a Lozère (France) $x Ouvrages illustrés
702    $7 ba0yba0y $8 fre    $a Chaban-Delmas $b Jacques $f 1915-2000 $4 340 $9 279610
702 0  $9 151462 $4 600 $a Breteau $b Claude
702 0  $9 152745 $4 600 $a Legros $b Edouard
702 0  $9 152746 $4 600 $a Vulliez $b Jean-François
801  0 $a FR $b 595126101 $c 20070828 $g AFNOR
930    $5 595126101:C0001475834 $b 595126101 $a MAG L/P 4/206 436 $e Fonds patrimonial
995    $0 0 $2 0 $4 0 $5 2005-03-23 $9 9453 $b MED $c MED $e MED3J $f C0001475834 $h PPEFGZZ $k MAG L/P 4/206 436 $o 2 $r PRETLIV $s MAG_LP_4206_436000000000000 $w 0 $y 2014-06-30

