00901na  a2200265   4500
001 8714
003 http://www.mediathequederoubaix.fr/ark:/20179/KH8714
005 20240512071702.0
010    $a 2-7287-0296-9
035 00 $a HZ_RBX73690
090    $a 8714
091    $a 2 $b 20240512 $c 0
099    $t LI $c 2014-06-30 $d 2024-05-12 $x 0
100    $a 19       1981    k  y0frey5003    ba
101    $a fre
200    $a Le seigneur du fleuve $h Tome 1 $f Bernard Clavel
205    $a Ed. en gros caractères
210    $a [S.l.] $c L.-O. Four $d 1981
215    $a 167 p. $d 22 cm
225 0  $a Large Vision
339    $a m
410    $t Large Vision
700    $7 ba0yba0y $8 fre    $a Clavel $b Bernard $f 1923-2010 $3 11896980 $9 148
801  0 $a FR $b 595126101 $c 20101006 $g AFNOR
995    $0 0 $2 0 $4 0 $5 2005-03-23 $9 9650 $P 18.29 $b MED $c MED $e MED3E $f C0001607643 $h ALTROZZ $k Mag 8/41 373 $o 0 $p 18.29 $r PRETLIV $s MAG_8_410000000000000_373 $w 0 $y 2014-06-30

