01027nam a2200253   4500
001 8864
003 http://www.mediathequederoubaix.fr/ark:/20179/KH8864
005 20160125022302.0
035 00 $a HZ_RBX73917
090    $a 8864
091    $a 0
099    $t LI $c 2014-06-30 $d 2014-06-30 $x 0
100    $a 19       1889    k  y0frey5003    ba
101    $a fre
200    $a Rapport sur les travaux des caisses d'épargne à l'exposition universelle 1889 $f Frémont,... $g [caisse d'épargne de Roubaix]
210    $a Roubaix (Nord) $c J. Martin-Frémont $d [1889]
215    $a 6 p. $d 26 cm
339    $a m
606 0  $9 237876 $a Caisses d'épargne $y France
700 0  $9 152874 $a Frémont
712 0  $9 123179 $a Caisse d'épargne et de prévoyance $c Roubaix, Nord $c roubaisien $x Anniversaires
801  0 $a FR $b 595126101 $c 20070828 $g AFNOR
930    $5 595126101:C0001472551 $b 595126101 $a RES 4/359 $e Fonds patrimonial
995    $0 0 $2 0 $4 0 $5 2005-03-23 $9 9823 $b MED $c MED $e MED3P $f C0001472551 $h PPEFGZZ $k RES 4/359 $o 2 $r PRETLIV $s RES_4359_000000000000000 $w 0 $y 2014-06-30

