01317nam a2200301   4500
001 9026
003 http://www.mediathequederoubaix.fr/ark:/20179/KH9026
005 20220809041202.0
035 00 $a HZ_RBX74248
090    $a 9026
091    $a 0
099    $t LI $c 2014-06-30 $d 2022-08-09 $x 0
100    $a 19       1949    k  y0frey5003    ba
101    $a fre
200    $a Agen et sa région $e Villeneuve-sur-Lot, Marmande, Nérac $f [par R. Roubet,..., A. Bastoul,..., A. Pain,..., [et.al] $g [dir. Jacques Delmas]
210    $a Bordeaux $c J. Delmas $d 1949
215    $a 184 p. $c ill. $d 28 cm
305    $a Edité à l'occasion du IIè Congrès national de la prune et du pruneau
315    $a Revue économique trimestrielle n ̊1, 1er trimestre 1949
339    $a m
607    $9 141356 $a Agen (Lot-et-Garonne ; région) $x Ouvrages illustrés
702 0  $9 152963 $4 070 $a Roubet $b Rodolphe
702 0  $9 152964 $4 070 $a Bastoul $b Armand
702 0  $9 152965 $4 070 $a Pain $b Alexis
702    $7 ba0yba0y $8 fre    $a Chaban-Delmas $b Jacques $f 1915-2000 $4 340 $9 279610
801  0 $a FR $b 595126101 $c 20070828 $g AFNOR
930    $5 595126101:C0001596347 $b 595126101 $a MAG L/P 4/206 548 $e Fonds patrimonial
995    $0 0 $2 0 $4 0 $5 2005-03-23 $9 9992 $b MED $c MED $e MED3J $f C0001596347 $h PPEFGZZ $k MAG L/P 4/206 548 $o 2 $r PRETLIV $s MAG_LP_4206_548000000000000 $w 0 $y 2014-06-30

