01729cam a2200433   4500
001 9254
003 http://www.mediathequederoubaix.fr/ark:/20179/KH9254
010    $a 2-05-101421-3 $b rel.
033    $a http://catalogue.bnf.fr/ark:/12148/cb37483999s
035    $a FRBNF374839990000001
039    $o GEA $a 003296782
090    $a 9254
091    $a 2 $b 20240512 $c 1
099    $t LI $c 2014-06-30 $d 2024-05-12 $x 0
100    $a 19980609d1995    m  y0frey50      ba
101 0  $a fre
102    $a CH
105    $a ||||z   00|a|
106    $a r
181  0 $6 01 $a i  $b xxxe  
181    $6 02 $c txt $2 rdacontent
182  0 $6 01 $a n
182    $6 02 $c n $2 rdamedia
200 1  $a Gamiani ou Deux nuits d'excès $b Texte imprimé $e texte intégral $f présentation de Jacques Duprilot $g lithographies d'Achille Deveria
210    $a Paris $a Genève $c Slatkine $d 1995
215    $a 125 p.-[15] f. de pl. en coul. $c couv. ill. en coul. $d 18 cm
225    $a Fleuron $v 43
300    $a Livre attribué à A. de Musset
339    $a m
410  0 $0 34288158 $t Fleuron $x 1420-1666 $v 43
500 11 $3 17031300 $9 297255 $a Gamiani ou Deux nuits d'excès $m français $k 1995
517 1  $a Deux nuits d'excès
676    $a 841.7 $v 23
700    $3 11917290 $9 8897 $o ISNI0000000121334059 $a Musset $b Alfred de $f 1810-1857 $4 070
702    $3 11901244 $9 297253 $o ISNI0000000024575985 $a Duprilot $b Jacques $4 080
702    $3 11899975 $9 297254 $o ISNI0000000083557146 $a Devéria $b Achille $f 1800-1857 $4 440
801  0 $a FR $b FR-751131015 $c 19980609 $g AFNOR $h FRBNF374839990000001 $2 intermrc
999    $a FRBNF374839990000001
995    $0 0 $2 0 $4 0 $5 2005-03-23 $9 10226 $P 6.86 $b MED $c MED $e MED3E $f C0001629792 $h ALTROZZ $k Mag 8/40 250 $o 0 $p 6.86 $r PRETLIV $s MAG_8_400000000000000_250 $w 3 $y 2014-06-30

