01215nj  a2200265   4500
001 9411
003 http://www.mediathequederoubaix.fr/ark:/20179/KH9411
005 20240512072138.0
035 00 $a HZ_RBX75140
071 0  $a FB 95
090    $a 9411
091    $a 1 $b 20240512 $c 0
099    $t DC $c 2014-06-30 $d 2024-05-12 $x 0
100    $a 19       1995    k  y0frey5003    ba
101    $a fre
200    $a Airs célèbres $b Enr. sonore $f Paul Falentin, trp. $g Jean-Michel Bachelet, org.
210    $d 1995
215    $a 1 d.c.
327    $a Romance/ Ludwig Van Beethoven $a Adagio/ Benedetto Marcello $a Valse/ Johannes Brahms $a Adagio/ Tomaso Albinoni $a Choral/ Johann-Sebastian Bach $a Partita/ Georg Bœhm $a Ave Maria / Franz Schubert $a Sérénade/ Franz Schubert $a Aria/ Johann-Sebastian Bach $a Jésus que ma joie demeure/ Johann-Sebastian Bach $a Andante/ Vicenzo Bellini
339    $a m
700 0  $a Falentin $b Paul
701 0  $a Bachelet $b Jean-Michel
801  0 $a FR $b 595126101 $c 20050323 $g AFNOR
930    $5 595126101:C0001557602 $b 595126101 $a FLRSON DC/660 $e Fonds local et régional sonore
995    $0 0 $2 0 $4 0 $5 2005-03-23 $9 10390 $P 0.14 $b MED $c MED $e MED3C $f C0001557602 $h PENRSZZ $k FLRSON DC/660 $o 2 $p 0.14 $r PRETSON $s FLRSON_DC660 $w 0 $y 2014-06-30

