00817nj  a2200217   4500
001 9543
003 http://www.mediathequederoubaix.fr/ark:/20179/KH9543
005 20240513041921.0
035 00 $a HZ_RBX75390
071 0  $b Meys $a 10 062
090    $a 9543
091    $a 1 $b 20240513 $c 0
099    $t DV $c 2014-06-30 $d 2024-05-13 $x 0
100    $a 19               k  y0frey5003    ba
101    $a fre
200    $a Chanson d'amour $b Enr. sonore
339    $a m
700    $7 ba0yba0y $8 fre    $a Colombo $b Pia $f 1934-1986 $3 13938592 $9 9106
801  0 $a FR $b 595126101 $c 20050323 $g AFNOR
930    $5 595126101:C0001638076 $b 595126101 $a FLRSON 17/2771 $e Fonds local et régional sonore
995    $0 0 $2 0 $4 0 $5 2005-03-23 $9 10526 $P 18.29 $b MED $c MED $e MED3C $f C0001638076 $h PENRSZZ $k FLRSON 17/2771 $o 2 $p 18.29 $r PRETSON $s FLRSON_172771_000000000000000 $w 0 $y 2014-06-30

