00963nam a2200265   4500
001 9719
003 http://www.mediathequederoubaix.fr/ark:/20179/KH9719
005 20160919092920.0
035 00 $a HZ_RBX75695
090    $a 9719
091    $a 0
099    $t LI $c 2014-06-30 $d 2014-06-30 $x 0
100    $a 19       1959    k  y0frey5003    ba
101    $a fre
200    $a Cahiers des arts et techniques d'Afrique du Nord $f [préf. J. Revault]
210    $a Toulouse $c Privat $d 1959
215    $a 145 p. $c ill. $d 32 cm
320    $a Bibliogr.
339    $a m
606 0  $9 60439 $7 ba0yba0y $8 fre    $a Teinture
606 0  $9 238020 $a Habitations $y Afrique du Nord
702 0  $9 153300 $4 080 $a Revault $b J.
801  0 $a FR $b 595126101 $c 20070903 $g AFNOR
930    $5 595126101:C0001586148 $b 595126101 $a MAG L/P 4/206 645 $e Fonds patrimonial
995    $0 0 $2 0 $4 0 $5 2005-03-23 $9 10715 $b MED $c MED $e MED3J $f C0001586148 $h PPEFGZZ $k MAG L/P 4/206 645 $o 2 $r PRETLIV $s MAG_LP_4206_645000000000000 $w 0 $y 2014-06-30

