01290nj  a2200289   4500
001 9909
003 http://www.mediathequederoubaix.fr/ark:/20179/KH9909
005 20240513042015.0
035 00 $a HZ_RBX76075
071 0  $b Teldec $a 2292-46018-2
090    $a 9909
091    $a 1 $b 20240513 $c 0
099    $t DC $c 2014-06-30 $d 2024-05-13 $x 7
100    $a 19       1990    k  y0frey5003    ba
101    $a fre
200    $a Symphonie N ̊6 en ré majeur "Le matin" $b Enr. sonore $a Symphonie N ̊7 en ut majeur "Le midi" $a Symphonie N ̊8 en sol majeur "le soir" $f Joseph Haydn, mus. $g Concentus musicus Wien $g Nikolaus Harnoncourt, dir.
210    $d P 1990
215    $a 1 d.c. $e 1 brochure (27 p. : ill. ; 12 cm)
339    $a m
606    $a Symphonies $x Disques $2 rameau
606    $a Classicisme viennois (18e siècle) $x Disques $2 rameau
679    $a 3 $c 24
700 0  $7 ba0yba0y $8 fre    $7 ba0yba0y $8 fre    $a Haydn $b Joseph $f 1732-1809
702    $7 ba0yba0y $8 fre    $a Harnoncourt $b Nikolaus $f 1929-2016 $3 13894968 $4 250 $9 6508
712    $7 ba0yba0y $8 fre    $a Concentus musicus Wien $3 13902653 $9 6509
801  0 $a FR $b 595126101 $c 20070828 $g AFNOR
995    $0 0 $2 0 $4 0 $5 2005-03-23 $9 10946 $P 17.29 $b MED $c MED $e MED1A $f C0001432030 $h AMV30ZZ $k DC/3 HAY SYMPHONIE $o 0 $p 17.29 $r PRETSON $s DC_3_000000000000000_HAY_SYMPH $w 39 $y 2023-04-28

