01669nam a2200409   4500
001 10058
003 http://www.mediathequederoubaix.fr/ark:/20179/KH10058
010    $a 2-249-27810-5 $b rel. $d 169 F
020    $a FR $b 09011897
033    $a http://catalogue.bnf.fr/ark:/12148/cb35061288b
035    $a FRBNF350612880000009
039    $o OPL $a 007646454
090    $a 10058
091    $b 20240513 $c 1 $a 2
099    $t LI $c 2014-06-30 $d 2024-05-13 $x 2
100    $a 19900307d1989    m  y0frey50      ba
101 0  $a fre
102    $a FR
105    $a a   z   00|y|
106    $a r
181  0 $6 01 $a i  $b xxxe   $a b  $b xb2e  
181    $6 02 $c txt $c sti $2 rdacontent
182  0 $6 01 $a n
182    $6 02 $c n $2 rdamedia
200 1  $a La Peinture en trompe-l'oeil $b Texte imprimé $f Cadiou, Gilou
210    $a Paris $c Dessain et Tolra $d 1989 $e Impr. en Espagne
215    $a 96 p. $c ill. en noir et en coul. $d 32 cm
339    $a m
606    $3 11950964 $9 9632 $a Trompe-l'oeil (peinture) $3 11933639 $9 2152 $x Technique $2 rameau
686    $a 700 $2 Cadre de classement de la Bibliographie nationale française
686    $a 75  $2 Cadre de classement de la Bibliographie nationale française
700    $3 12012639 $9 9633 $o ISNI0000000006553926 $a Cadiou $b Henri $f 1906-1989 $4 070
701    $3 12142222 $9 9634 $o ISNI0000000000920510 $a Gilou $f 1938-2019 $4 070
801  0 $a FR $b FR-751131015 $c 19900307 $g AFNOR $h FRBNF350612880000009 $2 intermrc
856 4  $u http://gallica.bnf.fr/ark:/12148/bpt6k34045861
999    $a FRBNF350612880000009
995    $0 0 $2 0 $4 0 $5 2005-03-23 $9 11107 $P 20.61 $b MED $c MED $e MED1A $f C0001648330 $h AAPATLC $k Doc./704 PEI $o 0 $p 20.61 $r PRETLIV $s DOC__704_000000000000000_PEI $w 58 $y 2016-11-10

