01189nam a2200265   4500
001 10184
003 http://www.mediathequederoubaix.fr/ark:/20179/KH10184
005 20180720085151.0
035 00 $a HZ_RBX76552
090    $a 10184
091    $a 0
099    $t LI $c 2014-06-30 $d 2014-06-30 $x 0
100    $a 19       1895    k  y0frey5003    ba
101    $a fre
200    $a Répertoire général alphabétique du droit français $h T. XIV $i Contrainte administrative-Copie de titres ou actes $f par A. Carpentier,..., G. Frèrejouan du Saint,... $g publ. sous la dir. de Ed. Fuzier-Herman
210    $a Paris $c Librairie du Recueil Sirey $d 1895
215    $a 802 p. $d 28 cm
339    $a m
606    $9 238086 $a Droit $y France $x Guides, manuels, etc.
700 0  $9 280132 $a Carpentier $b Adrien $f 1853-1923
701 0  $9 280133 $a Frèrejouan Du Saint $b Georges $f 1850-19..
702 0  $9 280134 $a Fuzier-Herman $b Édouard $f 1847-1901 $4 340
801  0 $a FR $b 595126101 $c 20070828 $g AFNOR
930    $5 595126101:C0001547291 $b 595126101 $a MAG L/P 4/206 773 $e Fonds patrimonial
995    $0 0 $2 0 $4 0 $5 2005-03-23 $9 11235 $b MED $c MED $e MED3J $f C0001547291 $h PPEFGZZ $k MAG L/P 4/206 773 $o 2 $r PRETLIV $s MAG_LP_4206_773000000000000 $w 0 $y 2014-06-30

