01250nj  a2200277   4500
001 10308
003 http://www.mediathequederoubaix.fr/ark:/20179/KH10308
005 20240513042508.0
035 00 $a HZ_RBX76753
071 0  $a 511 439 2 $b Polydor
090    $a 10308
091    $a 1 $b 20240513 $c 0
099    $t DC $c 2014-06-30 $d 2024-05-13 $x 10
100    $a 19       1991    k  y0frey5003    ba
101    $a fre
200    $a Best of Barclay James Harvest $b Enr. sonore
210    $d P 1991 compil.
215    $a 1 d.c. $e 1 brochure
327    $a Hymn $a Loving is easy (fantasy) $a Berlin $a Child of the universe $a Victims of circumstance $a Poor man's moody blues $a Mockingbird (live version) $a life is for living $a Ring of changes $a Titles $a Welcome to the show $a Sip of wine $a John Lennon's guitar $a Rock'n'roll star $a Love on the line
339    $a m
606    $a Rock (musique) $y Grande-Bretagne $y Angleterre (GB) $x Disques $2 rameau
606    $a Rock symphonique $x Disques $2 rameau
679    $a 2 $c 40
710    $7 ba0yba0y $8 fre    $a Barclay James Harvest $3 13901812 $9 9718
801  0 $a FR $b 595126101 $c 20070828 $g AFNOR
995    $0 0 $2 0 $4 0 $5 2005-03-23 $9 11361 $P 17.00 $b MED $c MED $e MED1A $f C0001556703 $h AMV20ZZ $k DC/2 BAR 40 $o 0 $p 17.00 $r PRETSON $s DC_2_000000000000000_BAR_40 $w 129 $y 2023-09-29

