01729nam a2200325   4500
001 10439
003 http://www.mediathequederoubaix.fr/ark:/20179/KH10439
005 20160125015304.0
035 00 $a HZ_RBX76932
090    $a 10439
091    $a 0
099    $t LI $c 2014-06-30 $d 2014-06-30 $x 0
100    $a 19       1924    k  y0frey5003    ba
101    $a fre
200    $a Roubaix $e 15,16,17 août 1924 $e couronnement de la Muse du Peuple $e fêtes du travail $e programme officiel
210    $a [Roubaix (Nord)] $c Journal de Roubaix $d 1924
215    $a 84 p. $c ill., couv. ill. en coul. $d 25 cm
300    $a Dépôt du Musée de Roubaix, n ̊118 (Ex. RES)
300    $a Dépôt du Musée de Roubaix, n ̊117 (Ex. BR 8-335)
300    $a Dépôt du Musée de Roubaix, n ̊116 (Ex. BR 8-2033)
339    $a m
606 0  $9 237148 $a Concerts $y France $y Roubaix (Nord) $x Programmes
606 0  $9 238133 $a Harmonies (ensembles instrumentaux) $y France $y Roubaix (Nord)
606 0  $9 238059 $a Spectacles et divertissements $y France $y Roubaix (Nord) $x Programmes
801  0 $a FR $b 595126101 $c 20070828 $g AFNOR
930    $5 595126101:C0001472014 $b 595126101 $a BR 8/335 $e Fonds patrimonial
995    $0 0 $2 0 $4 0 $5 2005-03-23 $9 11503 $b MED $c MED $e MED3O $f C0001630816 $h PPEFGZZ $k RES 8/586 $o 2 $r PRETLIV $s RES_8586_000000000000000 $w 0 $y 2014-06-30
995    $0 0 $2 0 $4 0 $5 2005-03-23 $9 11504 $b MED $c MED $e MED3M $f C0003554032 $h PPEFGZZ $k BR 8/2033 $o 2 $r PRETLIV $s BR_82033_000000000000000 $w 0 $y 2014-06-30
995    $0 0 $2 0 $4 0 $5 2005-03-23 $9 11505 $b MED $c MED $e MED3M $f C0001773567 $h PPEFGZZ $k BR 8/514 $o 2 $r PRETLIV $s BR_8514_000000000000000 $w 0 $y 2014-06-30
995    $0 0 $2 0 $4 0 $5 2005-03-23 $9 11506 $b MED $c MED $e MED3M $f C0001472014 $h PPEFGZZ $k BR 8/335 $o 2 $r PRETLIV $s BR_8335_000000000000000 $w 0 $y 2014-06-30

