01238nam a2200265   4500
001 10613
003 http://www.mediathequederoubaix.fr/ark:/20179/KH10613
005 20220901042337.0
035 00 $a HZ_RBX77188
090    $a 10613
091    $a 0
099    $t LI $c 2014-06-30 $d 2022-09-01 $x 0
100    $a 19       1927    k  y0frey5003    ba
101    $a fre
200    $a 3me exposition artistique du 1er au 13 octobre 1927, Galerie E. Dujardin à Roubaix $e concours de peinture, concours de photographie $f organisée par le syndicat d'initiative Les Amis de Roubaix, groupe beaux-arts $g Ville de Roubaix
210    $a [S.l.] $c [s.n.] $d [1927] $e 59-Roubaix $g Imp. Jenicot
215    $a 15 p. $d 20 cm
339    $a m
503    $a Exposition $m Roubaix $n Galerie Dujardin $j 1927
606 0  $9 238177 $a Artistes $y France $y Roubaix (Nord) $x Catalogues d'exposition
710 0  $9 123215 $a Syndicat d'initiative Les amis de Roubaix $c Nord $c roubaisien
712    $7 ba0yba0y $8 fre    $a Roubaix $c Nord $9 119279
801  0 $a FR $b 595126101 $c 20090331 $g AFNOR
930    $5 595126101:C0001477747 $b 595126101 $a RES 8/610 $e Fonds patrimonial
995    $0 0 $2 0 $4 0 $5 2005-03-23 $9 11690 $b MED $c MED $e MED3O $f C0001477747 $h PPEFGZZ $k RES 8/610 $o 2 $r PRETLIV $s RES_8610_000000000000000 $w 0 $y 2014-06-30

