01317nam a2200361   4500
001 10807
003 http://www.mediathequederoubaix.fr/ark:/20179/KH10807
010    $a 2-84114-166-7 $b br. $d 109 F
020    $a FR $b 09627947
033    $a http://catalogue.bnf.fr/ark:/12148/cb37162810r
035    $a FRBNF37162810000000X
039    $o OPL $a 02152759X
090    $a 10807
091    $b 20240513 $c 1 $a 2
099    $t LI $c 2014-06-30 $d 2024-05-13 $x 4
100    $a 19960708d1996    m  y0frey50      ba
101 0  $a fre
102    $a FR
105    $a ||||z   00|a|
106    $a r
181  0 $6 01 $a i  $b xxxe  
181    $6 02 $c txt $2 rdacontent
182  0 $6 01 $a n
182    $6 02 $c n $2 rdamedia
200 1  $a La cour d'amour $b Texte imprimé $f Jean-Michel Thibaux
210    $a Paris $c Ramsay $d 1996 $e 72-La Flèche $g Impr. Brodard et Taupin
215    $a 281 p. $c couv. ill. en coul. $d 24 cm
339    $a m
686    $a 823 $2 Cadre de classement de la Bibliographie nationale française
700    $3 11926418 $9 279900 $o ISNI0000000078296754 $a Thibaux $b Jean-Michel $f 1949-2015 $4 070
801  0 $a FR $b FR-751131015 $c 19960708 $g AFNOR $h FRBNF37162810000000X $2 intermrc
999    $a FRBNF37162810000000X
995    $0 0 $2 0 $4 0 $5 2005-03-23 $9 11895 $P 12.46 $b MED $c MED $e MED1A $f C0001699755 $h ALTROZZ $k R/THI $o 0 $p 12.46 $r PRETLIV $s RTHI $w 46 $y 2024-01-13

