01346nam a2200301   4500
001 10982
003 http://www.mediathequederoubaix.fr/ark:/20179/KH10982
005 20220627054328.0
035 00 $a HZ_RBX77843
090    $a 10982
091    $a 0
099    $t LI $c 2014-06-30 $d 2022-06-27 $x 0
100    $a 19       1885    k  y0frey5003    ba
101    $a fre
200    $a Histoire de Wattignies $e canton de Seclin $f par M. l'abbé Th. Leuridan,...
210    $a Roubaix $c Impr. A. Reboux $d 1885
215    $a 271 p., [3] dépl. $c [1] f. de pl. $d 26 cm
300    $a Ex. n ̊34/200
300    $a Don de l'auteur aux Archives de Roubaix
300    $a Ex. n ̊4/200 (Ex. Mag. L/P 4 208 233)
300    $a Envoi ms. de l'auteur à la bibliothèque de Roubaix(Ex. Mag. L/P 4 208 233)
339    $a m
607    $9 141424 $a Wattignies (Nord) $x Histoire
700    $7 ba0yba0y $8 fre    $a Leuridan $b Théodore $f 1860-1933 $9 149817
801  0 $a FR $b 595126101 $c 20070828 $g AFNOR
930    $5 595126101:C0001687570 $b 595126101 $a MAG L/P 4/206 944 $e Fonds patrimonial
995    $0 0 $2 0 $4 0 $5 2005-03-23 $9 12080 $b MED $c MED $e MED3J $f C0002745096 $h PPEFGZZ $k MAG L/P 4/208 233 $o 2 $r PRETLIV $s MAG_LP_4208_233000000000000 $w 0 $y 2014-06-30
995    $0 0 $2 0 $4 0 $5 2005-03-23 $9 12081 $b MED $c MED $e MED3J $f C0001687570 $h PPEFGZZ $k MAG L/P 4/206 944 $o 2 $r PRETLIV $s MAG_LP_4206_944000000000000 $w 0 $y 2014-06-30

