01018nam a2200241   4500
001 11126
003 http://www.mediathequederoubaix.fr/ark:/20179/KH11126
005 20160125015310.0
035 00 $a HZ_RBX78061
090    $a 11126
091    $a 0
099    $t LI $c 2014-06-30 $d 2014-06-30 $x 0
100    $a 19       1988    k  y0frey5003    ba
101    $a fre
200    $a 35è édition des 28 heures de Roubaix à la marche $e samedi 17 et dimanche 18 septembre 1988 $f SIAR
210    $a [S.l.] $c [s.n.] $d [1988] $e 59-Armentières $g Imp. Licour
215    $a 23 p. $c ill., couv. ill. $d 21 cm
339    $a m
606 0  $9 238277 $a Marche (sports) $y France $y Roubaix (Nord)
710 0  $9 123703 $a Syndicat intercommunal de l'agglomération roubaisienne $c Roubaix, Nord $c roubaisien
801  0 $a FR $b 595126101 $c 20070828 $g AFNOR
930    $5 595126101:C0001707435 $b 595126101 $a RES 8/671 $e Fonds patrimonial
995    $0 0 $2 0 $4 0 $5 2005-03-23 $9 12237 $b MED $c MED $e MED3O $f C0001707435 $h PPEFGZZ $k RES 8/671 $o 2 $r PRETLIV $s RES_8671_000000000000000 $w 0 $y 2014-06-30

