01513cam a22003973  4500
001 11296
003 http://www.mediathequederoubaix.fr/ark:/20179/KH11296
010    $a 2-8036-0359-4
010    $a 978-2-8036-0359-6 $b cart. $d 9.45 EUR
033    $a http://catalogue.bnf.fr/ark:/12148/cb43414517v
035    $a FRBNF434145170000007
039    $o ALS $a 0324501
073  0 $a 9782803603596
090    $a 11296
091    $a 2 $b 20240513 $c 1
099    $t LI $c 2014-06-30 $d 2024-05-13 $x 11
100    $a 19940101d1981    m  y0frey50      ba
101 0  $a fre
102    $a BE
105    $a a   t   00|a|
106    $a r
181  0 $6 01 $a i  $b xxxe   $a b  $b xb2e  
181    $6 02 $c txt $c sti $2 rdacontent
182  0 $6 01 $a n
182    $6 02 $c n $2 rdamedia
200 1  $a L'île des mers gelées $b Texte imprimé $f ill., Grzegorz Rosinski $g scénario Jean Van Hamme
210    $a Bruxelles $c Le Lombard $d 1981
215    $a 1 vol. (48 p.) $c ill. en coul. $d 30 cm
225 19 $a Thorgal $v 2
339    $a a
608    $a Bandes dessinées $2 CNLJ $k Avis critique donné par le Centre national de la littérature pour la jeunesse
700    $3 11922632 $9 308497 $o ISNI0000000120314638 $a Rosinski $f 1941-.... $4 440
702    $3 11927594 $9 5511 $o ISNI0000000121441030 $a Van Hamme $b Jean $f 1939-.... $4 070
801  0 $a FR $b FR-751131015 $c 19940101 $g AFNOR $h FRBNF434145170000007 $2 intermrc
999    $a FRBNF434145170000007
995    $0 0 $2 0 $4 0 $5 2019-01-19 $9 388101 $b MED $c MED $e MED0C $f C2300008272 $h AAPBDSR $k BD/P $o 0 $p 5.00 $r PRETLIV $s BD_P $w 10 $y 2023-10-08

