01144nj  a2200277   4500
001 11440
003 http://www.mediathequederoubaix.fr/ark:/20179/KH11440
005 20240513043054.0
035 00 $a HZ_RBX78637
071 0  $a Dix CD 18 $b 10 Records
090    $a 11440
091    $a 1 $b 20240513 $c 0
099    $t DC $c 2014-06-30 $d 2024-05-13 $x 16
100    $a 19       1985    k  y0frey5003    ba
101    $a fre
200    $a Pressure points $b Enr. sonore $f Anne Clark
210    $d P 1985
215    $a 1 d.c.
327    $a Heaven $a Red sands $a Alarm call $a Tide $a The interruption $a The power game $a World without warning $a Bursting $a Lovers retreat
339    $a m
606    $a Rock (musique) $y Grande-Bretagne $y Angleterre (GB) $x Disques $2 rameau
606    $7 ba0yba0y $8 fre    $3 12179854 $9 7081 $a New wave (musique) $x Disques $y Grande-Bretagne $y Angleterre $2 rameau
679    $a 2 $c 70
700    $7 ba0yba0y $8 fre    $a Amor $b Anne Clark $f 1933-2012 $3 12298350 $9 3886
801  0 $a FR $b 595126101 $c 20070828 $g AFNOR
995    $0 0 $2 0 $4 0 $5 2005-03-23 $9 12606 $P 17.00 $b MED $c MED $e MED1A $f C0001561261 $h AMV20ZZ $k DC/2 CLA 70 $o 0 $p 17.00 $r PRETSON $s DC_2_000000000000000_CLA_70 $w 56 $y 2024-04-05

