01576nam a2200421   4500
001 11596
003 http://www.mediathequederoubaix.fr/ark:/20179/KH11596
010    $a 2-221-08177-3 $b br. $d 139 F
020    $a FR $b 09641340
033    $a http://catalogue.bnf.fr/ark:/12148/cb35843801j
035    $a FRBNF358438010000003
039    $o OPL $a 021890427
090    $a 11596
091    $b 20240513 $c 1 $a 2
099    $t LI $c 2014-06-30 $d 2024-05-13 $x 6
100    $a 19961015d1996    m  y0frey50      ba
101 1  $a fre $c eng
102    $a FR
105    $a ||||z   00|a|
106    $a r
181  0 $6 01 $a i  $b xxxe  
181    $6 02 $c txt $2 rdacontent
182  0 $6 01 $a n
182    $6 02 $c n $2 rdamedia
200 1  $a La cité des permutants $b Texte imprimé $f Greg Egan $g trad. de l'anglais par Bernard Sigaud
210    $a Paris $c R. Laffont $d 1996 $e 72-La Flèche $g Impr. Brodard et Taupin
215    $a 327 p. $d 22 cm
225    $a Ailleurs et demain
339    $a m
410  0 $0 34228102 $t Ailleurs et demain $x 0244-6073 $d 1996
454  1 $t Permutation city
676    $a 823.914 (oeuvre) $v 23
686    $a 823 $2 Cadre de classement de la Bibliographie nationale française
700    $3 13772878 $9 10770 $o ISNI0000000121486087 $a Egan $b Greg $f 1961-.... $4 070
702    $3 12108833 $9 3636 $o ISNI0000000052206474 $a Sigaud $b Bernard $4 730
801  0 $a FR $b FR-751131015 $c 19961015 $g AFNOR $h FRBNF358438010000003 $2 intermrc
999    $a FRBNF358438010000003
995    $0 0 $2 0 $4 0 $5 2005-03-23 $9 12771 $P 15.89 $b MED $c MED $e MED1A $f C0001732278 $h ALTIGSF $k SF/EGA $o 0 $p 15.89 $r PRETLIV $s SF_EGA $w 43 $y 2021-12-11

