00988nam a2200241   4500
001 11813
003 http://www.mediathequederoubaix.fr/ark:/20179/KH11813
005 20180720085531.0
035 00 $a HZ_RBX79224
090    $a 11813
091    $a 0
099    $t LI $c 2014-06-30 $d 2014-06-30 $x 0
100    $a 19       1924    k  y0frey5003    ba
101    $a fre
200    $a Correspondance des ministres de France accrédités à Bruxelles de 1780 à 1790 $e dépêches inédites $h [Tome II] $f publ. par Eugène Hubert,...
210    $a Bruxelles $c Kiessling $d 1924
215    $a VIII-598 p.. $d 28 cm
339    $a m
606 0  $9 238376 $a Ministres $y France $x Correspondance
702 0  $9 280272 $a Hubert $b Eugène $f 1853-1931 $4 340
801  0 $a FR $b 595126101 $c 20070828 $g AFNOR
930    $5 595126101:C0001718622 $b 595126101 $a MAG L/P 4/207 055 $e Fonds patrimonial
995    $0 0 $2 0 $4 0 $5 2005-03-23 $9 13012 $b MED $c MED $e MED3J $f C0001718622 $h PPEFGZZ $k MAG L/P 4/207 055 $o 2 $r PRETLIV $s MAG_LP_4207_055000000000000 $w 0 $y 2014-06-30

