01135na  a2200277   4500
001 11978
003 http://www.mediathequederoubaix.fr/ark:/20179/KH11978
005 20200710104127.0
010    $a 2-02-002107-2
035 00 $a HZ_RBX79482
090    $a 11978
091    $a 0 $s http://www.sudoc.fr/001813196 $m 3
099    $t LI $c 2014-06-30 $d 2014-06-30 $x 0
100    $a 19       1973    k  y0frey5003    ba
101    $a fre
200    $a Marc Sangnier $e 1873-1950 $f Madeleine Barthélemy-Madaule
210    $a Paris $c Ed. du Seuil $d 1973
215    $a 297 p. $c couv. ill. $d 21 cm
320    $a Bibliogr. Index
339    $a m
600    $a Sangnier $b Marc $f 1873-1950 $x Biographies $2 rameau
601 0  $9 123776 $a Le Sillon $c France
700 0  $9 286824 $a Barthélemy-Madaule $b Madeleine $f 1911-2001
801  0 $a FR $b 595126101 $c 20070828 $g AFNOR
995    $0 0 $2 0 $4 0 $5 2005-03-23 $9 13224 $b MED $c MED $e MED3I $f C0003695406 $h PPEFGZZ $k MAG L/P 8/114 049 $o 2 $r PRETLIV $s MAG_LP_8114_049000000000000 $w 0 $y 2014-06-30
995    $0 0 $2 0 $4 0 $5 2005-03-23 $9 13225 $P 24.00 $b MED $c MED $e MED3E $f C0001729877 $h PPEFGZZ $k Mag 8/40 350 $o 0 $p 24.00 $r PRETLIV $s MAG_8_400000000000000_350 $w 0 $y 2014-06-30

