00760nj  a2200217   4500
001 12279
003 http://www.mediathequederoubaix.fr/ark:/20179/KH12279
005 20240516055140.0
035 00 $a HZ_RBX79948
071 0  $b Divox $a 468
090    $a 12279
091    $a 1 $b 20240516 $c 0
099    $t DV $c 2014-06-30 $d 2024-05-16 $x 0
100    $a 19               k  y0frey5003    ba
101    $a fre
200    $a Mini, maxi $b Enr. sonore
339    $a m
700 0  $a Cynael
801  0 $a FR $b 595126101 $c 20050323 $g AFNOR
930    $5 595126101:C0001688908 $b 595126101 $a FLRSON 17/2868 $e Fonds local et régional sonore
995    $0 0 $2 0 $4 0 $5 2005-03-23 $9 13544 $P 9.15 $b MED $c MED $e MED3C $f C0001688908 $h PENRSZZ $k FLRSON 17/2868 $o 2 $p 9.15 $r PRETSON $s FLRSON_172868_000000000000000 $w 0 $y 2014-06-30

