01031na  a2200265   4500
001 12437
003 http://www.mediathequederoubaix.fr/ark:/20179/KH12437
005 20240516055203.0
010    $a 2-218-05264-4
035 00 $a HZ_RBX80244
090    $a 12437
091    $a 2 $b 20240516 $c 0 $s http://www.sudoc.fr/012935239 $m 3
099    $t LI $c 2014-06-30 $d 2024-05-16 $x 4
100    $a          1996    e  y0frey5003    ba
101    $a fre
200    $a Les confessions [de] Rousseau $f Joël Dubosclard
210    $c Hatier $d 1996
225 0  $a Profil littérature $i Profil d'une œuvre $v 82
339    $a m
410    $t Profil littérature. Profil d'une œuvre $v 82
676    $a 840.9
700    $7 ba0yba0y $8 fre    $a Dubosclard $b Joël $3 11900821 $9 11548
701    $7 ba0yba0y $8 fre    $a Lacroix $b Pierre-Firmin de $f 1732-1786 $3 12239578 $9 11135
801  0 $a FR $b 595126101 $c 20050323 $g AFNOR
995    $0 0 $2 0 $4 0 $5 2005-03-23 $9 13730 $P 3.00 $b MED $c MED $e MED1A $f C0001748407 $h ALTDCZZ $k Doc./840.18 ROU $o 0 $p 3.00 $r PRETLIV $s DOC__840_180000000000000_ROU $w 38 $y 2024-02-20

