01286nam a2200265   4500
001 12623
003 http://www.mediathequederoubaix.fr/ark:/20179/KH12623
005 20180720085537.0
035 00 $a HZ_RBX80524
090    $a 12623
091    $a 0
099    $t LI $c 2014-06-30 $d 2014-06-30 $x 0
100    $a 19       1929    k  y0frey5003    ba
101    $a fre
200    $a Oeuvres complètes $h T. IX $f de Henri Conscience $g ill. de MM. Atalaya, Gérardin, P. Destez,...
210    $a Paris $c Calmann-Lévy $d [1929]
215    $a Pagination multiple $c ill. $d 29 cm
300    $a Ouvrage enregistré à l'inventaire communal de Roubaix le 6/06/1929 ıXIIIa n4̊0
300    $a Cartonnage d'éditeur
327    $a La maison bleue $a le berger incendiaire $a la vierge de Flandre $a le remplaçant $a la famille du marin $a la tombe de fer $a une idée de fermier $a le pays de l'or $a le chemin de la fortune $a l'œuf miraculeux $a les bourgeois de Darlingen $a le revenant
339    $a m
700 0  $9 280351 $a Conscience $b Hendrik $f 1812-1883
801  0 $a FR $b 595126101 $c 20051114 $g AFNOR
930    $5 595126101:C0001750187 $b 595126101 $a MAG L/P 4/207 238 $e Fonds patrimonial
995    $0 0 $2 0 $4 0 $5 2005-03-23 $9 13931 $b MED $c MED $e MED3J $f C0001750187 $h PPEFGZZ $k MAG L/P 4/207 238 $o 2 $r PRETLIV $s MAG_LP_4207_238000000000000 $w 0 $y 2014-06-30

