01414nj  a2200277   4500
001 12767
003 http://www.mediathequederoubaix.fr/ark:/20179/KH12767
005 20240516055719.0
035 00 $a HZ_RBX80746
071 0  $a PD88568 $b RCA
090    $a 12767
091    $a 1 $b 20240516 $c 0
099    $t DC $c 2014-06-30 $d 2024-05-16 $x 9
100    $a 19       1988    k  y0frey5003    ba
101    $a fre
200    $a The trinity session $b Enr. sonore $f Cowboy Junkies
210    $d P 1988
215    $a 1 d.c.
321    $a Cowboy Junkies se compose de : Alan Anton ; Margo Timmins ; Michael Timmins ; Peter Timmins.
327    $a Mining for gold (trad.) $a Misguided angel $a Blue moon revisited (song for Elvis) $a I don't get it / Margo and Michael Timmins $a I'm so lonesome I could cry / Hank Williams $a To love is to bury / Margo and Michael Timmins $a 200 more miles / Michael Timmins $a Dreaming my $a Dreams with you / Allen Reynolds $a Working on a building (trad.) $a Sweet Jane / Lou Reed $a Postcard blues / Michael Timmins $a Walking after midnight / A. Block ; D. Hecht
339    $a m
606    $a Rock (musique) $y Etats-Unis $x Disques $2 rameau
679    $a 2
710    $7 ba0yba0y $8 fre    $a Cowboy Junkies $3 13921944 $9 11360
801  0 $a FR $b 595126101 $c 20070831 $g AFNOR
995    $0 0 $2 0 $4 0 $5 2005-03-23 $9 14101 $P 17.00 $b MED $c MED $e MED1A $f C0001561716 $h AMV20ZZ $k DC/2 COW $o 0 $p 17.00 $r PRETSON $s DC_2_000000000000000_COW $w 52 $y 2024-01-23 $7  $8  $A  $m  $z 

