01219na  a2200289   4500
001 12961
003 http://www.mediathequederoubaix.fr/ark:/20179/KH12961
005 20170518114648.0
010    $a 2-908260-12-3
033    $a http://catalogue.bnf.fr/ark:/12148/cb35292637r
035 00 $a HZ_RBX1301
090    $a 12961
091    $a 0
099    $t LI $c 2014-06-30 $d 2014-06-30 $x 0
100    $a 19       1990    k  y0frey5003    ba
101    $a fre
200    $a Contes de la Chandeleur et autres temps $f Simons $g avec les dessins de l'auteur
210    $a Lille $c La Voix du Nord $d 1990 $e 59-Lille $g Impr. F. Planquart
215    $a 91 p. $c ill. $d 24 cm
339    $a m
607    $9 141463 $a Nord (France) $x Nouvelles
676    $a 800
700 0  $9 15091 $4 070 $4 440 $7 ba0yba0y $8 fre    $a Simons $f 1901-1979
801  0 $a FR $b 595126101 $c 20070828 $g AFNOR
930    $5 595126101:C0001225182 $b 595126101 $a FR/R SIM $e Fonds régional de prêt
995    $0 0 $2 0 $4 0 $5 2005-03-23 $9 14383 $b MED $c MED $e MED3I $f C0003700659 $h PPEFGZZ $k MAG L/P 8/114 217 $o 2 $r PRETLIV $s MAG_LP_8114_217000000000000 $w 0 $y 2014-06-30
995    $0 0 $2 2 $4 0 $5 2005-03-23 $9 14384 $P 14.00 $b MED $c MED $e MED0C $f C0001225182 $h PRRRGZZ $k FR/R SIM $o 4 $p 14.00 $r PRETLIV $s FRR_SIM $w 8 $y 2008-06-20 $7  $8  $A  $m  $z 

