00843na  a2200241   4500
001 13203
003 http://www.mediathequederoubaix.fr/ark:/20179/KH13203
005 20220605035457.0
035 00 $a HZ_RBX1993
090    $a 13203
091    $a 0
099    $t LI $c 2014-06-30 $d 2022-06-05 $x 2
100    $a 19       1958    k  y0frey5003    ba
101    $a fre
200    $a Car ils ne savent ce qu'ils font $f Maxence Van der meersch
205    $a Nouv. éd.
210    $a Paris $c Albin Michel $d 1958
215    $a 251 p. $d 18 cm
339    $a m
607    $9 141029 $a Nord (France) $x Roman
700    $7 ba0yba0y $8 fre    $a Van der Meersch $b Maxence $f 1907-1951 $9 147165
801  0 $a FR $b 595126101 $c 20110520 $g AFNOR
995    $0 0 $2 0 $4 0 $5 2005-03-23 $9 14763 $b MED $c MED $e MED3I $f C0000288250 $h PPEFGZZ $k MAG L/P 8/105 233 $o 2 $r PRETLIV $s MAG_LP_8105_233000000000000 $w 0 $y 2014-06-30

