00942nj  a2200241   4500
001 13409
003 http://www.mediathequederoubaix.fr/ark:/20179/KH13409
005 20240516055852.0
035 00 $a HZ_RBX2480
071 00 $b Corelia $a CC 79128
090    $a 13409
091    $a 1 $b 20240516 $c 0
099    $t DV $c 2014-06-30 $d 2024-05-16 $x 0
100    $a 19               k  y0frey5003    ba
101    $a fre
200    $a Chœur des gamins de Carmen
339    $a m
711 0  $a Chorale du collège Marie Curie $c Tourcoing, Nord
711 0  $a Ensemble Vocal des Classes Musicales $c Tourcoing, Nord
711 0  $a Chorale du conservatoire $c Tourcoing, Nord
801  0 $a FR $b 595126101 $c 20051114 $g AFNOR
930    $5 595126101:C0000003595 $b 595126101 $a FLRSON 30/1326 $e Fonds local et régional sonore
995    $0 0 $2 0 $4 0 $5 2005-03-23 $9 15040 $P 10.00 $b MED $c MED $e MED3C $f C0000003595 $h PENRSZZ $k FLRSON 30/1326 $o 2 $p 10.00 $r PRETSON $s FLRSON_301326_000000000000000 $w 0 $y 2014-06-30

