01487nam a2200397   4500
001 13568
003 http://www.mediathequederoubaix.fr/ark:/20179/KH13568
010    $a 2-02-018412-5 $b br. $d 99 F
020    $a FR $b 09314692
033    $a http://catalogue.bnf.fr/ark:/12148/cb35565610b
035    $a FRBNF35565610000000X
039    $o OPL $a 015130302
090    $a 13568
091    $b 20240516 $c 1 $a 2
099    $t LI $c 2014-06-30 $d 2024-05-16 $x 4
100    $a 19930429d1993    m  y0frey50      ba
101 1  $a fre $c spa
102    $a FR
105    $a ||||z   00|a|
106    $a r
181  0 $6 01 $a i  $b xxxe  
181    $6 02 $c txt $2 rdacontent
182  0 $6 01 $a n
182    $6 02 $c n $2 rdamedia
200 1  $a L'année du déluge $b Texte imprimé $e roman $f Eduardo Mendoza $g trad. de l'espagnol par François Maspéro
210    $a Paris $c Éd. du Seuil $d 1993 $e 53-Mayenne $g Impr. Floch
215    $a 162 p. $d 21 cm
339    $a m
454  1 $t El año del diluvio
676    $a 863.64 $v 23
686    $a 823 $2 Cadre de classement de la Bibliographie nationale française
700    $3 11915568 $9 4405 $o ISNI0000000121243616 $a Mendoza $b Eduardo $f 1943-.... $4 070
702    $3 11914962 $9 93 $o ISNI0000000121426164 $a Maspero $b François $f 1932-2015 $4 730
801  0 $a FR $b FR-751131015 $c 19930429 $g AFNOR $h FRBNF35565610000000X $2 intermrc
999    $a FRBNF35565610000000X
995    $0 0 $2 0 $4 0 $5 2005-03-23 $9 15251 $P 15.09 $b MED $c MED $e MED1A $f C0000254887 $h ALTROZZ $k R/MEN $o 0 $p 15.09 $r PRETLIV $s RMEN $w 16 $y 2023-01-11

