00857nj  a2200229   4500
001 13814
003 http://www.mediathequederoubaix.fr/ark:/20179/KH13814
005 20240518062655.0
035 00 $a HZ_RBX3511
071 00 $a BL 66 7
090    $a 13814
091    $a 1 $b 20240518 $c 0
099    $t DV $c 2014-06-30 $d 2024-05-18 $x 0
100    $a 19               k  y0frey5003    ba
101    $a fre
200    $a Lune, reine de mes nuits $b Enr. sonore $a Charmant délire $a Mon porte-trésor $f Bernard Lenglet
210    $d [s.d.]
339    $a m
700 0  $a Lenglet $b Bernard
801  0 $a FR $b 595126101 $c 20060510 $g AFNOR
930    $5 595126101:C0000005830 $b 595126101 $a FLRSON 17/1762 $e Fonds local et régional sonore
995    $0 0 $2 0 $4 0 $5 2005-03-23 $9 15562 $P 3.05 $b MED $c MED $e MED3C $f C0000005830 $h PENRSZZ $k FLRSON 17/1762 $o 2 $p 3.05 $r PRETSON $s FLRSON_171762_000000000000000 $w 0 $y 2014-06-30

