02100nam a2200457   4500
001 14041
003 http://www.mediathequederoubaix.fr/ark:/20179/KH14041
010    $a 2-87660-024-2 $b rel. $d 490 F
020    $a FR $b 08908029
033    $a http://catalogue.bnf.fr/ark:/12148/cb349907306
035    $a FRBNF349907300000005
039    $o OPL $a 006598871
090    $a 14041
091    $b 20240518 $c 1 $a 2
099    $t LI $c 2014-06-30 $d 2024-05-18 $x 0
100    $a 19890112d1988    m  y0frey50      ba
101 0  $a fre
102    $a FR
105    $a a   z   00|y|
106    $a r
181  0 $6 01 $a i  $b xxxe   $a b  $b xb2e  
181    $6 02 $c txt $c sti $2 rdacontent
182  0 $6 01 $a n
182    $6 02 $c n $2 rdamedia
200 1  $a L'Empire à table $b Texte imprimé $f Anne-Marie Nisbet, Victor-André Massena $g sélection et commentaires des illustrations, Nicole Blondel
210    $a Paris $c A. Biro $d 1988 $e Impr. en Espagne
215    $a 219 p. $c ill. en noir et en coul. $d 30 cm
339    $a m
606    $3 11949011 $9 3740 $a Cuisine française $3 11993775 $9 12755 $z 1789-1815 $2 rameau
606    $3 11931994 $9 5003 $a Coutumes alimentaires $3 11931476 $9 109 $y France $3 11993775 $9 12755 $z 1789-1815 $2 rameau
606    $3 11960524 $9 13363 $a Arts de la table $3 11931476 $9 109 $y France $3 11993775 $9 12755 $z 1789-1815 $2 rameau
606    $3 11978277 $9 13364 $a Vaisselle $3 11931476 $9 109 $y France $3 11993775 $9 12755 $z 1789-1815 $2 rameau
676    $a 641.594 409033 $v 23
686    $a 944 $2 Cadre de classement de la Bibliographie nationale française
686    $a 64  $2 Cadre de classement de la Bibliographie nationale française
700    $3 11988411 $9 13365 $o ISNI0000000083898055 $a Nisbet $b Anne-Marie $4 070
701    $3 12105488 $9 13366 $o ISNI0000000059527000 $a Massena $b Victor-André $4 070
801  0 $a FR $b FR-751131015 $c 19890112 $g AFNOR $h FRBNF349907300000005 $2 intermrc
856 4  $u http://gallica.bnf.fr/ark:/12148/bpt6k33675085
999    $a FRBNF349907300000005
995    $0 0 $2 0 $4 0 $5 2005-03-23 $9 15843 $P 24.00 $b MED $c MED $e MED3F $f C0000275655 $h AAPPLCB $k Mag 4/7 345 $o 0 $p 24.00 $r PRETLIV $s MAG_4_700000000000000_345 $w 6 $y 2014-06-30 $7  $8  $A  $m  $z 

