01237ng  a2200313   4500
001 14352
003 http://www.mediathequederoubaix.fr/ark:/20179/KH14352
005 20220905025346.0
035 00 $a HZ_RBX4871
090    $a 14352
091    $a 0
099    $t VI $c 2014-06-30 $d 2022-09-05 $x 0
100    $a 19       1939    k  y0frey5003    ba
101    $a fre
200    $a L'Esclave blanche $b Vidéocassette $f Marc Sorkin, réal.
210    $a Paris $c Lucia Film $d 1939
215    $a 1 vidéocassette (1h40mn) $c noir et blanc, sonore $d vhs
323    $a Interprètes, Viviane Romance, John Lodge, Marcel Dalio... [et al.]
339    $a m
345    $a A.D.A.V.
606 0  $a Cinéma $y France $y Roubaix (Nord) $z 1929-1945 $2 rameau
700 0  $9 155298 $4 370 $a Sorkin $b Marc
702    $7 ba0yba0y $8 fre    $a Romance $b Viviane $f 1912-1991 $9 284995
702  1 $9 155299 $a Lodge $b John
712 0  $9 124020 $a Lucia film
702    $7 ba0yba0y $8 fre    $a Dalio $b Marcel $f 1899-1983 $9 385
801  0 $a FR $b 595126101 $c 20121018 $g AFNOR
930    $5 595126101:C0000127187 $b 595126101 $a FL VHS/Image 44 $e Fonds local image
995    $0 0 $2 0 $4 0 $5 2005-03-23 $9 16204 $b MED $c MED $e MED3C $f C0000127187 $h PPAFIZZ $k FL VHS/Image 44 $o 2 $r PRETDVD $s FL_VHSIMAGE_44_000000000000000 $w 0 $y 2014-06-30

