00856na  a2200241   4500
001 14586
003 http://www.mediathequederoubaix.fr/ark:/20179/KH14586
005 20240518063545.0
010    $a 3-548-40075-2
035 00 $a HZ_RBX5415
090    $a 14586
091    $a 2 $b 20240518 $c 0
099    $t LI $c 2014-06-30 $d 2024-05-18 $x 3
100    $a 19       1989    k  y0frey5003    ba
101    $a ger
200    $a Hallo, ist da jemand? $f James Hadley Chase
210    $c Ullstein $d 1989
225    $a Ullstein Grossdruck $v 40075
339    $a m
410    $t Ullstein Grossdruck $v 40075
700    $7 ba0yba0y $8 fre    $a Chase $b James Hadley $f 1906-1985 $3 11896268 $c pseud. $9 9982
801  0 $a FR $b 595126101 $c 20050323 $g AFNOR
995    $0 0 $2 0 $4 0 $5 2005-03-23 $9 16554 $P 11.00 $b MED $c MED $e MED3A $f C0001020760 $h ACFLALE $k ALLEMAND/P R CHA $o 0 $p 11.00 $r PRETLIV $s ALLEMANDP_R_CHA $w 10 $y 2023-06-24

