01654cam a2200409   4500
001 14846
003 http://www.mediathequederoubaix.fr/ark:/20179/KH14846
010    $a 2-85917-113-4 $b rel. $d 960 F
020    $a FR $b 09211744
033    $a http://catalogue.bnf.fr/ark:/12148/cb36208455v
035    $a FRBNF362084550000006
039    $o OPL $a 013706703
090    $a 14846
091    $b 20240518 $c 1 $a 2
099    $t LI $c 2014-06-30 $d 2024-05-18 $x 0
100    $a 19920122d1991    m  y0frey50      ba
101 0  $a fre
102    $a FR
105    $a a   z   00|y|
106    $a r
181  0 $6 01 $a i  $b xxxe   $a b  $b xb2e  
181    $6 02 $c txt $c sti $2 rdacontent
182  0 $6 01 $a n
182    $6 02 $c n $2 rdamedia
200 1  $a Le meuble français et européen du Moyen âge à nos jours $b Texte imprimé $f Pierre Kjellberg
210    $a Paris $c Ed. de l'Amateur $d 1991 $e 37-Tours $g Impr. Mame
215    $a 591 p. $c ill. en noir et en coul. $d 32 cm
300    $a Bibliogr. p. 586. Index
339    $a m
606    $3 13162680 $9 1583 $a Meubles $3 11931476 $9 109 $y France $3 11934444 $9 494 $x Histoire $2 rameau
606    $3 13162680 $9 1583 $a Meubles $3 11931301 $9 323 $y Europe $3 11934444 $9 494 $x Histoire $2 rameau
676    $a 749.094 4 $v 23
686    $a 74 $2 Cadre de classement de la Bibliographie nationale française
700    $3 11909808 $9 14218 $o ISNI0000000108909575 $a Kjellberg $b Pierre $4 070
801  0 $a FR $b FR-751131015 $c 19920122 $g AFNOR $h FRBNF362084550000006 $2 intermrc
999    $a FRBNF362084550000006
995    $0 0 $2 0 $4 0 $5 2005-03-23 $9 16916 $P 146.00 $b MED $c MED $e MED3G $f C0000221208 $h AZZMAZZ $k Mag. fol./409 $o 0 $p 146.00 $r PRETLIV $s MAG___FOL_409_000000000000000 $w 12 $y 2014-06-30

