01815nj  a2200361   4500
001 15087
003 http://www.mediathequederoubaix.fr/ark:/20179/KH15087
005 20240518064410.0
035 00 $a HZ_RBX6404
071 00 $b JMS $a 702 066
090    $a 15087
091    $a 1 $b 20240518 $c 0
099    $t DC $c 2014-06-30 $d 2024-05-18 $x 0
100    $a 19       1993    k  y0frey5003    ba
101    $a fre
200    $a DLG $b Enr. sonore $f Didier Lockwood Group
210    $a Paris $c J. M. Salhani $c Wotre Music Distribution [distrib.] $d P 1993
215    $a 1 d.c. $e 1 brochure
323    $a Didier Lockwood, vl ; Laurent Vernerey, b ; Jean-Marie Ecay, guit. ; Loïc Pontieux, batt. Interprété aussi par : Denis Benarrosh, perc. ; Bernard Arcadio, claviers
327    $a Tip tap $a Just a moment $a Navaronne $a La Ballade irlandaise $a Off shore $a Don't let go $a Ride on $a Sawadee $a Vol 405 $a 81 Street $a Bluezig
339    $a m
606    $a Jazz $y France $x Disques $2 rameau
606    $7 ba0yba0y $8 fre    $3 12548846 $9 605 $a Jazz-rock $x Disques $2 rameau
606    $7 ba0yba0y $8 fre    $3 12294695 $9 6101 $a Violon, Musique de (jazz) $x Disques $2 rameau
679    $a 1 $c 70
700    $7 ba0yba0y $8 fre    $a Lockwood $b Didier $f 1956-2018 $3 13896740 $9 6105
701 0  $7 ba0yba0y $8 fre    $3 13944449 $9 14400 $7 ba0yba0y $8 fre    $a Pontieux $b Loïc
701    $7 ba0yba0y $8 fre    $a Vernerey $b Laurent $f 1965-.... $3 14008308 $9 6020
701    $7 ba0yba0y $8 fre    $a Ecay $b Jean-Marie $f 1962-.... $3 13932139 $9 11750
702    $7 ba0yba0y $8 fre    $a Arcadio $b Bernard $f 1945-.... $3 13987838 $9 217
702 0  $7 ba0yba0y $8 fre    $3 14001440 $9 677 $7 ba0yba0y $8 fre    $a Benarrosh $b Denis $f 1955-....
801  0 $a FR $b 595126101 $c 20070828 $g AFNOR
995    $0 0 $2 0 $4 0 $5 2005-03-23 $9 17296 $P 23.32 $b MED $c MED $e MED3C $f C0000087573 $h PENRSZZ $k FLRSON DC/327 $o 2 $p 23.32 $r PRETSON $s FLRSON_DC327 $w 0 $y 2014-06-30

