00977nj  a2200265   4500
001 15369
003 http://www.mediathequederoubaix.fr/ark:/20179/KH15369
005 20240518064458.0
035 00 $a HZ_RBX7008
090    $a 15369
091    $a 1 $b 20240518 $c 0
099    $t K7 $c 2014-06-30 $d 2024-05-18 $x 0
100    $a 19       1994    k  y0frey5003    ba
101    $a fre
200    $a Blindlove festival $b Enr. sonore $f Venice
210    $d [1994]
215    $a 1 cass. audio
327    $a Face 1 : Blinflove festival $a Wine of my birth $a Face 2 : Herœs (in the city of a wise) $a Criminal dancing
339    $a m
606    $a Rock (musique) $y France $x Disques $2 rameau
679    $a 2
710 0  $a Venice
801  0 $a FR $b 595126101 $c 20070828 $g AFNOR
930    $5 595126101:C0000089046 $b 595126101 $a FLRSON K7/288 $e Fonds local et régional sonore
995    $0 0 $2 0 $4 0 $5 2005-03-23 $9 17717 $P 1.52 $b MED $c MED $e MED3C $f C0000089046 $h PENRSZZ $k FLRSON K7/288 $o 2 $p 1.52 $r PRETSON $s FLRSON_K7288 $w 0 $y 2014-06-30

