00982nj  a2200253   4500
001 15557
003 http://www.mediathequederoubaix.fr/ark:/20179/KH15557
005 20240518064551.0
035 00 $a HZ_RBX7390
071 00 $a DUV 4533
090    $a 15557
091    $a 1 $b 20240518 $c 0
099    $t DV $c 2014-06-30 $d 2024-05-18 $x 0
100    $a 19               k  y0frey5003    ba
101    $a fre
200    $a Musique d'Amérique latine $b Enr. sonore $f Los Carnavalitos
210    $d [s.d.]
215    $a 1 disque $c 33 tours $d 17 cm
327    $a Face A : Blanca palomita $a Barlovento $a Kacharpari $a Face B : Linda Cambita $a Mariposa $a Coplas de marzo
339    $a m
710 0  $a Los Carnavalitos
801  0 $a FR $b 595126101 $c 20060511 $g AFNOR
930    $5 595126101:C0000006488 $b 595126101 $a FLRSON 17/1742 $e Fonds local et régional sonore
995    $0 0 $2 0 $4 0 $5 2005-03-23 $9 17989 $P 4.57 $b MED $c MED $e MED3C $f C0000006488 $h PENRSZZ $k FLRSON 17/1742 $o 2 $p 4.57 $r PRETSON $s FLRSON_171742_000000000000000 $w 0 $y 2014-06-30

