01367na  a2200301   4500
001 15708
003 http://www.mediathequederoubaix.fr/ark:/20179/KH15708
005 20240518065205.0
010    $a 2-8011-0722-0
010    $a 978-2-2032-5518-0
035 00 $a HZ_RBX7609
090    $a 15708
091    $a 2 $b 20240518 $c 0 $s http://www.sudoc.fr/132416085
099    $t LI $c 2014-06-30 $d 2024-05-18 $x 145
100    $a 19       1987    k  y0frey5003    ba
101    $a fre
200    $a Ernest et Célestine $e Ernest est malade $f Gabrielle Vincent
210    $c Duculot-Casterman $a Paris $d 1987
215    $a [25] p. $c ill. en coul., couv. ill. en coul. $d 22 x 25 cm
225 0  $a Les Albums Duculot
339    $a a
410    $t Les Albums Duculot
609 0  $a Maladies $x Ouvrages pour la jeunesse $2 rameau
700    $a Vincent $b Gabrielle $f 1928-2000 $3 12013729 $c pseud. $9 4807
801  0 $a FR $b 595126101 $c 20110607 $g AFNOR
995    $0 0 $2 0 $4 0 $5 2005-03-23 $9 18209 $P 10.98 $b MED $c MED $e MED0A $f C0001144085 $h JABPFAF $k EXT PE A/VIN $o 0 $p 10.98 $r PRETLIV $s EXT_PE_A_VIN $w 124 $y 2024-04-16 $8 MA0C02
995    $0 0 $2 0 $4 0 $5 2005-03-23 $9 18213 $P 10.98 $b MED $c MED $e MED0A $f C0001238290 $h JABPFAF $k EXT PE A/VIN $o 0 $p 10.98 $r PRETLIV $s EXT_PE_AVIN $w 6 $y 2017-05-10
995    $0 0 $2 0 $3 0 $4 0 $5 2023-11-10 $9 468971 $P 11.95 $b MED $c MED $e MED2A $f C2500034076 $h JABPFAF $k PE A/VIN $n 2024-06-27 $o 0 $p 11.95 $r PRETLIV $s PE_A_VIN $w 7 $y 2024-05-16 $A 0

