01868nam a2200421   4500
001 15952
003 http://www.mediathequederoubaix.fr/ark:/20179/KH15952
010    $a 2-7373-0856-9 $b rel. $d 99 F
020    $a FR $b 09216312
033    $a http://catalogue.bnf.fr/ark:/12148/cb355095474
035    $a FRBNF355095470000000
039    $o OPL $a 01414956X
073  0 $a 9782737308567 $2 ALS
090    $a 15952
091    $b 20240518 $c 1 $a 2
099    $t LI $c 2014-06-30 $d 2024-05-18 $x 40
100    $a 19920506d1992    a  y0frey50      ba
101 1  $a fre $c eng
102    $a FR
105    $a a   z   00|a|
106    $a r
181  0 $6 01 $a i  $b xxxe   $a b  $b xb2e  
181    $6 02 $c txt $c sti $2 rdacontent
182  0 $6 01 $a n
182    $6 02 $c n $2 rdamedia
200 1  $a Le canard fermier $b Texte imprimé $f écrit par Martin Wardell $g ill. par Helen Oxenbury $g adapt. de Claude Lauriot Prévost
210    $a Rennes $c Éd. Ouest-France $d 1992 $e Impr. à Hong-Kong
215    $a [33] p. $c ill. en coul., couv. ill. en coul. $d 26 cm
339    $a a
454  1 $t Farmer duck
608    $a Albums $2 CNLJ $k Avis critique donné par le Centre national de la littérature pour la jeunesse
686    $a 823 $2 Cadre de classement de la Bibliographie nationale française
702    $3 11918322 $9 13821 $o ISNI0000000121414470 $a Oxenbury $b Helen $f 1938-.... $4 440
702    $3 11911360 $9 667 $o ISNI0000000120959890 $a Lauriot-Prévost $b Claude $f 1937-.... $4 730
801  0 $a FR $b FR-751131015 $c 19920506 $g AFNOR $h FRBNF355095470000000 $2 intermrc
999    $a FRBNF355095470000000
995    $0 0 $2 0 $4 0 $5 2005-03-23 $9 18579 $P 11.00 $b MED $c MED $e MED0A $f C0000320337 $h JABPFAF $k EXT PE A/WAD $n 2024-06-25 $o 0 $p 11.00 $r PRETLIV $s EXT_PE_A_WAD $w 123 $y 2024-04-20 $8 MA0B8
995    $0 0 $2 0 $4 0 $5 2005-03-23 $9 18580 $P 11.00 $b MED $c MED $e MED0A $f C0000320159 $h JABPFAF $k EXT PE A/WAD $o 0 $p 11.00 $r PRETLIV $s EXT_PE_AWAD $w 64 $y 2023-04-14 $8 J2B

