01719nj  a2200337   4500
001 16136
003 http://www.mediathequederoubaix.fr/ark:/20179/KH16136
005 20240518065317.0
035 00 $a HZ_RBX8612
071 00 $b Demon records $a DFIENDCD 200
090    $a 16136
091    $a 1 $b 20240518 $c 0
099    $t DC $c 2014-06-30 $d 2024-05-18 $x 9
100    $a 19       1990    k  y0frey5003    ba
101    $a fre
200    $a Dream letter $b Enr. sonore $e Live in London 1968 $f Tim Buckley, chant, guit.
210    $c Demon Records Ltd $c Media 7 [distrib.] $a Brentford, England $d P 1990
215    $a 2 d.c. $e 1 brochure
322    $a Bill Inglot, Lee Hammond, prod.
323    $a Enregistré live le 10 juillet 1968 au "Queen Elizabeth Hall", Londres, Grande-Bretagne
327    $a Disque 1 : Introduction $a Buzzin' fly $a Phantasmagoria in two $a Morning glory $a Dolphins $a I've been out walking $a The earth is broken $a Who do you love $a Pleasant street $a You keep me hanging on $a Disque 2 : Love from room 109 $a Strange feelin' $a Carnival song $a Hi Lily, hi lo $a Hallucinations $a Troubadour $a Dream letter $a Happy time $a Wayfaring stranger $a You got me runnin' $a Once I was
339    $a m
606    $a Rock (musique) $y Etats-Unis $x Disques $2 rameau
606    $7 ba0yba0y $8 fre    $3 12312299 $9 895 $a Folk (musique) $x Disques $y Etats-Unis $2 rameau
679    $a 2 $c 30
700    $7 ba0yba0y $8 fre    $a Buckley $b Tim $f 1947-1975 $3 13891953 $9 3894
701 0  $a Inglot $b Bill
701 0  $a Hammond $b Lee
701 0  $a Underwood $b Lee
801  0 $a FR $b 595126101 $c 20070828 $g AFNOR
995    $0 0 $2 0 $4 0 $5 2005-03-23 $9 18879 $P 19.67 $b MED $c MED $e MED3C $f C0000106806 $h AMV20ZZ $k DC/2 BUC 30 $l Contient : 2 CD $o 0 $p 19.67 $r PRETSON $s DC_2_000000000000000_BUC_30 $w 111 $y 2016-04-20 $A 0

