01328nam a2200313   4500
001 16495
003 http://www.mediathequederoubaix.fr/ark:/20179/KH16495
005 20220923022954.0
010    $a 2-224-00930-5
033    $a http://catalogue.bnf.fr/ark:/12148/cb34730340t
035 00 $a HZ_RBX9370
090    $a 16495
091    $a 0
099    $t LI $c 2014-06-30 $d 2022-09-23 $x 0
100    $a 19       1983    k  y0frey5003    ba
101    $a fre
200    $a Dictionnaire atlas d'anatomie $h tome 1 $i A-F $f Pierre Kamina,... $g en collab. avec Annie Zwobada-Kamina,... $g dessins de Léon Dorn $g préf. du prof. A. Delmas
210    $c Maloine $a Paris $d 1983
215    $a 1-643 p. $c ill. en noir et en coul., couv. ill. en coul. $d 27 cm
339    $a m
606    $7 ba0yba0y $8 fre    $a Anatomie humaine $9 11472
676    $a 611.9
700    $7 ba0yba0y $8 fre    $a Kamina $b Pierre $9 111191
702 0  $9 280530 $a Zwobada-Kamina $b Annie $4 070
702 0  $9 280531 $a Dorn $b Léon $4 440
702    $7 ba0yba0y $8 fre    $a Delmas $b André $f 1910-1999 $4 080 $9 80271
801  0 $a FR $b 595126101 $c 20070903 $g AFNOR
930    $5 595126101:C0002212962 $b 595126101 $a MAG L/P 4/207 793 $e Fonds patrimonial
995    $0 0 $2 0 $4 0 $5 2005-03-23 $9 19366 $P 53.36 $b MED $c MED $e MED3J $f C0002212962 $h PPEFGZZ $k MAG L/P 4/207 793 $o 2 $p 53.36 $r PRETLIV $s MAG_LP_4207_793000000000000 $w 0 $y 2014-06-30

