00996na  a2200265   4500
001 16682
003 http://www.mediathequederoubaix.fr/ark:/20179/KH16682
005 20240518070049.0
010    $a 2-203-40338-1
035 00 $a HZ_RBX9778
090    $a 16682
091    $a 2 $b 20240518 $c 0 $s http://www.sudoc.fr/026160498 $m 3
099    $t LI $c 2014-06-30 $d 2024-05-18 $x 0
100    $a 19       1953    k  y0frey5003    ba
101    $a eng
200    $a The Crab with the golden claws $f Hergé
210    $c Casterman $a Tournai (Belgique) $d 1953
215    $a 62 p. $c ill. en coul., couv. ill. en coul. $d 30 cm
225 0  $a The Adventures of Tintin
339    $a a
410    $t The Adventures of Tintin
541    $a Le Crabe aux pinces d'or
700    $7 ba0yba0y $8 fre    $a Hergé $f 1907-1983 $3 11907331 $c pseud. $9 830
801  0 $a FR $b 595126101 $c 20051114 $g AFNOR
995    $0 0 $2 0 $4 0 $5 2005-03-23 $9 19628 $P 5.79 $b MED $c MED $e MED0A $f C0000863652 $h JABLAFI $k EXT E ANGL/BD HER $o 0 $p 5.79 $r PRETLIV $s EXT_E_ANGLBD_HER $w 31 $y 2014-06-30

