01686nam a2200409   4500
001 16986
003 http://www.mediathequederoubaix.fr/ark:/20179/KH16986
010    $a 2-903182-28-0 $b br. $d 75 F
020    $a FR $b 08901488
033    $a http://catalogue.bnf.fr/ark:/12148/cb35034022z
035    $a FRBNF350340220000009
039    $o OPL $a 007240329
090    $a 16986
091    $b 20240518 $c 1 $a 2
099    $t LI $c 2014-06-30 $d 2024-05-18 $x 4
100    $a 19891004d1989    m  y0frey50      ba
101 0  $a fre
102    $a FR
105    $a ||||z   00|y|
106    $a r
181  0 $6 01 $a i  $b xxxe  
181    $6 02 $c txt $2 rdacontent
182  0 $6 01 $a n
182    $6 02 $c n $2 rdamedia
200 1  $a Le Droit musulman $b Texte imprimé $e nature et évolution $f Henri de Waël
210    $a Paris $c CHEAM [Centre des hautes études sur l'Afrique et l'Asie modernes] $c diff. la Documentation française $d 1989 $e 14-Condé-sur-Noireau $g Impr. Corlet
215    $a 120 p. $c couv. ill. $d 24 cm
225    $a Notes africaines, asiatiques et caraïbes
300    $a Bibliogr. p. 119-120. Index
339    $a m
410  0 $0 34252807 $t Notes africaines, asiatiques et caraïbes $x 1142-7612 $d 1989
606    $3 11950132 $9 16353 $a Droit islamique $2 rameau
686    $a 34  $2 Cadre de classement de la Bibliographie nationale française
700    $3 12130762 $9 334028 $o ISNI0000000082141851 $a De Waël $b Henri $4 070
801  0 $a FR $b FR-751131015 $c 19891004 $g AFNOR $h FRBNF350340220000009 $2 intermrc
999    $a FRBNF350340220000009
995    $0 0 $2 0 $4 0 $5 2005-03-23 $9 20097 $P 12.96 $b MED $c MED $e MED3E $f C0000363181 $h ACFSSZZ $k Mag 8/43 556 $n 2024-06-11 $o 0 $p 12.96 $r PRETLIV $s MAG_8_430000000000000_556 $w 23 $y 2024-04-30

