02100cam a2200469   4500
001 17173
003 http://www.mediathequederoubaix.fr/ark:/20179/KH17173
010    $a 2-86600-075-7 $b français
010    $a 2-86600-076-5 $b arabe $b le vol. rel. $d 37,40 F
020    $a FR $b 08701977
033    $a http://catalogue.bnf.fr/ark:/12148/cb34872842c
035    $a FRBNF348728420000000
039    $o OPL $a 004948981
090    $a 17173
091    $b 20240518 $c 1 $a 2
099    $t LI $c 2014-06-30 $d 2024-05-18 $x 0
100    $a 19840420d1983    a  y0frey50      ba
101 0  $a ara $a fre
102    $a FR
105    $a a   z   00|y|
106    $a r
181  0 $6 01 $a i  $b xxxe   $a b  $b xb2e  
181    $6 02 $c txt $c sti $2 rdacontent
182  0 $6 01 $a n
182    $6 02 $c n $2 rdamedia
200 1  $a Abdelmoumen $b Texte imprimé $f par Hadjiat Abdelhamid $g [ill. de Beghdadi]
210    $a Paris $c Publisud $d 1983 $e 10-Bar-sur-Aube $g Impr. Némont
215    $a 2 vol., 37 p., 56 p. $c ill. en coul., couv. ill. en coul. $d 22 cm
300    $a Vol. 1 : trad. française ; vol. 2 : texte arabe
339    $a m
600    $3 15060890 $9 319502 $a Abd al-Mumin $b Ali $f 1100?-1163 $2 rameau
602    $3 11969972 $9 273253 $a Almohades (dynastie) $2 rameau
608    $3 12042408 $9 314947 $a Ouvrages pour la jeunesse $2 rameau
608    $a Documentaires : généralités $2 CNLJ $k Avis critique donné par le Centre national de la littérature pour la jeunesse
608    $a Contes, légendes et folklore $2 CNLJ $k Avis critique donné par le Centre national de la littérature pour la jeunesse
686    $a 92 $2 Cadre de classement de la Bibliographie nationale française
699    $a Afrique du Nord $a +* 0647- 1517+:647-1517:
700    $3 12000983 $9 16463 $o ISNI0000000000742259 $a Hadjiat $b Abdelhamid $4 070
702    $3 12000986 $9 273254 $a Beghdadi $4 440
801  0 $a FR $b FR-751131015 $c 19840420 $g AFNOR $h FRBNF348728420000000 $2 intermrc
999    $a FRBNF348728420000000
995    $0 0 $2 0 $4 0 $5 2005-03-23 $9 20377 $P 11.00 $b MED $c MED $e MED3A $f C0000332685 $h ACFLALE $k ARABE/297 HAD $o 0 $p 11.00 $r PRETLIV $s ARABE_297_000000000000000_HAD $w 17 $y 2014-06-30

