01788nj  a2200337   4500
001 17392
003 http://www.mediathequederoubaix.fr/ark:/20179/KH17392
005 20240518070735.0
035 00 $a HZ_RBX11321
071 0  $b Teldec $a 242619-2
090    $a 17392
091    $a 1 $b 20240518 $c 0
099    $t DC $c 2014-06-30 $d 2024-05-18 $x 2
100    $a 19       1983    k  y0frey5003    ba
101    $a fre
200    $a Das Kantatenwerk $h Vol.34 $b Enr. sonore $d Les Cantates $f Johann Sebabstian Bach $g Alan Bergius, Solist des Tölzer Knabenchores, Stefan Rampf, Solist des Tölzer Knabenchores, S...[et al.] $g Nikolaus Harnoncourt, dir.
210    $d P 1983
215    $a 1 d.c.
327    $a Kantate 136 : "Erforsche mich, Gott, und erfahre mein Herz" BWV 136 $a Kantate 137 : "Lobe den Herren, den mächtigen König der Ehren" BWV 137 $a Kantate 138 : "Warum betrübst du dich, mein Herz" BWV 138 $a Kantate 139 : "Wohl dem, der sich auf seinen Gott"BWV 139
339    $a m
510    $a Das Kantatenwerk
606    $a Cantates sacrées $x Disques $2 rameau
606    $a Chœurs sacrés (voix mixtes) acc. d'ensemble instrumental $x Disques $2 rameau
606    $7 ba0yba0y $8 fre    $3 16237559 $9 368 $a Musique vocale sacrée $x Disques $y Allemagne $z 18e siècle $2 rameau
679    $a 3 $c 42
700    $3 11889790 $7 ba0yba0y $8 fre    $a Bach $b Johann Sebastian $f 1685-1750 $9 680
702    $7 ba0yba0y $8 fre    $a Bergius $b Allan $f 1972-.... $3 13891394 $9 16637
702 0  $7 ba0yba0y $8 fre    $3 13898808 $9 16639 $7 ba0yba0y $8 fre    $a Rampf $b Stefan
702    $7 ba0yba0y $8 fre    $a Harnoncourt $b Nikolaus $f 1929-2016 $3 13894968 $9 6508
801  0 $a FR $b 595126101 $c 20070828 $g AFNOR
995    $0 0 $2 0 $4 0 $5 2005-03-23 $9 20681 $P 24.32 $b MED $c MED $e MED3C $f C0000114825 $h AMV30ZZ $k DC/3 BAC 42 $o 0 $p 24.32 $r PRETSON $s DC_3_BAC_420000000000000 $w 22 $y 2017-12-16

