00879nj  a2200253   4500
001 17585
003 http://www.mediathequederoubaix.fr/ark:/20179/KH17585
005 20240518070801.0
035 00 $a HZ_RBX11715
090    $a 17585
091    $a 1 $b 20240518 $c 0
099    $t K7 $c 2014-06-30 $d 2024-05-18 $x 0
100    $a 19               k  y0frey5003    ba
101    $a fre
200    $a La Vie en rose $b Enr. sonore $f La Vie en Rose
215    $a 1 cass. audio
305    $a cassette demo.
339    $a m
606    $a Rock (musique) $y France $x Disques $2 rameau
679    $a 2
710 0  $a La Vie en Rose
801  0 $a FR $b 595126101 $c 20070828 $g AFNOR
930    $5 595126101:C0000011441 $b 595126101 $a FLRSON K7/258 $e Fonds local et régional sonore
995    $0 0 $2 0 $4 0 $5 2005-03-23 $9 20925 $P 10.00 $b MED $c MED $e MED3C $f C0000011441 $h PENRSZZ $k FLRSON K7/258 $o 2 $p 10.00 $r PRETSON $s FLRSON_K7258 $w 0 $y 2014-06-30

