00909nj  a2200241   4500
001 17696
003 http://www.mediathequederoubaix.fr/ark:/20179/KH17696
005 20240518071347.0
035 00 $a HZ_RBX11850
071 0  $b Disc'AZ $a EL 29.015
090    $a 17696
091    $a 1 $b 20240518 $c 0
099    $t DV $c 2014-06-30 $d 2024-05-18 $x 0
100    $a 19       1974    k  y0frey5003    ba
101    $a fre
200    $a L'amour la première fois $b Enr. sonore $a Soumina $f Crazy Horse
210    $c Elver $d P 1974
215    $a 1 disque $c 45 tours $d 17 cm
339    $a m
710 0  $a Crazy Horse $c Roubaix, Nord $c roubaisien
801  0 $a FR $b 595126101 $c 20060421 $g AFNOR
930    $5 595126101:C0000006917 $b 595126101 $a FLRSON 17/1849 $e Fonds local et régional sonore
995    $0 0 $2 0 $4 0 $5 2005-03-23 $9 21053 $P 7.62 $b MED $c MED $e MED3C $f C0000006917 $h PENRSZZ $k FLRSON 17/1849 $o 2 $p 7.62 $r PRETSON $s FLRSON_171849_000000000000000 $w 0 $y 2014-06-30

