01353nam a2200253   4500
001 17827
003 http://www.mediathequederoubaix.fr/ark:/20179/KH17827
005 20160125004558.0
035 00 $a HZ_RBX12059
090    $a 17827
091    $a 0
099    $t LI $c 2014-06-30 $d 2014-06-30 $x 0
100    $a 19       1976    k  y0frey5003    ba
101    $a fre
200    $a Orientations de recherches, guide des sources, bibliographie $e 101e congrès national des sociétés savantes $e Lille 20-25 mars 1976 $e section d'histoire moderne et comtemporaine $f Comité des travaux historiques et scientifiques
210    $a Lille $c Archives départementales du Nord $c Bibliothèque municipale $c Centre régional d'études historiques $a Villeneuve d'Ascq (Nord) $d 1976
215    $a Non paginé $c couv. ill. $d 30 cm
339    $a m
607    $9 141556 $a Nord (France) $x Histoire $x Bibliographie
710 0  $9 124440 $a Congrès national des sociétés savantes $d 101 $f 1976 $e Lille $b Section d'histoire moderne et contemporaine
712 0  $9 123797 $a France $b Comité des travaux historiques et scientifiques
801  0 $a FR $b 595126101 $c 20070828 $g AFNOR
930    $5 595126101:C0000296376 $b 595126101 $a MAG L/P 4/205 284 $e Fonds patrimonial
995    $0 0 $2 0 $4 0 $5 2005-03-23 $9 21212 $b MED $c MED $e MED3J $f C0000296376 $h PPEFGZZ $k MAG L/P 4/205 284 $o 2 $r PRETLIV $s MAG_LP_4205_284000000000000 $w 0 $y 2014-06-30

