01592nam a2200421   4500
001 17975
003 http://www.mediathequederoubaix.fr/ark:/20179/KH17975
010    $a 2-234-02603-2 $b br. $d 150 F
020    $a FR $b 09331454
033    $a http://catalogue.bnf.fr/ark:/12148/cb35595876f
035    $a FRBNF355958760000003
039    $o OPL $a 015786406
090    $a 17975
091    $b 20240518 $c 1 $a 2
099    $t LI $c 2014-06-30 $d 2024-05-18 $x 1
100    $a 19930924d1993    m  y0frey50      ba
101 1  $a fre $c eng
102    $a FR
105    $a ||||z   00|a|
106    $a r
181  0 $6 01 $a i  $b xxxe  
181    $6 02 $c txt $2 rdacontent
182  0 $6 01 $a n
182    $6 02 $c n $2 rdamedia
200 1  $a King Jesus $b Texte imprimé $e roman $f Robert Graves $g trad. de l'anglais par Claude Seban
210    $a [Paris] $c Stock $d 1993 $e 27-Mesnil-sur-l'Estrée $g Impr. Firmin-Didot
215    $a 574 p. $c carte $d 23 cm
225    $a Nouveau cabinet cosmopolite
339    $a m
410  0 $0 34226486 $t Nouveau Cabinet cosmopolite $x 0180-5061 $d 1993
454  1 $t King Jesus
676    $a 821.91 $v 23
686    $a 823 $2 Cadre de classement de la Bibliographie nationale française
700    $3 11905762 $9 3505 $o ISNI0000000121379644 $a Graves $b Robert $f 1895-1985 $4 070
702    $3 12056793 $9 2140 $o ISNI0000000121340934 $a Seban $b Claude $f 1955-.... $4 730
801  0 $a FR $b FR-751131015 $c 19930924 $g AFNOR $h FRBNF355958760000003 $2 intermrc
999    $a FRBNF355958760000003
995    $0 1 $2 0 $4 1 $5 2005-03-23 $9 21392 $P 22.87 $b MED $c MED $e MED1A $f C0000166953 $h ALTROZZ $k R/GRA $o 4 $p 22.87 $r PRETLIV $s RGRA $w 12 $y 2019-01-30

