02212nam a2200469   4500
001 18199
003 http://www.mediathequederoubaix.fr/ark:/20179/KH18199
010    $a 2-09-271493-7 $b Rel. $d 79 F
020    $a FR $b 08213898
033    $a http://catalogue.bnf.fr/ark:/12148/cb366023565
035    $a FRBNF366023560000001
039    $o OPL $a 001573490
073  0 $a 9782092714935 $2 ALS
090    $a 18199
091    $b 20240518 $c 1 $a 2
099    $t LI $c 2014-06-30 $d 2024-05-18 $x 0
100    $a 19820813d1982    a  y0frey50      ba
101 1  $a fre $c ita
102    $a FR
105    $a a   z   00|y|
106    $a r
181  0 $6 01 $a i  $b xxxe   $a b  $b xb2e  
181    $6 02 $c txt $c sti $2 rdacontent
182  0 $6 01 $a n
182    $6 02 $c n $2 rdamedia
200 1  $a Les Grandes constructions $b Texte imprimé $f Piero Ventura et Gian Paolo Ceserani $g [traduit et adapté par Élisabeth de Lavigne]
210    $a Paris $c Nathan $d 1982 $e impr. en Italie
215    $a 103 p. $c ill. en coul., couv. ill. en coul. $d 34 cm
339    $a a
454  1 $t Le Grandi costruzioni
606    $3 13318321 $9 9831 $7 ba0yba0y $8 fre    $a Architecture $3 11934444 $9 494 $x Histoire $3 12042408 $9 314947 $x Ouvrages pour la jeunesse $2 rameau $9 9831
606    $3 13318321 $9 9831 $a Architecture $3 11934444 $9 494 $x Histoire $2 rameau
608    $3 12042408 $9 314947 $a Ouvrages pour la jeunesse $2 rameau
608    $a Documentaires : activités, loisirs et divers $2 CNLJ $k Avis critique donné par le Centre national de la littérature pour la jeunesse
608    $a Documentaires : arts $2 CNLJ $k Avis critique donné par le Centre national de la littérature pour la jeunesse
686    $a 70  $2 Cadre de classement de la Bibliographie nationale française
700    $3 11927887 $9 15892 $o ISNI0000000083872023 $a Ventura $b Piero $4 070
701    $3 11895789 $9 17470 $o ISNI0000000080960319 $a Ceserani $b Gian Paolo $4 070
702    $3 13091517 $9 17471 $o ISNI0000000110446207 $a Lavigne $b Élisabeth de $4 010 $4 730
801  0 $a FR $b FR-751131015 $c 19820813 $g AFNOR $h FRBNF366023560000001 $2 intermrc
999    $a FRBNF366023560000001
995    $0 0 $2 0 $4 0 $5 2005-03-23 $9 21637 $P 12.04 $b MED $c MED $e MED0A $f C0001840479 $h JDT70ZZ $k EXT E/720 VEN $o 0 $p 12.04 $r PRETLIV $s EXT_E720_VEN $w 21 $y 2014-06-30

