00924nj  a2200241   4500
001 18324
003 http://www.mediathequederoubaix.fr/ark:/20179/KH18324
005 20240518072028.0
035 00 $a HZ_RBX12966
071 0  $b Sirocco $a 48 007
090    $a 18324
091    $a 1 $b 20240518 $c 0
099    $t DV $c 2014-06-30 $d 2024-05-18 $x 0
100    $a 19       1974    k  y0frey5003    ba
101    $a fre
200    $a Hot caramel $b Enr. sonore $a Blue ballade $f The Peppers
210    $c Sirocco $d P 1974
215    $a 1 disque $c 45 tours $d 17 cm
339    $a m
710    $7 ba0yba0y $8 fre    $a The Peppers $c Groupe de rock) $3 14781543 $9 17516
801  0 $a FR $b 595126101 $c 20060518 $g AFNOR
930    $5 595126101:C0000007418 $b 595126101 $a FLRSON 17/1905 $e Fonds local et régional sonore
995    $0 0 $2 0 $4 0 $5 2005-03-23 $9 21795 $P 7.62 $b MED $c MED $e MED3C $f C0000007418 $h PENRSZZ $k FLRSON 17/1905 $o 2 $p 7.62 $r PRETSON $s FLRSON_171905_000000000000000 $w 0 $y 2014-06-30

