00801nj  a2200217   4500
001 18436
003 http://www.mediathequederoubaix.fr/ark:/20179/KH18436
005 20240518072046.0
035 00 $a HZ_RBX13139
071 0  $b Editions et productions nouvelles $a EPN 3100
090    $a 18436
091    $a 1 $b 20240518 $c 0
099    $t DV $c 2014-06-30 $d 2024-05-18 $x 0
100    $a 19               k  y0frey5003    ba
101    $a fre
200    $a Ballade en Pologne $h volume 3
339    $a m
710 0  $a Patrick'x
801  0 $a FR $b 595126101 $c 20050323 $g AFNOR
930    $5 595126101:C0000002604 $b 595126101 $a FLRSON 30/1434 $e Fonds local et régional sonore
995    $0 0 $2 0 $4 0 $5 2005-03-23 $9 21925 $P 9.15 $b MED $c MED $e MED3C $f C0000002604 $h PENRSZZ $k FLRSON 30/1434 $o 2 $p 9.15 $r PRETSON $s FLRSON_301434_000000000000000 $w 0 $y 2014-06-30

