01626cam a22004213  4500
001 18576
003 http://www.mediathequederoubaix.fr/ark:/20179/KH18576
010    $a 2-87130-024-0 $b br.
020    $a FR $b 59313931
033    $a http://catalogue.bnf.fr/ark:/12148/cb355614564
035    $a FRBNF35561456000000X
039    $o OPL $a 015060373
090    $a 18576
091    $a 2 $b 20240518 $c 1
099    $t LI $c 2014-06-30 $d 2024-05-18 $x 0
100    $a 19930406g1990    m  y0frey50      ba
101 0  $a fre
102    $a BE
105    $a ||||c   00|||
106    $a r
181  0 $6 01 $a i  $b xxxe  
181    $6 02 $c txt $2 rdacontent
182  0 $6 01 $a n
182    $6 02 $c n $2 rdamedia
200 1  $a Classification décimale universelle $h Vol. 1 $i Tables auxiliaires , classe 0-5 $b Texte imprimé $e édition moyenne internationale $f [CLPCF]
205    $a 2e éd.
210    $a Liège $c Éd. du CLPCF $d 1990
215    $a 673 p. $d 30 cm
225    $a FID $v 692
339    $a m
410  0 $0 34242371 $t FID publication $x 0168-6224 $v 692
606    $3 11942699 $9 17669 $a Classification décimale universelle $2 rameau
676    $a 025.432 $v 23
686    $a 0   $2 Cadre de classement de la Bibliographie nationale française
712 11 $3 11999761 $9 297298 $o ISNI000000012196283X $a Centre de lecture publique de la communauté française $c Belgique $4 340
801  0 $a FR $b FR-751131015 $c 19930406 $g AFNOR $h FRBNF35561456000000X $2 intermrc
999    $a FRBNF35561456000000X
995    $0 0 $2 0 $4 0 $5 2005-03-23 $9 22081 $P 146.05 $b MED $c MED $e MED3D $f C0000181440 $h ACFBPZZ $k BIB PROF/1.43 CLA $o 0 $p 146.05 $r PRETLIV $s BIB_PROF1_43_000000000000000_C $w 3 $y 2008-08-23

