01632nam a2200409   4500
001 18795
003 http://www.mediathequederoubaix.fr/ark:/20179/KH18795
010    $a 2-87736-095-4 $b br. $d 210 F
020    $a FR $b 09116058
033    $a http://catalogue.bnf.fr/ark:/12148/cb35415740b
035    $a FRBNF354157400000003
039    $o OPL $a 012641380
090    $a 18795
091    $b 20240518 $c 1 $a 2
099    $t LI $c 2014-06-30 $d 2024-05-18 $x 1
100    $a 19910222d1990    m  y0frey50      ba
101 0  $a fre
102    $a FR
105    $a ||||z   00|a|
106    $a r
181  0 $6 01 $a i  $b xxxe  
181    $6 02 $c txt $2 rdacontent
182  0 $6 01 $a n
182    $6 02 $c n $2 rdamedia
200 1  $a Contes cruels $h 2 $b Texte imprimé $f Octave Mirbeau $g [éd. établie et présentée par Jean-François Nivet et Pierre Michel]
210    $a Paris $c Librairie Séguier $d 1990 $e 31-Toulouse $g Impr. Paragraphic
215    $a 667 p. $c couv. ill. en coul. $d 20 cm
300    $a Bibliogr. p. 661-663
339    $a m
676    $a 843.8 $v 22
686    $a 823 $2 Cadre de classement de la Bibliographie nationale française
700    $3 11916258 $9 13926 $o ISNI000000012103382X $a Mirbeau $b Octave $f 1848-1917 $4 070
702    $3 12105524 $9 13928 $o ISNI0000000110368691 $a Michel $b Pierre $f 1942-.... $4 340
702    $3 12102224 $9 13927 $o ISNI0000000120188969 $a Nivet $b Jean-François $f 1953-.... $4 340
801  0 $a FR $b FR-751131015 $c 19910222 $g AFNOR $h FRBNF354157400000003 $2 intermrc
999    $a FRBNF354157400000003
995    $0 0 $2 0 $4 0 $5 2005-03-23 $9 22369 $P 32.01 $b MED $c MED $e MED1A $f C0000189082 $h ALTTCNV $k NVL/MIR $o 0 $p 32.01 $r PRETLIV $s NVL_MIR $w 17 $y 2020-09-25

