01536nam a2200397   4500
001 19001
003 http://www.mediathequederoubaix.fr/ark:/20179/KH19001
010    $a 2-903705-43-7 $b br. $d 60 F
020    $a FR $b 08901914
033    $a http://catalogue.bnf.fr/ark:/12148/cb350385318
035    $a FRBNF350385310000003
039    $o OPL $a 007311801
073  0 $a 9782903705435 $2 ALS
090    $a 19001
091    $b 20240518 $c 1 $a 2
099    $t LI $c 2014-06-30 $d 2024-05-18 $x 0
100    $a 19891103d1989    a  y0frey50      ba
101 0  $a fre
102    $a FR
105    $a a   z   00|a|
106    $a r
181  0 $6 01 $a i  $b xxxe   $a b  $b xb2e  
181    $6 02 $c txt $c sti $2 rdacontent
182  0 $6 01 $a n
182    $6 02 $c n $2 rdamedia
200 1  $a Foin de renard $b Texte imprimé $f Cossic
210    $a Le Chambon-sur-Lignon $c Cheyne $d 1989 $e 43-Le Chambon-sur-Lignon $g Impr. Manier
215    $a 43 p. $c ill., couv. ill. $d 22 cm
225    $a Collection Poèmes pour grandir $x 0297-2697
339    $a a
410  0 $0 34229977 $t Collection Poèmes pour grandir (Chambon-sur-Lignon) $x 0297-2697 $d 1989
686    $a 821 $2 Cadre de classement de la Bibliographie nationale française
700    $3 11897781 $9 18122 $o ISNI0000000055093508 $a Cossic $b Yves $f 1943-.... $4 070
801  0 $a FR $b FR-751131015 $c 19891103 $g AFNOR $h FRBNF350385310000003 $2 intermrc
999    $a FRBNF350385310000003
995    $0 0 $2 2 $4 0 $5 2005-03-23 $9 22598 $P 10.00 $b MED $c MED $e MED2A $f C0000204214 $h JDT80ZZ $k E/841 COS $o 4 $p 10.00 $r PRETLIV $s E_841_000000000000000_COS $w 0 $y 2009-07-17

