01776nj  a2200301   4500
001 19184
003 http://www.mediathequederoubaix.fr/ark:/20179/KH19184
005 20240518072735.0
035 00 $a HZ_RBX14608
071 0  $a GRE 59226
090    $a 19184
091    $a 1 $b 20240518 $c 0
099    $t DV $c 2014-06-30 $d 2024-05-18 $x 0
100    $a 19               k  y0frey5003    ba
101    $a fre
200    $a Les Chansons de l'auberge du pélerin $b Enr. sonore $f Patrice
215    $a 1 disque $c 33 tours $d 30 cm.
301    $a autoproduction
305    $a Patrice, Auberge du pélerin 59226 Rumegies
322    $a Dessins de la pochette par Cicerone et Tégé
327    $a Face 1 : Félicie aussi! $a Je suis beau / Patrice Grevet, par., mus. $a Raoul, Rayoul $a Albert et Céline n1̊: histoire / P. Grevet, adapt. $a Eun' bonn' bistouille / P. Grevet, par. $a Ech' pape / P. Grevet, par. $a Face 2 : Les saurlés d'Hélène : d'aprés Brassens /P. Grevet, adapt. $a Albert et Céline n3̊ : histoire / P. Grevet, adapt $a Ech' gorill' : d'aprés Brassens / P. Grevet, adapt $a Albert et Céline n4̊ : histoire / P. Grevet, adapt $a Rollmop's rock / P. Grevet avec la complicité de Caron $a L'homme à la moto : histoire / P. Greet, adapt. $a L'homme du bar / P. Grevet, par. $a L'Auberge du Pélerin / Xavier Lacouture, P. Grevetpar. & mus.
339    $a m
700 0  $a Grevet $b Patrice
701 0  $a Caron $f 1950-....
701    $7 ba0yba0y $8 fre    $a Brassens $b Georges $f 1921-1981 $3 11893806 $9 280780
801  0 $a FR $b 595126101 $c 20051114 $g AFNOR
930    $5 595126101:C0000530568 $b 595126101 $a FLRSON 30/2355 $e Fonds local et régional sonore
995    $0 0 $2 0 $4 0 $5 2005-03-23 $9 22844 $P 0.15 $b MED $c MED $e MED3C $f C0000530568 $h PENRSZZ $k FLRSON 30/2355 $o 2 $p 0.15 $r PRETSON $s FLRSON_302355_000000000000000 $w 0 $y 2014-06-30

