01175nam a2200265   4500
001 19379
003 http://www.mediathequederoubaix.fr/ark:/20179/KH19379
005 20220810030631.0
035 00 $a HZ_RBX14938
090    $a 19379
091    $a 0
099    $t LI $c 2014-06-30 $d 2022-08-10 $x 0
100    $a 19       1988    k  y0frey5003    ba
101    $a fre
200    $a Miroirs $e poèmes $f Adonis $g trad. de l'arabe par Anne Wade Minkowski $g Marc Pessin gravures
210    $a Saint-Laurent-du-Pont $b Galerie Saint-Laurent, 38380 $c Le Verbe et l'empreinte $a Saint-Laurent-du-Pont $d 1988 $e Le Chambon-sur-Lignon $g Cheyne
215    $a [24] p., [6] f. de pl. gr. $c ill. en coul. $d 32 cm
310    $a Ex. n ̊35/50 sur Vélin d'Arches signé des auteurs
339    $a m
700 0  $9 155607 $a Adonis $c pseud.
702    $4 350 $7 ba0yba0y $8 fre    $a Pessin $b Marc $f 1933-.... $9 12703
702    $7 ba0yba0y $8 fre    $a Wade Minkowski $b Anne $4 730 $9 280647
801  0 $a FR $b 595126101 $c 20051114 $g AFNOR
930    $5 595126101:C0000181076 $b 595126101 $a RES Fol/131 $e Fonds patrimonial
995    $0 0 $2 0 $4 0 $5 2005-03-23 $9 23089 $b MED $c MED $e MED3Q $f C0000181076 $h PPEFGZZ $k RES Fol/131 $o 2 $r PRETLIV $s RES_FOL131 $w 0 $y 2014-06-30

