01031na  a2200277   4500
001 19609
003 http://www.mediathequederoubaix.fr/ark:/20179/KH19609
005 20240518073349.0
010    $a 2-907846-10-8
035 00 $a HZ_RBX15428
090    $a 19609
091    $a 2 $b 20240518 $c 0 $s http://www.sudoc.fr/056347898 $m 3
099    $t LI $c 2014-06-30 $d 2024-05-18 $x 0
100    $a 19       1991    k  y0frey5003    ba
101    $a fre
200    $a Trois pas dehors $a Rimages $f François Chanal
210    $c Théâtre La Fontaine $a Lille $d 1991
215    $a 28 p. $d 22 cm
225 0  $a Dialogues
339    $a a
410    $t Dialogues
606    $7 ba0yba0y $8 fre    $a Théâtre de marionnettes $x Constructions $3 11997953 $9 18594
676    $a 842
700 0  $7 ba0yba0y $8 fre    $3 13623521 $9 18595 $7 ba0yba0y $8 fre    $a Chanal $b François $f 1948-....
801  0 $a FR $b 595126101 $c 20070828 $g AFNOR
995    $0 0 $2 2 $4 0 $5 2005-03-23 $9 23409 $P 10.00 $b MED $c MED $e MED2A $f C0000191275 $h JDT80ZZ $k E/842 CHA $o 4 $p 10.00 $r PRETLIV $s E_842_000000000000000_CHA $w 3 $y 2009-07-18

