01910cam a2200445   4500
001 19831
003 http://www.mediathequederoubaix.fr/ark:/20179/KH19831
010    $a 2-07-031189-9 $b br. $d 27 F
020    $a FR $b 09014315
033    $a http://catalogue.bnf.fr/ark:/12148/cb35070920m
035    $a FRBNF35070920000000X
039    $o OPL $a 007794990
090    $a 19831
091    $b 20240518 $c 1 $a 2
099    $t LI $c 2014-06-30 $d 2024-05-18 $x 6
100    $a 19900424d1989    a  y0frey50      ba
101 0  $a fre
102    $a FR
105    $a a   z   00|a|
106    $a r
181  0 $6 01 $a i  $b xxxe   $a b  $b xb2e  
181    $6 02 $c txt $c sti $2 rdacontent
182  0 $6 01 $a n
182    $6 02 $c n $2 rdamedia
200 1  $a L'Enlèvement de la bibliothécaire $b Texte imprimé $f Margaret Mahy $g ill. par Quentin Blake $g [trad. par Marie-Raymond Farré]
210    $a [Paris] $c Gallimard $d 1989 $e Impr. en Italie
215    $a 63 p. $c ill. en coul., couv. ill. en coul. $d 18 cm
225    $a Collection Folio cadet $v 189
300    $a La couv. porte en mention de collection : "Folio cadet rouge"
339    $a a
410  0 $0 34229509 $t Folio cadet $x 0293-891X $v 189
454  1 $t The Great piratical rumbustification
608    $a Romans $2 CNLJ $k Avis critique donné par le Centre national de la littérature pour la jeunesse
686    $a 823 $2 Cadre de classement de la Bibliographie nationale française
700    $3 11913945 $9 18523 $o ISNI0000000110322730 $a Mahy $b Margaret $f 1936-.... $4 070
702    $3 11892199 $9 2032 $o ISNI0000000121037484 $a Blake $b Quentin $f 1932-.... $4 440
702    $3 12007290 $9 12183 $o ISNI0000000374829164 $a Farré $b Marie-Raymond $4 730
801  0 $a FR $b FR-751131015 $c 19900424 $g AFNOR $h FRBNF35070920000000X $2 intermrc
999    $a FRBNF35070920000000X
995    $0 0 $2 0 $4 0 $5 2005-03-23 $9 23675 $P 4.50 $b MED $c MED $e MED0A $f C0000894116 $h JROROZZ $k EXT E R/MAH $o 0 $p 4.50 $r PRETLIV $s EXT_E_RMAH $w 11 $y 2017-03-15

