01708nam a2200361   4500
001 20050
003 http://www.mediathequederoubaix.fr/ark:/20179/KH20050
005 20220605035504.0
010    $a 2-87193-149-6
033    $a http://catalogue.bnf.fr/ark:/12148/cb354866057
035 00 $a HZ_RBX16535
090    $a 20050
091    $a 0
099    $t LI $c 2014-06-30 $d 2022-06-05 $x 0
100    $a 19       1991    k  y0frey5003    ba
101    $a fre
200    $a [Comté de Saint-Pol $h deuxième partie $f par Roger Berger $g avec introductions de Bernard Delmaire et de Jean-Marie Duvosquel]
210    $c Conseil régional du Nord-Pas-de-Calais $c Ed. du Crédit Communal de Belgique $a Lille $a Bruxelles $d 1991
215    $a 251 p. - 210 p. de pl. $c ill. en coul., jaq. ill. en coul. $d 35 cm
225 0  $a Albums de Croÿ $i Comté d'Artois
320    $a Index
339    $a m
410    $t Albums de Croÿ. Comté d'Artois
600    $a Croÿ $b Charles $f 1560-1612 $c duc de $x Collections d'art $2 rameau
607    $a Artois (France) $x Histoire locale $x Ouvrages illustrés $2 rameau
607    $a Ternois (France) $x Histoire $x Ouvrages illustrés $2 rameau
607    $a Nord-Pas-de-Calais (France) $x Histoire $x Ouvrages illustrés $2 rameau
700 0  $9 279544 $a Berger $b Roger
702    $7 ba0yba0y $8 fre    $a Delmaire $b Bernard $f 1940-.... $4 080 $9 81077
702    $7 ba0yba0y $8 fre    $a Duvosquel $b Jean-Marie $f 1946-.... $4 080 $9 84706
801  0 $a FR $b 595126101 $c 20070828 $g AFNOR
930    $5 595126101:C0000192865 $b 595126101 $a MAGL/P Fol/300 143 $e Fonds patrimonial
995    $0 0 $2 0 $4 0 $5 2005-03-23 $9 23931 $P 76.22 $b MED $c MED $e MED3K $f C0000192865 $h PPEFGZZ $k MAGL/P Fol/300 143 $o 2 $p 76.22 $r PRETLIV $s MAGLP_FOL300_143_0000000000000 $w 0 $y 2014-06-30

