00920nam a2200253   4500
001 20223
003 http://www.mediathequederoubaix.fr/ark:/20179/KH20223
005 20220924053052.0
035 00 $a HZ_RBX16885
090    $a 20223
091    $a 0
099    $t LI $c 2014-06-30 $d 2022-09-24 $x 0
100    $a 19               k  y0frey5003    ba
101    $a fre
200    $a T.R.F. $e Antonio Cœn $f [Minerve, Jean Jaurés, Maurice Arnaud, ... et al.]
210    $a [S. l.] $c Grande Loge de France
215    $a 26 p. $d 22 cm
339    $a m
600    $9 280688 $a Coen $b Antonio
700    $7 ba0yba0y $8 fre    $a Jaurès $b Jean $f 1859-1914 $9 21353
701 0  $9 158146 $a Arnaud $b Maurice
801  0 $a FR $b 595126101 $c 20070828 $g AFNOR
930    $5 595126101:C0000335780 $b 595126101 $a BR 8/42 $e Fonds patrimonial
995    $0 0 $2 0 $4 0 $5 2005-03-23 $9 24136 $b MED $c MED $e MED3M $f C0000335780 $h PPEFGZZ $k BR 8/42 $o 2 $r PRETLIV $s BR_842_000000000000000 $w 0 $y 2014-06-30

