01726na  a2200361   4500
001 20347
003 http://www.mediathequederoubaix.fr/ark:/20179/KH20347
005 20220810021745.0
035 00 $a HZ_RBX17076
090    $a 20347
091    $a 0
099    $t LI $c 2014-06-30 $d 2022-08-10 $x 0
100    $a 19       1992    k  y0frey5003    ba
101    $a fre
200    $a [A propos d'espace (s)] n entre MM. Module, Victor Hugo et Georges Perec $f [Pic Pus Bel-Air, Jean Luc Brisson, Denis Delbaere, Didier Courbot]
210    $a Lille (Nord] $b 5/3 rue Beaucourt Decourchelle, 59000 LILLE $c La Nèpe ; Lille (45 rue d'Artois, 59000) : Module $d 1992
215    $a [Non paginé] $c ill. $d 44 cm $e boite en carton
225 0  $a Module $v 1
300    $a Sérigraphie
300    $a Objet, bois
300    $a Objet, tissu
300    $a Objet, métal
327    $a Le réseau ERM / Denis Delbaere $a 10 grises et une couleur : cahier de sérigraphies/ de Didier Courbot $a Le spaciogramme / de Pic Pus Bel-Air $a 3 fonds de seaux /de Jean-Luc Brisson
339    $a m
410    $t Module $v 1
700    $9 158190 $a Picpus Bel-Air $c pseud.
702 0  $9 156989 $a Delbaere $b Vincent $f 1971-....
702    $9 158192 $a Courbot $b Didier
702    $7 ba0yba0y $8 fre    $a Brisson $b Jean-Luc $f 1956?-.... $9 15435
801  0 $a FR $b 595126101 $c 20070203 $g AFNOR
959    $a Catalogue des livres précieux
995    $0 0 $2 0 $4 0 $5 2005-03-23 $9 24276 $b MED $c MED $e MED3Q $f C0000417053 $h PPEFGZZ $k RES Fol/150 $o 2 $r PRETLIV $s RES_FOL150 $w 0 $y 2014-06-30
995    $0 0 $2 0 $4 0 $5 2005-03-23 $9 24277 $P 91.47 $b MED $c MED $e MED3G $f C0000375112 $h AAPPRLP $k Li Pre/338 $l ATTENTION A CHAQUE PRET ET A CHAQUE RETOUR VERIFIER LE CONTENU SELON L A LISTE D $o -3 $p 91.47 $r PRETLIV $s LI_PRE338 $w 0 $y 2014-06-30

