01721cam a2200433   4500
001 20503
003 http://www.mediathequederoubaix.fr/ark:/20179/KH20503
010    $a 2-07-073116-2 $b br. $d 155 F
020    $a FR $b 09411501
033    $a http://catalogue.bnf.fr/ark:/12148/cb36211449f
035    $a FRBNF362114490000000
039    $o OPL $a 016737294
090    $a 20503
091    $b 20240518 $c 1 $a 2
099    $t LI $c 2014-06-30 $d 2024-05-18 $x 4
100    $a 19940216d1994    m  y0frey50      ba
101 0  $a fre
102    $a FR
105    $a ||||z   00|y|
106    $a r
181  0 $6 01 $a i  $b xxxe  
181    $6 02 $c txt $2 rdacontent
182  0 $6 01 $a n
182    $6 02 $c n $2 rdamedia
200 1  $a Le temps sensible $b Texte imprimé $e Proust et l'expérience littéraire $f Julia Kristeva
210    $a [Paris] $c Gallimard $d 1994 $e 27-Mesnil-sur-l'Estrée $g Impr. Firmin-Didot
215    $a 455 p. $d 23 cm
225    $a NRF essais
300    $a Bibliogr. p. 427-432. Index
339    $a m
410  0 $0 34250001 $t NRF essais $x 0993-4685 $d 1994
600    $3 11920712 $9 5357 $a Proust $b Marcel $f 1871-1922 $3 12042895 $9 333 $x Critique et interprétation $2 rameau
606    $3 12227916 $9 19162 $a Création littéraire $3 11940849 $9 1242 $x Psychologie $2 rameau
676    $a 843.912 $v 23
686    $a 820 $2 Cadre de classement de la Bibliographie nationale française
700    $3 11910116 $9 731 $o ISNI0000000122839200 $a Kristeva $b Julia $f 1941-.... $4 070
801  0 $a FR $b FR-751131015 $c 19940216 $g AFNOR $h FRBNF362114490000000 $2 intermrc
999    $a FRBNF362114490000000
995    $0 0 $2 0 $4 0 $5 2005-03-23 $9 24459 $P 24.00 $b MED $c MED $e MED1A $f C0000446167 $h ALTDCZZ $k Doc./840.20 PRO $o 0 $p 24.00 $r PRETLIV $s DOC__840_200000000000000_PRO $w 16 $y 2017-02-17

