01510nam a2200313   4500
001 20636
003 http://www.mediathequederoubaix.fr/ark:/20179/KH20636
005 20220923044210.0
035 00 $a HZ_RBX17561
090    $a 20636
091    $a 0
099    $t LI $c 2014-06-30 $d 2022-09-23 $x 0
100    $a 19       1989    k  y0frey5003    ba
101    $a fre
200    $a Patrons de costumes de l'époque révolutionnaire à l'usage des organisateurs de manifestations commémoratives $i Paysanne $f Office régional de la culture et de l'éducation permanente $g Noël Josèphe,... $g création Véronique Rostagno
210    $c ORCEP $a Lille $d [c.1989]
215    $a [7] p. de pl. $c ill. en coul., couv. ill. en coul. $d 43 cm $e patrons
300 00 $a Publié à l'occasion du Bicentenaire de la Révolution Française 1789-1989
339    $a m
606    $7 ba0yba0y $8 fre    $a Bicentenaire de la Révolution française (1989) $9 3060
606 0  $9 239458 $a Costume $y France $z 1789-1815
606    $a   $9 71056
620 00 $d Lille
702 0  $9 158307 $4 080 $a Josèphe $b Noël
702 0  $9 158308 $4 560 $a Rostagno $b Véronique
712 02 $9 34604 $7 ba0yba0y $8 fre    $a Nord-Pas-de-Calais $b Office régional de la culture et de l'éducation permanente
801  0 $a FR $b 595126101 $c 20070903 $g AFNOR
930    $5 595126101:C0000382088 $b 595126101 $a MAGL/P Fol/300 155 $e Fonds patrimonial
995    $0 0 $2 0 $4 0 $5 2005-03-23 $9 24604 $b MED $c MED $e MED3K $f C0000382088 $h PPEFGZZ $k MAGL/P Fol/300 155 $o 2 $r PRETLIV $s MAGLP_FOL300_155_0000000000000 $w 0 $y 2014-06-30

