01055na  a2200277   4500
001 20835
003 http://www.mediathequederoubaix.fr/ark:/20179/KH20835
005 20240518074200.0
010    $a 2-905292-36-9
035 00 $a HZ_RBX17930
090    $a 20835
091    $a 2 $b 20240518 $c 0
099    $t LI $c 2014-06-30 $d 2024-05-18 $x 5
100    $a 19       1990    k  y0frey5003    ba
101    $a fre
200    $a Paris tendresse $e [Exposition présentée à la FNAC de Paris en 1988] $f Brassaï, Modiano
210    $c Hoëbeke $d 1990
339    $a m
503    $a Exposition $m Paris $n FNAC $j 1988 $2 rameau
606 0  $7 ba0yba0y $8 fre    $3 11933115 $9 15155 $7 ba0yba0y $8 fre    $a Expositions de photographie
607    $a Paris (France) $x Dans l'art $2 rameau
676    $a 779
700 0  $a Brassaï $c pseud.
701 0  $7 ba0yba0y $8 fre    $a Modiano $b Patrick $f 1945-....
801  0 $a FR $b 595126101 $c 20121009 $g AFNOR
995    $0 0 $2 0 $4 0 $5 2005-03-23 $9 24820 $P 30.18 $b MED $c MED $e MED1A $f C0000456675 $h AAPATAP $k Doc./771 BRA $o 0 $p 30.18 $r PRETLIV $s DOC__771_000000000000000_BRA $w 33 $y 2021-09-24

