01180nj  a2200289   4500
001 20987
003 http://www.mediathequederoubaix.fr/ark:/20179/KH20987
005 20240518074223.0
035 00 $a HZ_RBX18308
071 0  $b Dan Gibson's Solitudes $a CDG100
090    $a 20987
091    $a 1 $b 20240518 $c 0
099    $t DC $c 2014-06-30 $d 2024-05-18 $x 15
100    $a 19       1989    k  y0frey5003    ba
101    $a fre
200    $a Harmony $b Enr. sonore $f Hennie Bekker, mus.
210    $d P 1989
215    $a 1 d.c. $e 1 dépliant
327    $a Stream of dreams $a Spring cloudburst $a Freedom at sea $a A night in the everglades $a Artic life $a Coastal fog $a Solitudes on loon echo lake $a Desert awakening $a Pacific rainforest $a Timberwolves $a Wilderness lost
339    $a m
606    $a New age $x Disques $2 rameau
606    $a Synthétiseur $x Disques $2 rameau
606    $7 ba0yba0y $8 fre    $3 12550689 $9 2813 $a Musique de relaxation $x Disques $2 rameau
679    $a 554
700 0  $a Bekker $b Hennie
801  0 $a FR $b 595126101 $c 20070828 $g AFNOR
995    $0 0 $2 0 $4 0 $5 2005-03-23 $9 25010 $P 16.13 $b MED $c MED $e MED1A $f C0000064169 $h AMV50ZZ $k DC/554 BEK $o 0 $p 16.13 $r PRETSON $s DC_554_000000000000000_BEK $w 103 $y 2023-12-07

