01382nam a2200313   4500
001 21159
003 http://www.mediathequederoubaix.fr/ark:/20179/KH21159
005 20160125022636.0
035 00 $a HZ_RBX18608
090    $a 21159
091    $a 0
099    $t LI $c 2014-06-30 $d 2014-06-30 $x 0
100    $a 19       1898    k  y0frey5003    ba
101    $a fre
200    $a L'officine ou Répertoire général de pharmacie pratique contenant le dispensaire pharmaceutique...[etc.] $f Dorvault
205    $a 14è éd. entièrement rev. et augm. $f par Frédéric Würtz,...
210    $a Paris $c Asselin & Houzeau $d 1898
215    $a 1502 p. $c ill. en noir $d 24 cm
300 0  $a Don de Mr. Wicart, pharmacien à Roubaix
310 00 $a Rel. cuir marron
327    $a Le Dispensaire pharmaceutique $a La Pharmacie légale $a L'Appendice pharmaceutique $a Le Tarif général de pharmacie et des branches accessoires
339    $a m
606 0  $9 239571 $a Pharmacie
700 0  $9 158534 $a Dorvault $b François-Marie-Laurent
702 0  $9 158535 $4 340 $a Würtz $b Frédéric
702    $9 152505 $4 320 $a Wicart $b V.-E. $c roubaisien
801  0 $a FR $b 595126101 $c 20070828 $g AFNOR
930    $5 595126101:C0000206313 $b 595126101 $a MAG L/P 8/105 397 $e Fonds patrimonial
995    $0 0 $2 0 $4 0 $5 2005-03-23 $9 25206 $b MED $c MED $e MED3I $f C0000206313 $h PPEFGZZ $k MAG L/P 8/105 397 $o 2 $r PRETLIV $s MAG_LP_8105_397000000000000 $w 0 $y 2014-06-30

