01938cam a2200433   4500
001 21300
003 http://www.mediathequederoubaix.fr/ark:/20179/KH21300
010    $a 2-7068-0640-0 $b Br. $d 41 F
020    $a FR $b 07800455
033    $a http://catalogue.bnf.fr/ark:/12148/cb34586326d
035    $a FRBNF345863260000003
039    $o OPL $a 000418117
090    $a 21300
091    $b 20240518 $c 1 $a 2
099    $t LI $c 2014-06-30 $d 2024-05-18 $x 0
100    $a 19771212d1977    m  y0frey50      ba
101 1  $a fre $c tur
102    $a FR
105    $a a   z   00|a|
106    $a r
181  0 $6 01 $a i  $b xxxe   $a b  $b xb2e  
181    $6 02 $c txt $c sti $2 rdacontent
182  0 $6 01 $a n
182    $6 02 $c n $2 rdamedia
200 1  $a Contes de Turquie $b Texte imprimé $f traduits du turc et présentés par A. Flamain et M. Nicolas ; illustrés par A. Lamotte
210    $a Paris $c G.-P. Maisonneuve et Larose $d 1977 $e 07-Aubenas $g impr. Lienhart
215    $a 137 p. $c ill., couv. ill. en coul. $d 24 cm
225    $a Les Littératures populaires de toutes les nations $e nouvelle série $v 23
300    $a En appendice, choix de textes en turc
339    $a m
410  0 $0 34243686 $t Les Littératures populaires de toutes les nations $x 0768-4177 $v 23 $d 1977
608    $a Contes, légendes et folklore $2 CNLJ $k Avis critique donné par le Centre national de la littérature pour la jeunesse
686    $a 84  $2 Cadre de classement de la Bibliographie nationale française
702    $3 12605990 $9 319599 $a Flamain $b Aynur $4 570
702    $3 11917674 $9 19658 $o ISNI0000000061399183 $a Nicolas $b Michèle $4 070
702    $3 12617990 $9 19659 $o ISNI0000000000667180 $a Lamotte $b Annie $4 440
801  0 $a FR $b FR-751131015 $c 19771212 $g AFNOR $h FRBNF345863260000003 $2 intermrc
999    $a FRBNF345863260000003
995    $0 0 $2 0 $4 0 $5 2005-03-23 $9 25369 $P 24.00 $b MED $c MED $e MED3E $f C0000589119 $h ALTTCCN $k Mag 8/43 007 $o 0 $p 24.00 $r PRETLIV $s MAG_8_430000000000000_007 $w 9 $y 2014-06-30

