01165nj  a2200289   4500
001 21449
003 http://www.mediathequederoubaix.fr/ark:/20179/KH21449
005 20240518074837.0
035 00 $a HZ_RBX19123
071 0  $b Vertigo $a 842 219-2
090    $a 21449
091    $a 1 $b 20240518 $c 0
099    $t DC $c 2014-06-30 $d 2024-05-18 $x 8
100    $a 19       1982    k  y0frey5003    ba
101    $a fre
200    $a Creeping death / Jump in the fire $b Enr. sonore $f Metallica
210    $d P 1982-83-84
215    $a 1 d.c.
327    $a Creeping death $a Am i evil ? $a Blitzkrieg $a Jump in the fire $a Seek and destroy $a Phantom lord
339    $a m
606    $a Rock (musique) $y Etats-Unis $x Disques $2 rameau
606    $7 ba0yba0y $8 fre    $3 13509052 $9 762 $a Thrash metal $x Disques $2 rameau
606    $7 ba0yba0y $8 fre    $3 12486943 $9 178 $a Heavy metal $x Disques $2 rameau
679    $a 2 $c 50
710    $7 ba0yba0y $8 fre    $a Metallica $3 13904963 $9 2589 $c groupe $x DVD $2 rameau $9 2589
801  0 $a FR $b 595126101 $c 20110525 $g AFNOR
995    $0 0 $2 0 $4 0 $5 2005-03-23 $9 25584 $P 6.10 $b MED $c MED $e MED1A $f C0000065961 $h AMV25ZZ $k DC/2 MET 50 $o 0 $p 6.10 $r PRETSON $s DC_2_000000000000000_MET_50 $w 104 $y 2024-01-28 $A 0

