00931nam a2200241   4500
001 21616
003 http://www.mediathequederoubaix.fr/ark:/20179/KH21616
005 20160125015420.0
035 00 $a HZ_RBX19425
090    $a 21616
091    $a 0
099    $t LI $c 2014-06-30 $d 2014-06-30 $x 0
100    $a 19       1992    k  y0frey5003    ba
101    $a fre
200    $a L'atelier d'expression visuelle $f Comité de quartier du Pile
210    $a Roubaix $c Comité de quartier du Pile $d [1992]
215    $a [8] f. $d 30 cm
339    $a m
606 00 $9 238280 $a Vidéocommunication $y France $y Roubaix (Nord)
710 0  $9 124899 $a Comité de quartier du Pile $c Roubaix, Nord $c roubaisien
801  0 $a FR $b 595126101 $c 20070828 $g AFNOR
930    $5 595126101:C0000380989 $b 595126101 $a RES 4/862 $e Fonds patrimonial
995    $0 0 $2 0 $4 0 $5 2005-03-23 $9 25763 $b MED $c MED $e MED3P $f C0000380989 $h PPEFGZZ $k RES 4/862 $o 2 $r PRETLIV $s RES_4862_000000000000000 $w 0 $y 2014-06-30

