01189nam a2200277   4500
001 21801
003 http://www.mediathequederoubaix.fr/ark:/20179/KH21801
005 20160125022647.0
035 00 $a HZ_RBX19770
090    $a 21801
091    $a 0
099    $t LI $c 2014-06-30 $d 2014-06-30 $x 0
100    $a 19       1974    k  y0frey5003    ba
101    $a fre
200    $a Regards vers l'Inde du Nord $e sites, visages, rites, 10 mars 1974, théâtre Pierre de Roubaix $f prés. Francis Debaisieux $g réal. Francis et Georgette Debaisieux
210    $a [S.l] $c [s.n.] $d [1974]
215    $a [20] p. $c couv. ill. $d 30 cm
339    $a m
601 00 $9 124870 $a Théâtre Pierre de Roubaix $c Roubaix, Nord $c roubaisien $x Programmes
607    $9 141669 $a Inde $x Mœurs et coutumes
700 0  $9 158813 $a Debaisieux $b Francis
701 0  $9 158814 $a Debaisieux $b Georgette
710 0  $9 124870 $a Théâtre Pierre de Roubaix $c Roubaix, Nord $c roubaisien $x Programmes
801  0 $a FR $b 595126101 $c 20070828 $g AFNOR
930    $5 595126101:C0000425349 $b 595126101 $a BR 4/92 $e Fonds patrimonial
995    $0 0 $2 0 $4 0 $5 2005-03-23 $9 26029 $b MED $c MED $e MED3N $f C0000425349 $h PPEFGZZ $k BR 4/92 $o 2 $r PRETLIV $s BR_492_000000000000000 $w 0 $y 2014-06-30

