01139nj  a2200277   4500
001 21971
003 http://www.mediathequederoubaix.fr/ark:/20179/KH21971
005 20240518075452.0
035 00 $a HZ_RBX20056
071 0  $b Disques Meys $a 10.035
090    $a 21971
091    $a 1 $b 20240518 $c 0
099    $t DV $c 2014-06-30 $d 2024-05-18 $x 0
100    $a 19               k  y0frey5003    ba
101    $a fre
200    $a L'espérance folle $b Enr. sonore $f Isabelle Aubret $g Alain Goraguer, dir. $g Orchestre Roberto Seym $g Guy Béart, par., mus.
210    $d [s.d.]
215    $a 1 disque vinyl $c 45 tours $d 17 cm
339    $a m
701  1 $a Aubret $b Isabelle
702    $7 ba0yba0y $8 fre    $a Béart $b Guy $f 1930-2015 $3 11890750 $9 284088
702    $7 ba0yba0y $8 fre    $a Goraguer $b Alain $f 1931-.... $3 13894610 $9 9675
711 02 $a Orchestre Roberto Seym
801  0 $a FR $b 595126101 $c 20060808 $g AFNOR
930    $5 595126101:C0000011661 $b 595126101 $a FLRSON 17/2238 $e Fonds local et régional sonore
995    $0 0 $2 0 $4 0 $5 2005-03-23 $9 26229 $P 15.24 $b MED $c MED $e MED3C $f C0000011661 $h PENRSZZ $k FLRSON 17/2238 $o 2 $p 15.24 $r PRETSON $s FLRSON_172238_000000000000000 $w 0 $y 2014-06-30

