01149nam a2200289   4500
001 22093
003 http://www.mediathequederoubaix.fr/ark:/20179/KH22093
005 20170518115239.0
011 00 $a 0245-6001
033    $a http://catalogue.bnf.fr/ark:/12148/cb34365162q
035 00 $a HZ_RBX20231
090    $a 22093
091    $a 0
099    $t LI $c 2014-06-30 $d 2014-06-30 $x 0
100    $a 19       1993    k  y0frey5003    ba
101    $a fre
200    $a Dossier VPC $f Guy Le Goff $g [dir. de la publication Jean-Claude Bailly]
210    $a Paris $c Messages $d [1993]
215    $a Pp. 13-27 $c ill. en coul., couv. ill. en coul. $d 30 cm
315 00 $a Messages, mensuel des Postes et Télécommunicationsn ̊422, mars 1993
339    $a m
606 0  $9 239699 $a Vente par correspondance $y France $y Roubaix (Nord)
700 0  $9 158950 $a Le Goff $b Guy
702 0  $9 158951 $4 340 $a Bailly $b Jean-Claude
801  0 $a FR $b 595126101 $c 20070828 $g AFNOR
930    $5 595126101:C0001765001 $b 595126101 $a RES 4/1040 $e Fonds patrimonial
995    $0 0 $2 0 $4 0 $5 2005-03-23 $9 26367 $b MED $c MED $e MED3P $f C0001765001 $h PPEFGZZ $k RES 4/1040 $o 2 $r PRETLIV $s RES_41040_000000000000000 $w 0 $y 2014-06-30

