01272nam a2200289   4500
001 22377
003 http://www.mediathequederoubaix.fr/ark:/20179/KH22377
005 20220924061654.0
035 00 $a HZ_RBX20914
090    $a 22377
091    $a 0
099    $t LI $c 2014-06-30 $d 2022-09-24 $x 0
100    $a 19       1900    k  y0frey5003    ba
101    $a fre
200    $a L'Enseignement des arts et industries textiles à l'école nationale des arts industriels de Roubaix $f par Victor Champier,...
210    $a Paris $c Schwarz et Cie $d [c.1900]
215    $a Pp. 701 à 723 $c ill. $d 32 cm
300    $a Don de Mme Christiane Nisse
315 00 $a Extrait de l'ouvrage "Le Monde et la Science"
339    $a m
601 0  $9 123169 $a Ecole nationale supérieure des arts et industries textiles $c Roubaix, Nord $c roubaisien $x Histoire $j Bibliothèque
606    $7 ba0yba0y $8 fre    $a Industries textiles $9 25685
700    $7 ba0yba0y $8 fre    $a Champier $b Victor $f 1851-1929 $9 279617
702    $9 157661 $4 320 $a Nisse $b Christiane $c roubaisien
801  0 $a FR $b 595126101 $c 20120107 $g AFNOR
930    $5 595126101:C0000416895 $b 595126101 $a RES Fol/148 $e Fonds patrimonial
995    $0 0 $2 0 $4 0 $5 2005-03-23 $9 26676 $b MED $c MED $e MED3Q $f C0000416895 $h PPEFGZZ $k RES Fol/148 $o 2 $r PRETLIV $s RES_FOL148 $w 0 $y 2014-06-30

