01165nj  a2200277   4500
001 22662
003 http://www.mediathequederoubaix.fr/ark:/20179/KH22662
005 20240518075618.0
035 00 $a HZ_RBX21605
071 0  $b Philips $a 842 240-2
090    $a 22662
091    $a 1 $b 20240518 $c 0
099    $t DC $c 2014-06-30 $d 2024-05-18 $x 9
100    $a 19       1975    k  y0frey5003    ba
101    $a fre
200    $a Emile Jacotey $b Enr. sonore $f Ange
210    $d P 1975
215    $a 1 d.c.
327    $a Bêle, bêle petite chèvre $a Sur la trace des fées $a Le nain de Stanilas $a Jour après jour $a Ode à Emile $a Ego et deus $a J'irai dormir plus loin que ton sommeil $a Aurealia $a Les noces $a Le marchand des planètes
339    $a m
606    $a Rock (musique) $y France $y Belfort (territoire de) $x Disques $2 rameau
606    $7 ba0yba0y $8 fre    $a Rock progressif $3 12499708 $9 400 $x Disques $y France $y Belfort (territoire de) $2 rameau
679    $a 2 $c 40
710 0  $a Ange
801  0 $a FR $b 595126101 $c 20070828 $g AFNOR
995    $0 0 $2 0 $4 0 $5 2005-03-23 $9 27010 $P 10.60 $b MED $c MED $e MED3C $f C0000068529 $h AMV80ZZ $k DC/099.2 ANG $o 0 $p 10.60 $r PRETSON $s DC_099_200000000000000_ANG $w 88 $y 2021-09-21 $A 0

