01410nam a2200337   4500
001 22901
003 http://www.mediathequederoubaix.fr/ark:/20179/KH22901
005 20220511064911.0
010    $a 2-908703-22-X
033    $a http://catalogue.bnf.fr/ark:/12148/cb35718364g
035 00 $a HZ_RBX22305
090    $a 22901
091    $a 0
099    $t LI $c 2014-06-30 $d 2022-05-11 $x 0
100    $a 19       1994    k  y0frey5003    ba
101    $a fre
200    $a L' épopée de Paris-Roubaix $f scénario : P. Sergent, dessins : Teel $g préf. de Gilbert Duclos-Lassalle
210    $a Valenciennes (Nord) $c Le Téméraire $d 1994
215    $a 48 p. $c ill. en coul., couv. ill. en coul. $d 30 cm
300 00 $a Envoi ms. des auteurs à Monsieur Bernard Grelle
310    $a Reliure toile
339    $a m
606 0  $a Paris-Roubaix (course cycliste) $x Histoire $x Bandes dessinées $2 rameau
676    $a 796.6
700 0  $9 285814 $a Sergent $b Pascal $f 1958-.... $4 390
701 0  $9 280795 $a Teel $f 1954-.... $4 440
702    $7 ba0yba0y $8 fre    $a Grelle $b Bernard $f 1943-.... $4 320 $9 81239
702    $7 ba0yba0y $8 fre    $a Duclos-Lassalle $b Gilbert $f 1954-.... $4 080 $9 39927
801  0 $a FR $b 595126101 $c 20080704 $g AFNOR
930    $5 595126101:C0000415904 $b 595126101 $a RES 4/331 $e Fonds patrimonial
995    $0 0 $2 0 $4 0 $5 2005-03-23 $9 27287 $b MED $c MED $e MED3P $f C0000415904 $h PPEFGZZ $k RES 4/331 $o 2 $r PRETLIV $s RES_4331_000000000000000 $w 0 $y 2014-06-30

