02556nj  a2200553   4500
001 23144
003 http://www.mediathequederoubaix.fr/ark:/20179/KH23144
005 20240519020155.0
035 00 $a HZ_RBX22779
071 0  $b Rosenthal $a ROS 27 A D3
090    $a 23144
091    $a 1 $b 20240519 $c 0
099    $t DC $c 2014-06-30 $d 2024-05-19 $x 0
100    $a 19       1994    k  y0frey5003    ba
101    $a fre
200    $a Now it's time to booze ! $b Enr. sonore $f Rosenthal
210    $d [1994]
215    $a 1 d.c.
301 00 $a Autoproduction
305    $a D'après la date d'achat
321 00 $a Rosenthal est composé de : Christine Gadea, guit bet claviers ; Jean-Louis Gadea, guit et guit b, claviers et p ; Pascal Begrem, batt Interprété aussi par : Didier Deroo, claviers ; Jean-Luc Landsweerdt, perc; Jean-Paul Maes; saxo T ; Christian Hutin, saxo A ; José Hars, saxo B ; Claude Deconinck, Gino Pacicco, trp ; Valérie Caron, Christine Kfourn, Marie-Jo Rocher, Françoise Decroos, chœurs ; Malène et Lucky Desmytter, chant et batt. ; Denis Rocher, Pierre Licour, guit. ; Remerciement à Pascal Loyer, saxo T et Christophe Hermant.
327    $a Oh my love $a What can i do $a The running boy $a L'amour à trois $a Now it's time to booze $a Kids are alright $a The little pretty sexy girl $a All live younger $a For that you are $a Race with the devil $a Mourir $a And you stay behind
339    $a m
606    $a Rock (musique) $y France $x Disques $2 rameau
679    $a 2
701 0  $a Gadea $b Christine
701 0  $a Begrem $b Pascal
701 0  $7 ba0yba0y $8 fre    $3 13888512 $9 300331 $a Rosenthal $f 19..-.... $c chanteur $b Jean-Louis
702 0  $a Deroo $b Didier
702 0  $a Maes $b Jean-Paul
702 0  $a Hutin $b Christian
702 0  $a Hars $b José
702 0  $a Deconinck $b Claude
702 0  $a Pacicco $b Gino
702 0  $a Kfourn $b Christine
702 0  $a Rocher $b Marie-Jo
702 0  $a Decroos $b Françoise
702 0  $a Desmytter $b Marlène
702 0  $a Desmytter $b Lucky
702 0  $a Rocher $b Denis
702 0  $a Licour $b Pierre
702 0  $a Loyer $b Pascal
702 0  $a Hermant $b Christophe
702    $7 ba0yba0y $8 fre    $a Caron $b Valérie $3 15604701 $9 21012
702    $7 ba0yba0y $8 fre    $a Landsweerdt $b Jean-Luc $3 15017284 $9 21013
710 0  $a Rosenthal
801  0 $a FR $b 595126101 $c 20070828 $g AFNOR
930    $5 595126101:C0000070178 $b 595126101 $a FLRSON DC/449 $e Fonds local et régional sonore
995    $0 0 $2 0 $4 0 $5 2005-03-23 $9 27583 $P 15.24 $b MED $c MED $e MED3C $f C0000070178 $h PENRSZZ $k FLRSON DC/449 $o 2 $p 15.24 $r PRETSON $s FLRSON_DC449 $w 0 $y 2014-06-30

