01180nam a2200265   4500
001 23295
003 http://www.mediathequederoubaix.fr/ark:/20179/KH23295
005 20220901042339.0
035 00 $a HZ_RBX23070
090    $a 23295
091    $a 0
099    $t LI $c 2014-06-30 $d 2022-09-01 $x 0
100    $a 19       1992    k  y0frey5003    ba
101    $a fre
200    $a Découvre ta ville ! $e le jeu de piste géant à travers Roubaix $e samedi 14 mai après-midi $f organisé par Hygas Aventure et la Mairie de Roubaix
210    $a Roubaix $c Ville de Roubaix $d [ca 1992]
215    $a [12] p. $c ill. en coul., couv. ill. en coul. $d 15 cm
339    $a m
606 0  $9 239843 $a Jeux $y France $y Roubaix (Nord)
710 0  $9 125134 $a Hygas Aventure $c Lille
711    $7 ba0yba0y $8 fre    $a Roubaix $c Nord $9 119279
801  0 $a FR $b 595126101 $c 20070828 $g AFNOR
930    $5 595126101:C0000427391 $b 595126101 $a BR 8/150 $e Fonds patrimonial
995    $0 0 $2 0 $4 0 $5 2005-03-23 $9 27769 $b MED $c MED $e MED3O $f C0000427210 $h PPEFGZZ $k RES 8/-943 $o 2 $r PRETLIV $s RES_8943 $w 0 $y 2014-06-30
995    $0 0 $2 0 $4 0 $5 2005-03-23 $9 27770 $b MED $c MED $e MED3M $f C0000427391 $h PPEFGZZ $k BR 8/150 $o 2 $r PRETLIV $s BR_8150_000000000000000 $w 0 $y 2014-06-30

