01298cam a22003733  4500
001 23476
003 http://www.mediathequederoubaix.fr/ark:/20179/KH23476
010    $a 3-492-03567-1
020    $a FR $b 59313402
033    $a http://catalogue.bnf.fr/ark:/12148/cb355431807
035    $a FRBNF355431800000000
039    $o OPL $a 014756335
090    $a 23476
091    $a 2 $b 20240519 $c 1
099    $t LI $c 2014-06-30 $d 2024-05-19 $x 0
100    $a 19921230d1992    m  y0frey50      ba
101 0  $a ger
102    $a DE
105    $a ||||z   00|a|
106    $a r
181  0 $6 01 $a i  $b xxxe  
181    $6 02 $c txt $2 rdacontent
182  0 $6 01 $a n
182    $6 02 $c n $2 rdamedia
200 1  $a Das Salz bitte! $b Texte imprimé $e Ehegeschichten $f Gabriele Wohmann
205    $a 3. Auflage
210    $a München $c Piper $d 1992
215    $a 296 p. $d 21 cm
339    $a m
686    $a 823 $2 Cadre de classement de la Bibliographie nationale française
700    $3 12017647 $9 270295 $o ISNI0000000108701336 $a Wohmann $b Gabriele $f 1932-2015 $4 070
801  0 $a FR $b FR-751131015 $c 19921230 $g AFNOR $h FRBNF355431800000000 $2 intermrc
999    $a FRBNF355431800000000
995    $0 0 $2 0 $4 0 $5 2005-03-23 $9 27985 $P 0.15 $b MED $c MED $e MED3A $f C0000989589 $h ACFLALE $k ALLEMAND/R WOH $o 0 $p 0.15 $r PRETLIV $s ALLEMANDR_WOH $w 5 $y 2014-06-30

