01429nam a2200397   4500
001 23854
003 http://www.mediathequederoubaix.fr/ark:/20179/KH23854
010    $a 2-218-06855-9 $b 35 F
020    $a FR $b 08607414
033    $a http://catalogue.bnf.fr/ark:/12148/cb34838727t
035    $a FRBNF348387270000001
039    $o OPL $a 003644705
090    $a 23854
091    $b 20240519 $c 1 $a 2
099    $t LI $c 2014-06-30 $d 2024-05-19 $x 7
100    $a 19840420d1985    m  y0frey50      ba
101 0  $a fre
102    $a FR
105    $a ||||z   00|||
106    $a r
181  0 $6 01 $a i  $b xxxe  
181    $6 02 $c txt $2 rdacontent
182  0 $6 01 $a n
182    $6 02 $c n $2 rdamedia
200 1  $a La Cerisaie $b Texte imprimé $f Anton Tchekhov
210    $a [Paris] $c Hatier $d 1985
215    $a 127 p.
225    $a Théâtre et mises en scène
339    $a m
410  0 $0 34229790 $t Collection Théatre et mises en scène $x 0296-2373 $v 6
500 11 $3 12309247 $9 319660 $a Višnëvyj sad $m français $2 lien automatique
686    $a 82  $2 Cadre de classement de la Bibliographie nationale française
700    $3 11926133 $9 7315 $o ISNI0000000121031904 $a Tchekhov $b Anton Pavlovitch $4 070
801  0 $a FR $b FR-751131015 $c 19840420 $g AFNOR $h FRBNF348387270000001 $2 intermrc
999    $a FRBNF348387270000001
995    $0 0 $2 0 $4 0 $5 2005-03-23 $9 28410 $P 9.00 $b MED $c MED $e MED1A $f C0000965307 $h AMVTHTX $k T/TCH $o 0 $p 9.00 $r PRETLIV $s TTCH $w 19 $y 2022-02-26

