01836nj  a2200397   4500
001 24068
003 http://www.mediathequederoubaix.fr/ark:/20179/KH24068
005 20240519021517.0
035 00 $a HZ_RBX24754
071 0  $b Nuit et Brouillard $a NB 01
090    $a 24068
091    $a 1 $b 20240519 $c 0
099    $t K7 $c 2014-06-30 $d 2024-05-19 $x 0
100    $a 19       1990    k  y0frey5003    ba
101    $a fre
200    $a Autoplasie $b Enr. sonore $f Brume $g Sempiternels $g Free Mount 231...[et al.]
210    $a Villeneuve d'Ascq (Nord) $b Radio Campus-Bât. M1- UST LIlle1 $c Nuit Et Brouillard $d 1990
215    $a 1 cass. audio $e 1 dépl. $e 28 feuillets numérotés de 01 à 56 ; ill. : 30 cm.
305    $a Enr. inédits sauf Th.3/extr
305    $a Tirage limité à 300 exemplaires
322    $a Free Mount 231 est composé de : Free Mount + Pacific 231
327    $a Face 1 : Love crash / Brume $a La déchirure / Sempiternels $a Silly thing 2 / Free Mount 231 $a Th. 3 / extr / Deleted $a Sunshine boy / Vox Populi $a Dreamtime / Ex-Sip $a Face 2 : Silly thing 1 / Free Mount 231 $a L'attente ; Bad fun / Deleted $a Hors temps / Sempiternels $a Block 4 E. Dol / Brume $a Fuzz ascencion / Vox Populi $a Riot in RIo / Ex-Sip
339    $a m
606    $a Musique ambiante $x Disques $2 rameau
606    $7 ba0yba0y $8 fre    $3 13509068 $9 269248 $a Musique industrielle $x Disques $2 rameau
679    $a 2 $c 70
711    $a Brume
711    $a Sempiternels
711    $a Free Mount 231
711    $a Deleted
711    $a Vox Populi !
711 0  $a Ex-Sip $c Villeneuve d'Ascq (Nord)
712    $a Free Mount
712    $7 ba0yba0y $8 fre    $a Pacific 231 $3 14258246 $9 21795
801  0 $a FR $b 595126101 $c 20100831 $g AFNOR
995    $0 0 $2 0 $4 0 $5 2005-03-23 $9 28660 $P 6.10 $b MED $c MED $e MED3C $f C0000129888 $h PENRSZZ $k FLRSON K7/383 $o 2 $p 6.10 $r PRETSON $s FLRSON_K7383 $w 0 $y 2014-06-30

