02158cas a2200517   4500
001 24231
003 http://www.mediathequederoubaix.fr/ark:/20179/KH24231
011 1  $a 0995-2187 $f 0995-2187 $d le n° 20 F $d abonn. 50 F
020    $a FR $b 18902053
033    $a http://catalogue.bnf.fr/ark:/12148/cb34413165d
035    $a FRBNF344131650000009
039    $o OPL $a 006568287
039    $o OPP $a 41867362 $d 20150130
090    $a 24231
091    $b 20240519 $c 1 $a 2
099    $t LI $c 2014-06-30 $d 2024-05-19 $x 0
100    $a 19890221b19892012m  h0frey50      ba
101 0  $a fre
102    $a FR
106    $a r
110    $a jh|z|||||||
181  0 $6 01 $a i  $b xxxe  
181    $6 02 $c txt $2 rdacontent
182  0 $6 01 $a n
182    $6 02 $c n $2 rdamedia
200 1  $a Argos $b Texte imprimé $e revue des BCD et CDI, lecture et pratiques documentaires $f Réseau CNDP, Académie de Créteil $g [dir. publ. Maurice Berrard]
207  0 $a N° 0 (1989, janv.)-n° 50 (2012, déc.)
210    $a Le Perreux $b 20 rue Danielle-Casanova, 94170 $c Centre régional de documentation pédagogique de Créteil $d 1989-
215    $d 30 cm
304    $a BCD = Bibliothèque centre documentaire ; CDI = Centre de documentation et d'information
304    $a Dir. Maurice Berrard puis Claude Baudoin
326    $a Trimestriel
339    $a m
421  1 $0 39158160 $t Se former à la littérature de jeunesse aujourd'hui
488  1 $0 34272093 $t Collection Argos (Le Perreux) $x 1159-3237
520 1  $a Argos $n Champigny-sur-Marne
530 1  $a Argos $b Le Perreux
676    $a 027.824 4361
676    $a 028.094 43 $v 23
686    $a 020 $2 Cadre de classement de la Bibliographie nationale française
702    $3 16808981 $9 319663 $a Baudoin $b Claude $4 651
710    $3 11986411 $9 273294 $o ISNI0000000106701033 $a Centre régional de documentation pédagogique $c Créteil $4 070
801  0 $a FR $b FR-751131015 $c 19890221 $g AFNOR $h FRBNF344131650000009 $2 intermrc
802    $a 07
999    $a FRBNF344131650000009
995    $0 0 $2 0 $4 0 $5 2005-03-23 $9 28858 $P 24.00 $b MED $c MED $e MED3D $f C0000426002 $h ACFBPZZ $k BIB PROF/3.66 ENE $o 0 $p 24.00 $r PRETLIV $s BIB_PROF3_66_000000000000000_E $w 0 $y 2008-08-23

