01113na  a2200277   4500
001 24429
003 http://www.mediathequederoubaix.fr/ark:/20179/KH24429
005 20240505052655.0
010    $a 2-7000-1124-4
035 00 $a HZ_RBX25740
090    $a 24429
091    $a 2 $b 20240505 $c 0 $s http://www.sudoc.fr/144876361 $m 3
099    $t LI $c 2014-06-30 $d 2024-05-05 $x 5
100    $a 19       1989    k  y0frey5003    ba
101    $a fre
200    $a Légendes et contes des indiens d'Amérique $f Vladimir Hulpach $g ill. par Miloslav Troup
210    $a Paris $c Gründ $d 1989
215    $a 207 p. $c ill. en coul. , couv. ill. en coul. $d 28 cm
225 0  $a Légendes et contes de tous les pays
410    $t Légendes et contes de tous les pays
609 0  $a Contes indiens d'Amérique $x Ouvrages pour la jeunesse $2 rameau
700    $7 ba0yba0y $8 fre    $a Hulpach $b Vladimír $f 1935-.... $3 11908012 $9 772
702 0  $4 440 $a Troup $b Miloslav
801  0 $a FR $b 595126101 $c 20130726 $g AFNOR
339    $a a
995    $0 0 $2 0 $4 0 $5 2005-03-23 $9 29075 $P 9.00 $b MED $c MED $e MED2A $f C0000577489 $h JABCTEF $k E C/ZAM $o 0 $p 9.00 $r PRETLIV $s E_CZAM $w 18 $y 2023-10-13

