01299nj  a2200277   4500
001 24632
003 http://www.mediathequederoubaix.fr/ark:/20179/KH24632
005 20240505052741.0
035 00 $a HZ_RBX26083
071 0  $b Divox International $a A 3302
090    $a 24632
091    $a 1 $b 20240505 $c 0
099    $t DV $c 2014-06-30 $d 2024-05-05 $x 0
100    $a 19       1979    k  y0frey5003    ba
101    $a fre
200    $a Nos jeunes années $d Te mlode lata $b Enr. sonore $f Jerzy Mak et sa formation
210    $c Divox production $d P 1979
215    $a 1 disque $c 33 tours $d 30 cm.
305    $a Enr. studio du Chesnay Versailles
322    $a Jerzy Mak, prod.
327    $a Face A : Te mlode lata = Nos jeunes année $a Pourquoi m'as-tu quitté ? $a Wroc do mine = Reviens vers moi $a Polka du laboureur $a Wesele, wesele = mariage $a Pour toujours je t'aimerai $a Face B : Tri la lee $a Beer, beer, beer $a Pijcie chlopcy piwa $a Tancuj z mna $a Marie moi $a W zielonym gaiczku
339    $a m
700 0  $a Mak $b Jerzy
801  0 $a FR $b 595126101 $c 20050323 $g AFNOR
930    $5 595126101:C0000015657 $b 595126101 $a FLRSON 30/2338 $e Fonds local et régional sonore
995    $0 0 $2 0 $4 0 $5 2005-03-23 $9 29306 $P 10.00 $b MED $c MED $e MED3C $f C0000015657 $h PENRSZZ $k FLRSON 30/2338 $o 2 $p 10.00 $r PRETSON $s FLRSON_302338_000000000000000 $w 0 $y 2014-06-30

