01758cam a2200409   4500
001 24798
003 http://www.mediathequederoubaix.fr/ark:/20179/KH24798
010    $z 2-87005-142-4 $b Br. $d 87 F
020    $a FR $b 08216582
033    $a http://catalogue.bnf.fr/ark:/12148/cb34690415z
035    $a FRBNF346904150000004
039    $o OPL $a 001613141
090    $a 24798
091    $b 20240505 $c 1 $a 2
099    $t LI $c 2014-06-30 $d 2024-05-05 $x 0
100    $a 19821018d1981    m  y0frey50      ba
101 0  $a fre
102    $a BE
105    $a ||||z   00|y|
106    $a r
181  0 $6 01 $a i  $b xxxe  
181    $6 02 $c txt $2 rdacontent
182  0 $6 01 $a n
182    $6 02 $c n $2 rdamedia
200 1  $a Le Mythe au milieu du village $b Texte imprimé $e comprendre et analyser la presse locale $f Gabriel Ringlet $g préface de Lucien Guissard ; [publié par] Vie ouvrière
210    $a Bruxelles $c Vie ouvrière $a [Paris] $c [diffusion Éditions ouvrières] $d 1981 $e impr. en Belgique
215    $a 382 p. $c cartes, couv. ill. en coul. $d 23 cm
300    $a Bibliogr. p. 365-375
339    $a m
606    $3 11935931 $9 53959 $a Presse régionale et locale $3 11933381 $9 5820 $y Belgique $2 rameau
686    $a 00 $2 Cadre de classement de la Bibliographie nationale française
700    $3 11922013 $9 22516 $o ISNI0000000114422763 $a Ringlet $b Gabriel $4 070
702    $3 11906515 $9 270420 $o ISNI0000000115782680 $a Guissard $b Lucien $4 080
712 11 $3 11879432 $9 273306 $a Vie ouvrière $c Bruxelles $4 340
801  0 $a FR $b FR-751131015 $c 19821018 $g AFNOR $h FRBNF346904150000004 $2 intermrc
999    $a FRBNF346904150000004
995    $0 0 $2 0 $4 0 $5 2005-03-23 $9 29501 $P 13.26 $b MED $c MED $e MED3E $f C0000596336 $h PPEFGZZ $k Mag. in-8/42 110 $o 0 $p 13.26 $r PRETLIV $s MAG___IN8_42_110000000000000 $w 0 $y 2014-06-30

