01331nam a2200277   4500
001 24995
003 http://www.mediathequederoubaix.fr/ark:/20179/KH24995
005 20220627054328.0
035 00 $a HZ_RBX26710
090    $a 24995
091    $a 0
099    $t LI $c 2014-06-30 $d 2022-06-27 $x 0
100    $a 19       1911    k  y0frey5003    ba
101    $a fre
200    $a Les Minutes notariales $e communication $f de M. le chanoine Th. Leuridan,...
210    $a [Cambrai] $c Société d'études de la province de Cambrai $d [ca 1911]
215    $a Pp 115-163 $d 21 x 30 cm
310 00 $a Recueil de photocopies extraites du tome 21 du bulletin de la société d'études de la province de Cambrai
339    $a m
606 0  $9 240107 $a Actes authentiques $y France $y Roubaix (Nord) $z 18e siècle
606 00 $9 240108 $a Actes authentiques $y France $y Wattrelos (Nord) $z 18e siècle
700    $7 ba0yba0y $8 fre    $a Leuridan $b Théodore $f 1860-1933 $9 149817
801  0 $a FR $b 595126101 $c 20070828 $g AFNOR
930    $5 595126101:C0000420828 $b 595126101 $a BR 4/177 $e Fonds patrimonial
995    $0 0 $2 0 $4 0 $5 2005-03-23 $9 29720 $b MED $c MED $e MED3P $f C0000420925 $h PPEFGZZ $k RES 4/929 $o 2 $r PRETLIV $s RES_4929_000000000000000 $w 0 $y 2014-06-30
995    $0 0 $2 0 $4 0 $5 2005-03-23 $9 29721 $b MED $c MED $e MED3N $f C0000420828 $h PPEFGZZ $k BR 4/177 $o 2 $r PRETLIV $s BR_4177_000000000000000 $w 0 $y 2014-06-30

