01987cam a2200469   4500
001 25167
003 http://www.mediathequederoubaix.fr/ark:/20179/KH25167
010    $a 2-7071-2027-8 $b br. $d 110 F
020    $a FR $b 09305400
033    $a http://catalogue.bnf.fr/ark:/12148/cb35519428s
035    $a FRBNF355194280000003
039    $o OPL $a 014354062
073  0 $a 9782707120274 $2 ALS
090    $a 25167
091    $b 20240505 $c 1 $a 2
099    $t LI $c 2014-06-30 $d 2024-05-05 $x 0
100    $a 19930107d1991    m  y0frey50      ba
101 0  $a fre
102    $a FR
105    $a ||||z   00|y|
106    $a r
181  0 $6 01 $a i  $b xxxe  
181    $6 02 $c txt $2 rdacontent
182  0 $6 01 $a n
182    $6 02 $c n $2 rdamedia
200 1  $a Jocaste délivrée $b Texte imprimé $e maternité et représentation des rôles sexuels $f Francine Comte
210    $a Paris $c Éd. la Découverte $d 1991 $e 18-Saint-Amand-Montrond $g Impr. SEPC
215    $a 1 vol. (233 p.) $c couv. ill. en coul. $d 22 cm
225    $a Cahiers libres $e essais
339    $a m
410  0 $0 34232074 $t Cahiers libres $x 0526-8370 $d 1991
606    $3 15107436 $9 22925 $a Maternité $x Psychologie $2 rameau
606    $3 11932485 $9 22853 $a Mères et enfants $2 rameau
606    $3 12650139 $9 9175 $a Différences entre sexes (psychologie) $2 rameau
608    $a Ouvrages de référence $2 CNLJ $k Avis critique donné par le Centre national de la littérature pour la jeunesse
686    $a 150 $2 Cadre de classement de la Bibliographie nationale française
686    $a 1 $2 Cadre de classement de la Bibliographie nationale française
700    $3 12938762 $9 319710 $a Comte $b Francine $4 070
801  0 $a FR $b FR-751131015 $c 19930107 $g AFNOR $h FRBNF355194280000003 $2 intermrc
856 4  $u http://gallica.bnf.fr/ark:/12148/bpt6k4802707n
999    $a FRBNF355194280000003
995    $0 0 $2 0 $4 0 $5 2005-03-23 $9 29917 $P 16.77 $b MED $c MED $e MED3E $f C0000608840 $h AZZMAZZ $k Mag. in-8/42 238 $o 0 $p 16.77 $r PRETLIV $s MAG___IN842_238_00000000000000 $w 3 $y 2014-06-30

