01832cam a2200469   4500
001 25376
003 http://www.mediathequederoubaix.fr/ark:/20179/KH25376
010    $a 2-11-081149-8 $b vol. 1
010    $a 2-11-081151-X $b vol. 2 $d Prix : les 2 vol. br. : 300 F
020    $a FR $b 09211285
033    $a http://catalogue.bnf.fr/ark:/12148/cb35500369q
035    $a FRBNF355003690000006
039    $o OPL $a 013846228
090    $a 25376
091    $b 20240505 $c 1 $a 2
099    $t LI $c 2014-06-30 $d 2024-05-05 $x 0
100    $a 19920309d1992    m  h0frey50      ba
101 1  $a fre $c lat
102    $a FR
105    $a ||||z   00|||
106    $a r
181  0 $6 01 $a i  $b xxxe  
181    $6 02 $c txt $2 rdacontent
182  0 $6 01 $a n
182    $6 02 $c n $2 rdamedia
200 1  $a Colloques $b Texte imprimé $f Érasme $g trad. et présentation, Étienne Wolff
210    $a [Paris] $c Imprimerie nationale éd. $d 1992 $e Paris $g Impr. nationale
215    $a 2 vol.(448, 426 p.) $c front., couv. ill. en coul. $d 21 cm
225    $a La salamandre $x 1140-3985
339    $a m
410  0 $0 34252572 $t La Salamandre (Paris) $x 1140-3985 $d 1992
454  1 $t Colloquia
500 11 $3 12010066 $9 270589 $a Colloquia familiaria $m français $k 1992
676    $a 839.382 09 $v 23
676    $a 878.04 $v 23
676    $a 199.492 $v 23
686    $a 1   $2 Cadre de classement de la Bibliographie nationale française
700    $3 11886243 $9 23155 $o ISNI0000000374716178 $a Érasme $f 1469-1536 $4 070
702    $3 12134991 $9 23188 $o ISNI0000000117729330 $a Wolff $b Étienne $f 1957-.... $4 730
801  0 $a FR $b FR-751131015 $c 19920309 $g AFNOR $h FRBNF355003690000006 $2 intermrc
999    $a FRBNF355003690000006
995    $0 0 $2 0 $4 0 $5 2005-03-23 $9 30144 $P 23.20 $b MED $c MED $e MED3E $f C0000621513 $h ACFPHZZ $k Mag. in-8/45 782 $o 0 $p 23.20 $r PRETLIV $s MAG___IN8_45_782000000000000 $w 2 $y 2008-07-02

