01836cam a2200469   4500
001 25911
003 http://www.mediathequederoubaix.fr/ark:/20179/KH25911
010    $a 2-13-044373-7 $b br. $d 64 FRF
020    $a FR $b 09233254
033    $a http://catalogue.bnf.fr/ark:/12148/cb355281178
035    $a FRBNF355281170000002
039    $o OPL $a 014500802
090    $a 25911
091    $b 20240505 $c 1 $a 2
099    $t LI $c 2014-06-30 $d 2024-05-05 $x 0
100    $a 19920922d1992    m  y0frey50      ba
101 0  $a fre
102    $a FR
105    $a ||||z   00|y|
106    $a r
181  0 $6 01 $a i  $b xxxe  
181    $6 02 $c txt $2 rdacontent
182  0 $6 01 $a n
182    $6 02 $c n $2 rdamedia
200 1  $a Sagesse et illusions de la philosophie $b Texte imprimé $f Jean Piaget
210    $a Paris $c Presses universitaires de France $d 1992 $e 41-Vendôme $g Impr. des PUF
215    $a 1 vol. (VII-307 p.) $d 19 cm
225    $a Quadrige $x 0291-0489 $v 139
339    $a m
410  0 $0 34228948 $t Quadrige (Paris. 1981) $x 0291-0489 $v 139
606    $3 11936842 $9 1650 $a Philosophie $2 rameau
606    $3 11942313 $9 22505 $a Philosophie et sciences $2 rameau
606    $3 11933919 $9 23144 $a Épistémologie $2 rameau
676    $a 121 $v 23
676    $a 150.19 $v 23
686    $a 120 $2 Cadre de classement de la Bibliographie nationale française
686    $a 1 $2 Cadre de classement de la Bibliographie nationale française
700    $3 11919613 $9 19680 $o ISNI0000000120959583 $a Piaget $b Jean $f 1896-1980 $4 070
801  0 $a FR $b FR-751131015 $c 19920922 $g AFNOR $h FRBNF355281170000002 $2 intermrc
856 4  $u http://gallica.bnf.fr/ark:/12148/bpt6k48043445
999    $a FRBNF355281170000002
995    $0 0 $2 0 $4 0 $5 2005-03-23 $9 30769 $P 9.76 $b MED $c MED $e MED3E $f C0000517390 $h ACFPHZZ $k Mag. in-8/41 175 $o 0 $p 9.76 $r PRETLIV $s MAG___IN8_41_175000000000000 $w 8 $y 2014-06-30

