00801nj  a2200217   4500
001 26061
003 http://www.mediathequederoubaix.fr/ark:/20179/KH26061
005 20240505055103.0
035 00 $a HZ_RBX28544
090    $a 26061
091    $a 1 $b 20240505 $c 0
099    $t K7 $c 2014-06-30 $d 2024-05-05 $x 0
100    $a 19               k  y0frey5003    ba
101    $a fre
200    $a Rockin' chair
304 00 $a Sélections Antenne régionale du Printemps de Bourges 199?
339    $a m
710 0  $a Cascade $c Ostricourt, Nord
801  0 $a FR $b 595126101 $c 20050323 $g AFNOR
930    $5 595126101:C0000018451 $b 595126101 $a FLRSON K7/473 $e Fonds local et régional sonore
995    $0 0 $2 0 $4 0 $5 2005-03-23 $9 30935 $P 10.00 $b MED $c MED $e MED3C $f C0000018451 $h PENRSZZ $k FLRSON K7/473 $o 2 $p 10.00 $r PRETSON $s FLRSON_K7473 $w 0 $y 2014-06-30

