01602nam a2200421   4500
001 26178
003 http://www.mediathequederoubaix.fr/ark:/20179/KH26178
010    $a 2-200-21489-8 $b br. $d 69 F
020    $a FR $b 09508992
033    $a http://catalogue.bnf.fr/ark:/12148/cb36681137r
035    $a FRBNF36681137000000X
039    $o OPL $a 018192750
090    $a 26178
091    $b 20240505 $c 1 $a 2
099    $t LI $c 2014-06-30 $d 2024-05-05 $x 2
100    $a 19941213d1994    k  y0frey50      ba
101 0  $a fre
102    $a FR
105    $a a   j   00|||
106    $a r
181  0 $6 01 $a i  $b xxxe   $a b  $b xb2e  
181    $6 02 $c txt $c sti $2 rdacontent
182  0 $6 01 $a n
182    $6 02 $c n $2 rdamedia
200 1  $a La science politique $b Texte imprimé $f Yves Schemeil
210    $a Paris $c A. Colin $d 1994 $e Impr. en Belgique
215    $a 185 p. $c ill. $d 21 cm
225    $a Collection Cursus $i Série Droit et science politique
300    $a Bibliogr. p. 177-179. Index
339    $a m
410  0 $0 34273438 $t Collection Cursus. Série Science politique $x 1159-7240 $d 1994
606    $3 13319064 $9 4660 $a Science politique $2 rameau
676    $a 320 $v 23
686    $a 32  $2 Cadre de classement de la Bibliographie nationale française
700    $3 12174331 $9 23922 $o ISNI0000000121439053 $a Schemeil $b Yves $f 1947-.... $4 070
801  0 $a FR $b FR-751131015 $c 19941213 $g AFNOR $h FRBNF36681137000000X $2 intermrc
999    $a FRBNF36681137000000X
995    $0 0 $2 0 $4 0 $5 2005-03-23 $9 31061 $P 7.89 $b MED $c MED $e MED3A $f C0000615677 $h ACFSSZZ $k Doc./320 SCH $o 0 $p 7.89 $r PRETLIV $s DOC__320_000000000000000_SCH $w 15 $y 2023-03-15

