01859cam a2200469   4500
001 26313
003 http://www.mediathequederoubaix.fr/ark:/20179/KH26313
010    $a 2-13-043351-0 $b br. $d 135 F
020    $a FR $b 09030485
033    $a http://catalogue.bnf.fr/ark:/12148/cb35099793v
035    $a FRBNF350997930000003
039    $o OPL $a 008547014
090    $a 26313
091    $b 20240505 $c 1 $a 2
099    $t LI $c 2014-06-30 $d 2024-05-05 $x 0
100    $a 19901002d1990    m  y0frey50      ba
101 0  $a fre
102    $a FR
105    $a a   z   00|y|
106    $a r
181  0 $6 01 $a i  $b xxxe   $a b  $b xb2e  
181    $6 02 $c txt $c sti $2 rdacontent
182  0 $6 01 $a n
182    $6 02 $c n $2 rdamedia
200 1  $a L'analyse des données en sociologie $b Texte imprimé $f Philippe Cibois,...
205    $a 2e éd. mise à jour
210    $a Paris $c Presses universitaires de France $d 1990 $e 41-Vendôme $g Impr. des PUF
215    $a 1 vol. (220 p.) $c ill. $d 21 cm
225    $a Le Sociologue $v 53
300    $a Bibliogr., 1 p.
339    $a m
410  0 $0 34235070 $t Le Sociologue (Paris). $v 53
606    $3 11934806 $9 24066 $a Analyse factorielle $2 rameau
606    $3 11973646 $9 24067 $a Sociologie $x Méthodes statistiques $2 rameau
676    $a 301.015 $v 23
686    $a 301 $2 Cadre de classement de la Bibliographie nationale française
686    $a 30 $2 Cadre de classement de la Bibliographie nationale française
700    $3 11896863 $9 270661 $o ISNI0000000115670056 $a Cibois $b Philippe $f 1941-.... $4 070
801  0 $a FR $b FR-751131015 $c 19901002 $g AFNOR $h FRBNF350997930000003 $2 intermrc
856 4  $u http://gallica.bnf.fr/ark:/12148/bpt6k48050809
999    $a FRBNF350997930000003
995    $0 0 $2 0 $4 0 $5 2005-03-23 $9 31212 $P 20.58 $b MED $c MED $e MED3E $f C0000612140 $h ACFSSZZ $k Mag. in-8/43 277 $o 0 $p 20.58 $r PRETLIV $s MAG___IN8_43_277000000000000 $w 15 $y 2014-06-30

