01684cam a2200433   4500
001 26438
003 http://www.mediathequederoubaix.fr/ark:/20179/KH26438
010    $a 2-226-04912-6 $b br. 160 F
020    $a FR $b 09101632
033    $a http://catalogue.bnf.fr/ark:/12148/cb35138849b
035    $a FRBNF351388490000007
039    $o OPL $a 009065444
090    $a 26438
091    $b 20240505 $c 1 $a 2
099    $t LI $c 2014-06-30 $d 2024-05-05 $x 1
100    $a 19901122d1990    m  y0frey50      ba
101 0  $a fre
102    $a FR
105    $a a   z   00|y|
106    $a r
181  0 $6 01 $a i  $b xxxe   $a b  $b xb2e  
181    $6 02 $c txt $c sti $2 rdacontent
182  0 $6 01 $a n
182    $6 02 $c n $2 rdamedia
200 1  $a Le Buveur du XIXe siècle $b Texte imprimé $f Didier Nourrisson
210    $a Paris $c A. Michel $d 1990 $e 85-Luçon $g Impr. Pollina
215    $a 378-[8] p. de pl. $c ill., couv. ill. en coul. $d 22 cm
225    $a L' Aventure humaine
300    $a Bibliogr. p. 369-378
339    $a m
410  0 $0 34231560 $t L'Aventure humaine (Paris. 1976) $x 0339-2228 $d 1990
606    $3 11964742 $9 24229 $a Alcoolisme $3 11931476 $9 109 $y France $3 11975999 $9 1596 $z 19e siècle $2 rameau
676    $a 944.06 $v 23
676    $a 362.292 0944 $v 23
686    $a 30  $2 Cadre de classement de la Bibliographie nationale française
700    $3 12091127 $9 24230 $o ISNI0000000121394182 $a Nourrisson $b Didier $f 1952-.... $4 070
801  0 $a FR $b FR-751131015 $c 19901122 $g AFNOR $h FRBNF351388490000007 $2 intermrc
999    $a FRBNF351388490000007
995    $0 0 $2 0 $4 0 $5 2005-03-23 $9 31354 $P 24.75 $b MED $c MED $e MED3E $f C0000541551 $h AAPPLMS $k Mag 8/43 261 $o 0 $p 24.75 $r PRETLIV $s MAG_8_430000000000000_261 $w 3 $y 2021-03-09

