02795nj  a2200445   4500
001 26542
003 http://www.mediathequederoubaix.fr/ark:/20179/KH26542
005 20240505060159.0
035 00 $a HZ_RBX29274
071 0  $b Vogue $a SCK. 09-30
090    $a 26542
091    $a 1 $b 20240505 $c 0
099    $t DV $c 2014-06-30 $d 2024-05-05 $x 0
100    $a 19       1961    k  y0frey5003    ba
101    $a fre
200    $a La Super surprise-partie Kangourou $e Tentation $h Vol. 9 $b Enr. sonore $f Alberto Cortez con Hugo Diaz y su conjunto $g Jack Ary et son High Society $g Aimable, son accordéon et son orgue...[et al.]
210    $d [1961]
215    $a 1 disque $c 33 tours $d 30 cm.
225 0  $a Kangourou
306    $a [1961] d'après la pochette
327    $a Face 1 : Sucu sucu / Alberto Cortez con Hugo Diaz y su conjunto $a Y'en a bon danser cha cha cha / Jack Ary et son High Society $a Dans le cœur de ma blonde / Aimable, son accordéon et son orgue $a Promenade aux Champs-Elysées / Sidney Bechet et l'Orchestre de Claude Luter $a Très moutarde / Claude Luter et son orchestre $a Le voyageur sans étoile : 1er prix au Coq d'Or de la chanson française 1961 : boléro / Aimable, son accordéon et son orgue $a Maschere, maschere, maschere / Korafas $a Face 2 : Passeport to paradise / S. Bechet, mus. ;Buck Clayton, interpr. $a Blue moon / Marcel Bianchi et ses Hawaïans Beachcombers $a Viva la Pachanga $a Les enfants de Cuba / Jack Ary et son High Society $a Aimez-vous Brahms ? : quand tu dors près de moi : goodbye again / Jacky Noguez, son accordéon, ses chœurs et son orchestre $a Violetta : sur les motifs de la "Traviata" de Verdi, Hor' mein lied Violetta / Primo Corchia y su orquesta $a Come sinfonia / Korafas $a Canto de la madre / Roberto Seta et ses rumberos
339    $a m
410    $t Kangourou
701 0  $a Cortez $b Alberto
701    $7 ba0yba0y $8 fre    $a Ary $b Jack $f 19..-.... $c musicien $3 13817437 $9 270669
701 0  $a Bechet $b Sidney
701 0  $a Korafas
701 0  $a Bianchi $b Marcel
701 0  $a Seto $b Roberto
701    $3 13898002 $7 ba0yba0y $8 fre    $a Noguez $b Jacky $f 1929-2007 $9 2742
701    $3 13892737 $7 ba0yba0y $8 fre    $a Corchia $b Primo $f 1913-1997 $9 17921
701    $3 13892560 $7 ba0yba0y $8 fre    $a Clayton $b Buck $f 1911-1991 $9 24311
701    $3 13896876 $7 ba0yba0y $8 fre    $a Luter $b Claude $f 1923-2006 $9 5029
701    $3 10660460 $7 ba0yba0y $8 fre    $a Hugoulin $b Joseph $f 17..?-18.. $9 268439
702 0  $a Diaz $b Hugo
712 0  $a Hawaïans Beachcombers
712    $a High Society
801  0 $a FR $b 595126101 $c 20050323 $g AFNOR
930    $5 595126101:C0000530461 $b 595126101 $a FLRSON 30/FLR/2366 $e Fonds local et régional sonore
995    $0 0 $2 0 $4 0 $5 2005-03-23 $9 31462 $P 10.00 $b MED $c MED $e MED3C $f C0000530461 $h PENRSZZ $k FLRSON 30/FLR/2366 $o 2 $p 10.00 $r PRETSON $s FLRSON_30FLR2366 $w 0 $y 2014-06-30

