01945nam a2200445   4500
001 26696
003 http://www.mediathequederoubaix.fr/ark:/20179/KH26696
010    $a 2-7071-1218-6 $b Br. $d 12,50 F
020    $a FR $b 08109801
033    $a http://catalogue.bnf.fr/ark:/12148/cb34682790t
035    $a FRBNF346827900000000
039    $o OPL $a 001521974
090    $a 26696
091    $b 20240505 $c 1 $a 2
099    $t LI $c 2014-06-30 $d 2024-05-05 $x 0
100    $a 19810511d1981    m  y0frey50      ba
101 1  $a fre $c eng
102    $a FR
105    $a ||||z   00|y|
106    $a r
181  0 $6 01 $a i  $b xxxe  
181    $6 02 $c txt $2 rdacontent
182  0 $6 01 $a n
182    $6 02 $c n $2 rdamedia
200 1  $a L'Internationale raciste $b Texte imprimé $e de la psychologie à la science des races $f Michael Billig $g traduit par Yvonne Llavador et Annie Schnapp-Gourbeillon
210    $a Paris $c F. Maspero $d 1981 $e 61-Alençon $g impr. Corbière et Jugain
215    $a 175 p. $c couv. ill. $d 18 cm
225    $a Petite collection Maspero $v 254
300    $a Partiellement extrait de "Psychology, racism and fascism", du même auteur
339    $a m
410  0 $0 34229282 $t Petite collection Maspero $x 0292-7853 $v 254
606    $3 11940470 $9 8825 $a Racisme $3 11931301 $9 323 $y Europe $3 11975995 $9 324 $z 20e siècle $2 rameau
606    $3 11948995 $9 18083 $a Ethnopsychologie $2 rameau
686    $a 30  $2 Cadre de classement de la Bibliographie nationale française
700    $3 12519894 $9 24499 $o ISNI0000000114453228 $a Billig $b Michael $4 070
702    $3 12621399 $9 319852 $a Llavador $b Yvonne $4 570
702    $3 11924059 $9 24500 $o ISNI0000000079799599 $a Schnapp-Gourbeillon $b Annie $4 730
801  0 $a FR $b FR-751131015 $c 19810511 $g AFNOR $h FRBNF346827900000000 $2 intermrc
999    $a FRBNF346827900000000
995    $0 0 $2 0 $4 0 $5 2005-03-23 $9 31632 $P 1.83 $b MED $c MED $e MED3E $f C0000545589 $h ACFSSZZ $k Mag. in-8/43 667 $o 0 $p 1.83 $r PRETLIV $s MAG___IN8_43_667000000000000 $w 9 $y 2014-06-30

