00757na  a2200217   4500
001 26863
003 http://www.mediathequederoubaix.fr/ark:/20179/KH26863
005 20240505060338.0
035 00 $a HZ_RBX29891
090    $a 26863
091    $a 2 $b 20240505 $c 0
099    $t LI $c 2014-06-30 $d 2024-05-05 $x 0
100    $a 19       1981    k  y0frey5003    ba
101    $a ara $a fre
200    $a Le petit singe
210    $c Flammarion-Père Castor $a Paris $d 1981
215    $a Non paginé $c ill. en coul. , couv. ill. en coul. $d 18x21 cm
305    $a Texte en arabe
339    $a a
801  0 $a FR $b 595126101 $c 20050323 $g AFNOR
995    $0 0 $2 0 $4 0 $5 2005-03-23 $9 31837 $P 13.00 $b MED $c MED $e MED0A $f C0001480376 $h JABLAFI $k EXT E ARAB/A SIN $o 0 $p 13.00 $r PRETLIV $s EXT_E_ARABA_SIN $w 1 $y 2014-06-30

