01100nam a2200277   4500
001 27002
003 http://www.mediathequederoubaix.fr/ark:/20179/KH27002
005 20160125022824.0
035 00 $a HZ_RBX30122
090    $a 27002
091    $a 0
099    $t LI $c 2014-06-30 $d 2014-06-30 $x 0
100    $a 19       1994    k  y0frey5003    ba
101    $a ita
200    $a Marionetta $e cara, vecchia, nostalgica $f Adriano Madonna $g [dir. Fabio Scarsato]
210    $a Padova (Italie) $c Messaggero dei Ragazzi $d [1994]
215    $a Pp. 24-26 $c ill. en coul., couv. ill. en coul. $d 30 cm
315 00 $a Messaggero dei Ragazzi, n ̊10-2 ̊di maggio 1994
339    $a m
606 0  $9 237101 $a Marionnettes $y Italie
700 0  $9 160470 $a Madonna $b Adriano
702 0  $9 160471 $4 340 $a Scarsato $b Fabio
710 0  $9 125496 $a Messaggero dei Ragazzi $c Padova, Italie
801  0 $a FR $b 595126101 $c 20070828 $g AFNOR
930    $5 595126101:C0000383220 $b 595126101 $a BR 4/202 $e Fonds patrimonial
995    $0 0 $2 0 $4 0 $5 2005-03-23 $9 31996 $b MED $c MED $e MED3N $f C0000383220 $h PPEFGZZ $k BR 4/202 $o 2 $r PRETLIV $s BR_4202_000000000000000 $w 0 $y 2014-06-30

