01503nam a2200385   4500
001 27125
003 http://www.mediathequederoubaix.fr/ark:/20179/KH27125
010    $b Br. $d 21 F
020    $a FR $b 08019656
033    $a http://catalogue.bnf.fr/ark:/12148/cb34640339n
035    $a FRBNF346403390000002
039    $o OPL $a 001017255
090    $a 27125
091    $b 20240505 $c 1 $a 2
099    $t LI $c 2014-06-30 $d 2024-05-05 $x 0
100    $a 19801024d1978    m  y0frey50      ba
101 0  $a fre
102    $a FR
105    $a ||||z   00|y|
106    $a r
181  0 $6 01 $a i  $b xxxe  
181    $6 02 $c txt $2 rdacontent
182  0 $6 01 $a n
182    $6 02 $c n $2 rdamedia
200 1  $a Contre violence ou la Résistance à l'État $b Texte imprimé $f Françoise d'Eaubonne $g postface d'Éveline Le Garrec
210    $a Paris $c Éditions Tierce $d 1978 $e Paris $g Impr. COPÉDITH
215    $a 94 p. $c couv. ill. $d 21 cm
339    $a m
606    $3 11933799 $9 20341 $a Violence $2 rameau
686    $a 32  $2 Cadre de classement de la Bibliographie nationale française
700    $3 11901511 $9 23994 $o ISNI0000000109051937 $a Eaubonne $b Françoise d' $4 070
702    $3 11911624 $9 319867 $o ISNI0000000081658592 $a Le Garrec $b Évelyne $4 570
801  0 $a FR $b FR-751131015 $c 19801024 $g AFNOR $h FRBNF346403390000002 $2 intermrc
999    $a FRBNF346403390000002
995    $0 0 $2 0 $4 0 $5 2005-03-23 $9 32131 $P 24.00 $b MED $c MED $e MED3E $f C0000557049 $h ACFHSZZ $k Mag. in-8/43 679 $o 0 $p 24.00 $r PRETLIV $s MAG___IN8_43_679000000000000 $w 0 $y 2014-06-30

