01661cam a2200421   4500
001 27355
003 http://www.mediathequederoubaix.fr/ark:/20179/KH27355
010    $a 2-86938-098-4 $b br. $d 300 F
020    $a FR $b 09506941
033    $a http://catalogue.bnf.fr/ark:/12148/cb357229804
035    $a FRBNF357229800000008
039    $o OPL $a 018137871
090    $a 27355
091    $b 20240505 $c 1 $a 2
099    $t LI $c 2014-06-30 $d 2024-05-05 $x 0
100    $a 19941128d1994    m  h0frey50      ba
101 0  $a fre
102    $a FR
105    $a a   z   00|y|
106    $a r
181  0 $6 01 $a i  $b xxxe   $a b  $b xb2e  
181    $6 02 $c txt $c sti $2 rdacontent
182  0 $6 01 $a n
182    $6 02 $c n $2 rdamedia
200 1  $a Le cinéma français vu par $b Texte imprimé $e répertoire des documents audiovisuels sur le cinéma français
210    $a [Bry-sur-Marne] $c Institut national de l'audiovisuel $d 1994 $e 77-Lagny $g Impr. Azaprim
215    $a 367 p. $c ill. $d 24 cm
300    $a Index
339    $a m
606    $3 11949586 $9 25151 $a Documents audiovisuels $3 11931476 $9 109 $y France $2 rameau
606    $3 11936118 $9 1343 $a Cinéma $3 11931476 $9 109 $y France $2 rameau
608    $3 11975940 $9 430 $a Catalogues $2 rameau
608    $3 11944971 $9 25152 $a Filmographie $2 rameau
676    $a 016.791 430944 $v 23
686    $a 791 $2 Cadre de classement de la Bibliographie nationale française
801  0 $a FR $b FR-751131015 $c 19941128 $g AFNOR $h FRBNF357229800000008 $2 intermrc
999    $a FRBNF357229800000008
995    $0 0 $2 0 $4 0 $5 2005-03-23 $9 32400 $P 34.30 $b MED $c MED $e MED2B $f C0000955598 $h ACFUEZZ $k U ETUD/791.43 CIN $o 2 $p 34.30 $r PRETLIV $s U_ETUD791_43_000000000000000_C $w 0 $y 2014-06-30

