01009nj  a2200277   4500
001 27608
003 http://www.mediathequederoubaix.fr/ark:/20179/KH27608
005 20240505061536.0
035 00 $a HZ_RBX31509
071 0  $b Warner Bros $a 9362-45700-2
090    $a 27608
091    $a 1 $b 20240505 $c 0
099    $t DC $c 2014-06-30 $d 2024-05-05 $x 10
100    $a 19       1994    k  y0frey5003    ba
101    $a fre
200    $a Come $b Enr. sonore $f Prince
210    $d P 1994
215    $a 1 d.c. $e 1 dépl.
327    $a Come $a Space $a Pheromone $a Loose! $a Papa $a Race $a Dark $a Solo $a Letitgo $a Orgasm
339    $a m
606    $a Funk $y Etats-Unis $y Minneapolis (Minn.) $x Disques $2 rameau
606    $a Rock (musique) $y Etats-Unis $x Disques $2 rameau
679    $a 2
700 0  $7 ba0yba0y $8 fre    $a Prince $f 1958-2016
801  0 $a FR $b 595126101 $c 20110525 $g AFNOR
995    $0 0 $2 0 $4 0 $5 2005-03-23 $9 32714 $P 17.26 $b MED $c MED $e MED1A $f C0000021933 $h AMV20ZZ $k DC/2 PRI $o 0 $p 17.26 $r PRETSON $s DC_2_000000000000000_PRI $u VDS Aout 2014 $w 59 $y 2022-04-09

