01763nam a2200433   4500
001 27827
003 http://www.mediathequederoubaix.fr/ark:/20179/KH27827
010    $a 2-03-871592-0 $b br. $d 30 F
020    $a FR $b 09501149
033    $a http://catalogue.bnf.fr/ark:/12148/cb357217821
035    $a FRBNF357217820000007
039    $o OPL $a 018117064
090    $a 27827
091    $b 20240505 $c 1 $a 2
099    $t LI $c 2014-06-30 $d 2024-05-05 $x 2
100    $a 19941122d1994    m  y0frey50      ba
101 0  $a fre
102    $a FR
105    $a a   z   00|y|
106    $a r
181  0 $6 01 $a i  $b xxxe   $a b  $b xb2e  
181    $6 02 $c txt $c sti $2 rdacontent
182  0 $6 01 $a n
182    $6 02 $c n $2 rdamedia
200 1  $a Anthologie de la littérature française $h 2 $i XVIIe siècle $b Texte imprimé $f textes choisis et présentés par Robert Horville,...
210    $a [Paris] $c Larousse $d 1994 $e 27-Evreux $g Impr. Hérissey
215    $a 336 p. $c ill., couv. ill. en coul. $d 18 cm
225    $a Classiques Larousse $x 0297-4479
300    $a Titre de couv. : "Littérature française, XVIIe siècle"
300    $a Index
339    $a m
410  0 $0 34230099 $t Classiques Larousse (1985) $x 0297-4479 $d 1994
608    $3 11978748 $9 25545 $a Littérature française $z 17e siècle $2 rameau
608    $3 11934772 $9 736 $a Anthologies $2 rameau
686    $a 824 $2 Cadre de classement de la Bibliographie nationale française
702    $3 11907746 $9 25546 $o ISNI0000000108700667 $a Horville $b Robert $4 340
801  0 $a FR $b FR-751131015 $c 19941122 $g AFNOR $h FRBNF357217820000007 $2 intermrc
999    $a FRBNF357217820000007
995    $0 0 $2 0 $4 0 $5 2005-03-23 $9 32946 $P 3.43 $b MED $c MED $e MED1A $f C0000862478 $h ALTDCZZ $k Doc./840 ABC $o 0 $p 3.43 $r PRETLIV $s DOC__840_000000000000000_ABC $w 26 $y 2014-09-27

