01690nam a2200433   4500
001 28036
003 http://www.mediathequederoubaix.fr/ark:/20179/KH28036
010    $a 2-8011-0391-8 $d 39 F
020    $a FR $b 08608391
033    $a http://catalogue.bnf.fr/ark:/12148/cb34839673z
035    $a FRBNF348396730000003
039    $o OPL $a 003655947
090    $a 28036
091    $b 20240505 $c 1 $a 2
099    $t LI $c 2014-06-30 $d 2024-05-05 $x 26
100    $a 19840420d1982    m  y0frey50      ba
101 0  $a fre
102    $a FR
105    $a ||||z   00|||
106    $a r
181  0 $6 01 $a i  $b xxxe  
181    $6 02 $c txt $2 rdacontent
182  0 $6 01 $a n
182    $6 02 $c n $2 rdamedia
200 1  $a Ernest et Célestine chez le photographe $b Texte imprimé $f Gabrielle Vincent
210    $a Paris $a Gembloux $c Duculot $d 1982
215    $a [28] p.
225    $a Les Albums Duculot
339    $a a
410  0 $0 34236194 $t Les Albums Duculot $x 0775-4426 $v 58
608    $a Albums $2 CNLJ $k Avis critique donné par le Centre national de la littérature pour la jeunesse
610 0  $a Jalousie (album) (ALS)
610 0  $a Ours (album) (ALS)
686    $a 83  $2 Cadre de classement de la Bibliographie nationale française
700    $3 12013729 $9 4807 $a Vincent $b Gabrielle $4 070
801  0 $a FR $b FR-751131015 $c 19840420 $g AFNOR $h FRBNF348396730000003 $2 intermrc
999    $a FRBNF348396730000003
995    $0 0 $2 0 $4 0 $5 2005-03-23 $9 33171 $P 11.00 $b MED $c MED $e MED0A $f C0001307934 $h JABPFAF $k EXT PE A/VIN $o 0 $p 11.00 $r PRETLIV $s EXT_PE_AVIN $w 12 $y 2017-05-10
995    $0 0 $2 0 $4 0 $5 2021-10-30 $9 434417 $P 14.50 $b MED $c MED $e MED0A $f C3500014323 $h JABEFAE $k EXT E A/VIN $n 2024-07-11 $o 0 $r PRETLIV $s EXT_E_A_VIN $w 2 $y 2023-08-31

