01768cam a2200433   4500
001 28202
003 http://www.mediathequederoubaix.fr/ark:/20179/KH28202
010    $a 2-02-004436-6 $b Br. $d 36 F
020    $a FR $b 07617183
033    $a http://catalogue.bnf.fr/ark:/12148/cb345837828
035    $a FRBNF345837820000000
039    $o OPL $a 000390632
090    $a 28202
091    $b 20240505 $c 1 $a 2
099    $t LI $c 2014-06-30 $d 2024-05-05 $x 0
100    $a 19761027d1976    m  y0frey50      ba
101 1  $a fre $c eng
102    $a FR
105    $a ||||z   00|y|
106    $a r
181  0 $6 01 $a i  $b xxxe  
181    $6 02 $c txt $2 rdacontent
182  0 $6 01 $a n
182    $6 02 $c n $2 rdamedia
200 1  $a Les Hauts fonctionnaires et la politique $b Texte imprimé $f Ezra N. Suleiman $g traduit de l'américain par Martine Meusy
210    $a Paris $c Éditions du Seuil $d 1976 $e 18-Saint-Amand $g impr. Bussière
215    $a 1 vol. (237 p.) $d 21 cm
225    $a Sociologie politique $v 3
339    $a m
410  0 $0 34255906 $t Sociologie politique (Paris) $x 1775-3511 $v 3
454  1 $t Politics, power and bureaucracy in France
606    $3 11938993 $9 25903 $a Hauts fonctionnaires $3 11931476 $9 109 $y France $3 11975995 $9 324 $z 20e siècle $2 rameau
676    $a 305.524 $v 23
686    $a 32 $2 Cadre de classement de la Bibliographie nationale française
700    $3 11925739 $9 25904 $o ISNI0000000116866536 $a Suleiman $b Ezra N. $f 1941-.... $4 070
702    $3 12625433 $9 320003 $a Meusy $b Martine $4 570
801  0 $a FR $b FR-751131015 $c 19761027 $g AFNOR $h FRBNF345837820000000 $2 intermrc
999    $a FRBNF345837820000000
995    $0 0 $2 0 $4 0 $5 2005-03-23 $9 33346 $P 5.49 $b MED $c MED $e MED3E $f C0000726274 $h ACFSSZZ $k Mag. in-8/40 972 $o 0 $p 5.49 $r PRETLIV $s MAG___IN8_40_972000000000000 $w 3 $y 2014-06-30

