01329nam a2200289   4500
001 28406
003 http://www.mediathequederoubaix.fr/ark:/20179/KH28406
005 20180720164849.0
035 00 $a HZ_RBX33103
090    $a 28406
091    $a 0
099    $t LI $c 2014-06-30 $d 2014-06-30 $x 0
100    $a 19       1988    k  y0frey5003    ba
101    $a fre
200    $a Communauté urbaine de Lille $e 68-88 $e 20 ans $f [réal. Communauté urbaine de Lille $g édito. Arthur Notebart,...]
210    $a Lille $c Communauté urbaine de Lille $d 1988
215    $a 219 p. $c ill. en coul., couv. ill. en coul. $d 30 cm
339    $a m
601 0  $9 123419 $a Communauté urbaine de Lille $x Crédits budgétaires et dépenses
620 00 $d Lille
676    $a 914.42
702 0  $9 285130 $a Notebart $b Arthur $f 1914-2002 $4 080
710 0  $9 123419 $4 650 $a Communauté urbaine de Lille $x Crédits budgétaires et dépenses
801  0 $a FR $b 595126101 $c 20070903 $g AFNOR
930    $5 595126101:C0000383327 $b 595126101 $a MAG L/P 4/205 386 $e Fonds patrimonial
995    $0 0 $2 0 $4 0 $5 2005-03-23 $9 33564 $b MED $c MED $e MED3J $f C0002930578 $h PPEFGZZ $k MAG L/P 4/208 557 $o 2 $r PRETLIV $s MAG_LP_4208_557000000000000 $w 0 $y 2014-06-30
995    $0 0 $2 0 $4 0 $5 2005-03-23 $9 33565 $b MED $c MED $e MED3J $f C0000383327 $h PPEFGZZ $k MAG L/P 4/205 386 $o 2 $r PRETLIV $s MAG_LP_4205_386000000000000 $w 0 $y 2014-06-30

