01562nam a2200349   4500
001 28556
003 http://www.mediathequederoubaix.fr/ark:/20179/KH28556
005 20170518162604.0
010    $a 2-85056-217-3
033    $a http://catalogue.bnf.fr/ark:/12148/cb357376080
035 00 $a HZ_RBX33313
090    $a 28556
091    $a 0
099    $t LI $c 2014-06-30 $d 2014-06-30 $x 0
100    $a 19       1994    k  y0frey5003    ba
101    $a fre
200    $a Exposons, affichons... $e 300 affiches d'expositions $e [expositions présentées à l'occasion des cinquièmes rencontres internationales des arts graphiques de Chaumont (Haute-Marne)] $f Ville de Chaumont $g [prés. du festival Thierry Simon]
210    $a Paris $a Chaumont $c A. Somogy $c Ville de Chaumont $d 1994
215    $a 141 p. $c ill. en coul., couv. ill. en coul. $d 25 cm
225 0  $a Par voie d'affiches
320    $a Index.
339    $a m
410    $t Par voie d'affiches
503    $a Exposition $k 5 $m Chaumont $n Bibliothèque Municipale $j 1994
606 0  $9 240425 $a Affiches $x Catalogues d'exposition
606 0  $9 240426 $a Arts graphiques $x Affiches
702 0  $9 161020 $4 340 $a Simon $b Thierry
710 0  $9 125619 $a Chaumont
712    $9 125620 $a Rencontres internationales des arts graphiques $e Chaumont
801  0 $a FR $b 595126101 $c 20101005 $g AFNOR
930    $5 595126101:C0000956251 $b 595126101 $a MAG L/P 8/105 597 $e Fonds patrimonial
995    $0 0 $2 0 $4 0 $5 2005-03-23 $9 33726 $P 20.01 $b MED $c MED $e MED3I $f C0000956251 $h PPEFGZZ $k MAG L/P 8/105 597 $o 2 $p 20.01 $r PRETLIV $s MAG_LP_8105_597000000000000 $w 1 $y 2014-06-30

