01505ng  a2200349   4500
001 28702
003 http://www.mediathequederoubaix.fr/ark:/20179/KH28702
005 20220923063840.0
035 00 $a HZ_RBX33534
090    $a 28702
091    $a 0
099    $t VI $c 2014-06-30 $d 2022-09-23 $x 0
100    $a 19       1934    k  y0frey5003    ba
101    $a fre
200    $a Le Comte Obligado $b Vidéocassette $f Léon Mathot, réal. $g René Pujol, scén.
210    $a France $c Eureka Film $d 1934
215    $a 1 cassette vidéo (1h35) $c noir et blanc, sonore $d vhs
225 0  $a Mémoire du Cinéma Français
323    $a Interprètes, Georges Milton, Paulette Dubost, ... [et al.]
339    $a m
345    $a ADAV $b 9466
410    $t Mémoire du Cinéma Français
606 0  $a Opérettes $x Adaptations cinématographiques et télévisées $2 rameau
606 0  $a Cinéma $y France $z 1929-1945 $2 rameau
606 0  $7 ba0yba0y $8 fre    $a   $9 69069
701    $7 ba0yba0y $8 fre    $a Pujol $b René $f 1887-1942 $4 070 $9 111748
700    $7 ba0yba0y $8 fre    $a Mathot $b Léon $f 1886-1968 $4 370 $9 44863
702    $7 ba0yba0y $8 fre    $a Milton $b Georges $f 1888-1970 $9 5967
702    $7 ba0yba0y $8 fre    $a Dubost $b Paulette $f 1910-2011 $9 111750
801  0 $a FR $b 595126101 $c 20070903 $g AFNOR
930    $5 595126101:C0000028317 $b 595126101 $a FL VHS/Image 67 $e Fonds local image
995    $0 0 $2 0 $4 0 $5 2005-03-23 $9 33901 $P 23.17 $b MED $c MED $e MED3C $f C0000028317 $h PPAFIZZ $k FL VHS/Image 67 $o 2 $p 23.17 $r PRETDVD $s FL_VHSIMAGE_67_000000000000000 $w 0 $y 2014-06-30

