01359nam a2200325   4500
001 28889
003 http://www.mediathequederoubaix.fr/ark:/20179/KH28889
005 20240210212006.0
010    $a 2-8400-1062-3
033    $a http://catalogue.bnf.fr/ark:/12148/cb35724881p
035 00 $a HZ_RBX33878
090    $a 28889
091    $a 0
099    $t LI $c 2014-06-30 $d 2024-02-10 $x 6
100    $a 19       1994    k  y0frey5003    ba
101    $a fre
200    $a La Dynamique du client $e une révolution des services $f de Richard Whiteley $g Gérard Mulliez prés. et comment.
210    $a Paris $c Maxima $d 1994
215    $a 336 p. $d 24 cm
320    $a Bibliogr.
339    $a m
606    $9 29864 $7 ba0yba0y $8 fre    $a Marketing social
606 00 $9 240467 $a Patron et client
676    $a 658.8
700 0  $9 281046 $a Whiteley $b Richard
702    $7 ba0yba0y $8 fre    $a Mulliez $b Gérard $f 1931-.... $4 340 $9 281047
801  0 $a FR $b 595126101 $c 20070828 $g AFNOR
930    $5 595126101:C0000193154 $b 595126101 $a RES 8/5025 $e Fonds patrimonial
995    $0 0 $2 0 $4 0 $5 2005-03-23 $9 34119 $P 17.15 $b MED $c MED $e MED3O $f C0000193154 $h PPEFGZZ $k RES 8/5025 $o 2 $p 17.15 $r PRETLIV $s RES_85025_000000000000000 $w 0 $y 2014-06-30
995    $0 0 $2 0 $4 0 $5 2015-05-13 $9 322056 $P 19.00 $b MED $c MED $e MED0C $f C0005964734 $h PRRRXZZ $k ROUBAIX/330 MUL $o 0 $p 19.00 $r PRETLIV $s ROUBAIX_330_000000000000000_MUL $w 6 $y 2024-02-17 $A 1

