01707nam a2200409   4500
001 29294
003 http://www.mediathequederoubaix.fr/ark:/20179/KH29294
010    $a 2-85616-587-7 $b br. $d 98 F
020    $a FR $b 09119014
033    $a http://catalogue.bnf.fr/ark:/12148/cb35410215j
035    $a FRBNF354102150000000
039    $o OPL $a 012554025
090    $a 29294
091    $b 20240505 $c 1 $a 2
099    $t LI $c 2014-06-30 $d 2024-05-05 $x 0
100    $a 19910410d1991    m  y0frey50      ba
101 0  $a fre
102    $a FR
105    $a a   z   00|y|
106    $a r
181  0 $6 01 $a i  $b xxxe   $a b  $b xb2e  
181    $6 02 $c txt $c sti $2 rdacontent
182  0 $6 01 $a n
182    $6 02 $c n $2 rdamedia
200 1  $a Irène Joliot-Curie $b Texte imprimé $f Noëlle Loriot $g avec la collab. du Dr Houdard-Koessler
210    $a Paris $c Presses de la Renaissance $d 1991 $e 18-Saint-Amand-Montrond $g Impr. SEPC
215    $a 303 p.-[8] p. de pl. $c couv. ill. $d 23 cm
300    $a Bibliogr., 2 p.
339    $a m
600    $3 12275132 $9 26976 $a  Joliot-Curie  $b  Irène  $f  1897-1956 $2 rameau
600    $3 12275131 $9 26977 $a Joliot-Curie $b Jean Frédéric $f 1900-1958 $2 rameau
686    $a 92  $2 Cadre de classement de la Bibliographie nationale française
700    $3 11913367 $9 26978 $o ISNI0000000110304196 $a Loriot $b Noëlle $f 1925-.... $4 070
702    $3 12203828 $9 842 $o ISNI0000000115821926 $a Houdard-Koessler $b Yvonne $f 1922-1998 $4 205
801  0 $a FR $b FR-751131015 $c 19910410 $g AFNOR $h FRBNF354102150000000 $2 intermrc
999    $a FRBNF354102150000000
995    $0 0 $2 0 $4 0 $5 2005-03-23 $9 34567 $P 14.94 $b MED $c MED $e MED3E $f C0000861147 $h ACFSCZZ $k Mag. in-8/44 059 $o 0 $p 14.94 $r PRETLIV $s MAG___IN8_44_059000000000000 $w 5 $y 2014-06-30

