01520nj  a2200325   4500
001 29575
003 http://www.mediathequederoubaix.fr/ark:/20179/KH29575
005 20240505064921.0
035 00 $a HZ_RBX35119
071 0  $b Archiv Produktion $a 439 866-2
090    $a 29575
091    $a 1 $b 20240505 $c 0
099    $t DC $c 2014-06-30 $d 2024-05-05 $x 3
100    $a 19       1994    k  y0frey5003    ba
101    $a fre
200    $a Marian Cantatas & Arias $b Enr. sonore $f George Frederic Handel $g Anne Sofie von Otter, S $g Musica Antiqua Köln $g Reinhard Gœbel, dir.
210    $d P 1994
215    $a 1 d.c. $e 1 brochure (33 p. ; 12 cm)
327    $a Haec est Regina virginum, HWV 235 $a Ah ! che troppo ineguali, HWV 230 $a Donna, che in ciel di tanta luce splendi, HWV 233 $a Il pianto di Maria "Giunta l'or fatal", HWV 234
339    $a m
606    $a Musique $z 17e siècle $x Disques $2 rameau
606    $a Cantates sacrées $x Disques $2 rameau
606    $a Marie, Sainte Vierge $x Chants et musique $2 rameau
679    $a 3 $c 41
700    $7 ba0yba0y $8 freger $a Händel $b Georg Friedrich $f 1685-1759 $3 13987321 $9 2308
702    $7 ba0yba0y $8 fre    $a Goebel $b Reinhard $f 1952-.... $3 13894561 $4 250 $9 6026
702    $7 ba0yba0y $8 fre    $a Otter $b Anne Sofie von $f 1955-.... $3 13546349 $9 6023
712 0  $a Musica Antiqua $c Köln
801  0 $a FR $b 595126101 $c 20110210 $g AFNOR
995    $0 0 $2 0 $3 0 $4 0 $5 2005-03-23 $9 34859 $P 22.11 $b MED $c MED $e MED1A $f C0000025911 $h AMV30ZZ $k DC/3 HAE/LITURGIE $o 0 $p 22.11 $r PRETSON $s DC_3_000000000000000_HAE_LITURGIE $w 35 $y 2023-06-28 $A 0

