01626cam a2200409   4500
001 29791
003 http://www.mediathequederoubaix.fr/ark:/20179/KH29791
010    $a 2-07-073980-5 $b br. $d 39 F
033    $a http://catalogue.bnf.fr/ark:/12148/cb357290883
035    $a FRBNF357290880000009
039    $o OPL $a 018243426
090    $a 29791
091    $a 2 $b 20240505 $c 1
099    $t LI $c 2014-06-30 $d 2024-05-05 $x 3
100    $a 19950104d1994    m  y0frey50      ba
101 1  $a fre $c tur
102    $a FR
105    $a ||||z   00|a|
106    $a r
181  0 $6 01 $a i  $b xxxe  
181    $6 02 $c txt $2 rdacontent
182  0 $6 01 $a n
182    $6 02 $c n $2 rdamedia
200 1  $a Anthologie de la poésie turque $b Texte imprimé $e XIIIe-XXe siècle $f textes choisis, présentés et trad. du turc par Nimet Arzik
210    $a [Paris] $c Gallimard $d 1994 $e 18-Saint-Amand-Montrond $g Impr. SEPC
215    $a 166 p. $c couv. ill. en coul. $d 19 cm
225    $a Connaissance de l'Orient $e série turque $v 68
339    $a m
410  0 $0 34232146 $t Connaissance de l'Orient $x 0589-3496 $v 68
608    $3 12102400 $9 297367 $a Poésie turque $2 rameau
608    $3 11934772 $9 736 $a Anthologies $2 rameau
676    $a 894.351 08 $v 23
686    $a 821 $2 Cadre de classement de la Bibliographie nationale française
702    $3 12440516 $9 284293 $o ISNI0000000025574554 $a Arzık $b Nimet $f 1923-1989 $4 730
801  0 $a FR $b FR-751131015 $c 19950104 $g AFNOR $h FRBNF357290880000009 $2 intermrc
999    $a FRBNF357290880000009
995    $0 0 $2 0 $4 0 $5 2005-03-23 $9 35100 $P 4.46 $b MED $c MED $e MED1A $f C0000775443 $h ALTPOZZ $k P/ABC $o 0 $p 4.46 $r PRETLIV $s PABC $w 11 $y 2022-10-13

