02169cam a2200481   4500
001 29997
003 http://www.mediathequederoubaix.fr/ark:/20179/KH29997
010    $b Br. $d 140 F
020    $a FR $b 09211817
033    $a http://catalogue.bnf.fr/ark:/12148/cb35085606n
035    $a FRBNF350856060000000
039    $o OPL $a 008092328
090    $a 29997
091    $b 20240505 $c 1 $a 2
099    $t LI $c 2014-06-30 $d 2024-05-05 $x 0
100    $a 19900710d1990    m  y0frey50      ba
101 0  $a fre $a eng $g fre
102    $a FR
105    $a a   z   00|y|
106    $a r
181  0 $6 01 $a i  $b xxxe   $a b  $b xb2e  
181    $6 02 $c txt $c sti $2 rdacontent
182  0 $6 01 $a n
182    $6 02 $c n $2 rdamedia
200 1  $a Poupées franc̜aises en celluloïd $b Texte imprimé $e guide pour collectionneur $f Kathy Moreau
210    $a Paris $b 39 rue Vaneau, 75007 $c Centre d'études et de recherche sur la poupée $d 1990 $e Paris $g Impr. Jouve
215    $a 154 p. $c ill. en noir et en coul., couv. ill. en coul. $d 21 cm
225    $a Jouets et poupées $v 4
300    $a Index
304    $a Mention parallèle de titre ou de responsabilité : French celluloid dolls : collectors guide
339    $a m
410  0 $0 34238629 $t Jouets et poupées $x 0762-9869 $v 4
510 1  $z eng $a French celluloid dolls $e collectors guide
606    $3 11935444 $9 11934 $a Poupées $3 11936141 $9 5492 $x Collectionneurs et collections $2 rameau
606    $3 11935444 $9 11934 $a Poupées $3 11970967 $9 18482 $x Prix $2 rameau
606    $3 11935444 $9 11934 $a Poupées $3 11931476 $9 109 $y France $2 rameau
608    $3 11975940 $9 430 $a Catalogues $2 rameau
608    $a Ouvrages de référence $2 CNLJ $k Avis critique donné par le Centre national de la littérature pour la jeunesse
686    $a 793 $2 Cadre de classement de la Bibliographie nationale française
700    $3 12926669 $9 27634 $o ISNI0000000034757424 $a Moreau $b Kathy $f 1948-.... $4 070
801  0 $a FR $b FR-751131015 $c 19900710 $g AFNOR $h FRBNF350856060000000 $2 intermrc
999    $a FRBNF350856060000000
995    $0 0 $2 0 $4 0 $5 2005-03-23 $9 35329 $P 24.00 $b MED $c MED $e MED3E $f C0000890463 $h AAPPLSL $k Mag 8/44 142 $o 0 $p 24.00 $r PRETLIV $s MAG_8_440000000000000_142 $w 5 $y 2014-06-30

