01226nj  a2200289   4500
001 30234
003 http://www.mediathequederoubaix.fr/ark:/20179/KH30234
005 20240505065913.0
035 00 $a HZ_RBX36287
071 0  $b Zopf ; Tangram $a 852 498
090    $a 30234
091    $a 1 $b 20240505 $c 0
099    $t DC $c 2014-06-30 $d 2024-05-05 $x 3
100    $a 19       1993    k  y0frey5003    ba
101    $a fre
200    $a Union cafe $b Enr. sonore $f Penguin Cafe orchestra
210    $d P 1993
215    $a 1 d.c. $e 1 dépl.
305    $a Enr. 1990-1993
327    $a Scherzo and trio $a Lifeboat : lovers rock $a Nothing really blue $a Cage dead $a Vega $a Yodel 3 $a Organum $a Another one form Porlock $a Thorn tree wind $a Silver star of Bologna $a Discover America $a Pythagoras on the line $a Kora Kora $a Lie back and think of England $a Red shorts $a Passing through
339    $a m
606    $a Musique nouvelle $x Disques $2 rameau
679    $a 450
701 0  $a Jeffes $b Simon
710    $7 ba0yba0y $8 fre    $a Penguin cafe orchestra $3 13905707 $9 27876
801  0 $a FR $b 595126101 $c 20070828 $g AFNOR
995    $0 0 $2 0 $4 0 $5 2005-03-23 $9 35598 $P 14.48 $b MED $c MED $e MED1A $f C0000025953 $h AMV39ZZ $k DC/450 PEN $o 0 $p 14.48 $r PRETSON $s DC_450_000000000000000_PEN $w 45 $y 2019-11-05

