01975nam a2200469   4500
001 30517
003 http://www.mediathequederoubaix.fr/ark:/20179/KH30517
010    $a 2-226-07546-1 $b br. $d 160 F
020    $a FR $b 09509932
033    $a http://catalogue.bnf.fr/ark:/12148/cb357364620
035    $a FRBNF357364620000004
039    $o OPL $a 018535245
090    $a 30517
091    $b 20240505 $c 1 $a 2
099    $t LI $c 2014-06-30 $d 2024-05-05 $x 4
100    $a 19950213d1994    m  y0frey50      ba
101 0  $a fre
102    $a FR
105    $a ||||z   00|y|
106    $a r
181  0 $6 01 $a i  $b xxxe  
181    $6 02 $c txt $2 rdacontent
182  0 $6 01 $a n
182    $6 02 $c n $2 rdamedia
200 1  $a Naissance du chômeur $b Texte imprimé $e 1880-1910 $f Christian Topalov
210    $a Paris $c A. Michel $d 1994 $e 85-Luçon $g Impr. Pollina
215    $a 626 p. $c fig., couv. ill. $d 23 cm
225    $a L'évolution de l'humanité $x 0755-1843
300    $a Bibliogr. p. 531-588. Index
339    $a m
410  0 $0 34232649 $t L'Évolution de l'humanité $x 0755-1843 $d 1994
606    $3 11977440 $9 28179 $a Chômeurs $3 11931476 $9 109 $y France $3 11976062 $9 586 $z 1870-1914 $2 rameau
606    $3 11977440 $9 28179 $a Chômeurs $3 11931584 $9 3312 $y Grande-Bretagne $3 11976062 $9 586 $z 1870-1914 $2 rameau
606    $3 11950064 $9 28180 $a Chômage $3 11975796 $9 5683 $x Terminologie $3 11934444 $9 494 $x Histoire $2 rameau
606    $3 11950064 $9 28180 $a Chômage $3 11934444 $9 494 $x Histoire $2 rameau
676    $a 306.361 $v 23
676    $a 331.137 $v 23
686    $a 93  $2 Cadre de classement de la Bibliographie nationale française
700    $3 11926813 $9 28181 $o ISNI000000012117178X $a Topalov $b Christian $f 1944-.... $4 070
801  0 $a FR $b FR-751131015 $c 19950213 $g AFNOR $h FRBNF357364620000004 $2 intermrc
999    $a FRBNF357364620000004
995    $0 0 $2 0 $4 0 $5 2005-03-23 $9 35919 $P 18.29 $b MED $c MED $e MED3A $f C0000838673 $h ACFSSZZ $k Doc./331.1 CHO $o 0 $p 18.29 $r PRETLIV $s DOC___331_100000000000000_CHO $w 12 $y 2023-09-13 $7  $8  $A  $m  $z 

