01534nam a2200397   4500
001 30746
003 http://www.mediathequederoubaix.fr/ark:/20179/KH30746
010    $b Rel. $d 195 F
020    $a FR $b 07712208
033    $a http://catalogue.bnf.fr/ark:/12148/cb34706172q
035    $a FRBNF347061720000001
039    $o OPL $a 001789470
090    $a 30746
091    $b 20240505 $c 1 $a 2
099    $t LI $c 2014-06-30 $d 2024-05-05 $x 2
100    $a 19770823d1977    m  y0frey50      ba
101 0  $a fre
102    $a CH
105    $a a   z   00|y|
106    $a r
181  0 $6 01 $a i  $b xxxe   $a b  $b xb2e  
181    $6 02 $c txt $c sti $2 rdacontent
182  0 $6 01 $a n
182    $6 02 $c n $2 rdamedia
200 1  $a Jean-François Millet $b Texte imprimé $f par André Fermigier
210    $a Genève $c Skira $a [Paris] $c [diffusion Flammarion] $d 1977 $e impr. en Suisse
215    $a 151 p. $c ill. en noir et en coul. $d 35 cm
225    $a Découverte du dix-neuvième siècle
300    $a Bibliogr. p. 137-138. Index
339    $a m
410  0 $0 34236465 $t Découverte du dix-neuvième siècle $x 0378-5785 $v 1
686    $a 70  $2 Cadre de classement de la Bibliographie nationale française
700    $3 11902570 $9 22369 $o ISNI000000011027242X $a Fermigier $b André $4 070
801  0 $a FR $b FR-751131015 $c 19770823 $g AFNOR $h FRBNF347061720000001 $2 intermrc
999    $a FRBNF347061720000001
995    $0 0 $2 0 $4 0 $5 2005-03-23 $9 36175 $P 29.73 $b MED $c MED $e MED3G $f C0001755721 $h AAPATAP $k Mag Fol/560 $o 0 $p 29.73 $r PRETLIV $s MAG_FOL_560_000000000000000 $w 26 $y 2017-12-20 $A 0

