01914nam a2200457   4500
001 31030
003 http://www.mediathequederoubaix.fr/ark:/20179/KH31030
010    $a 2-11-081116-1 $b rel. $d 370 F
020    $a FR $b 09200646
033    $a http://catalogue.bnf.fr/ark:/12148/cb35474142c
035    $a FRBNF354741420000002
039    $o OPL $a 013449066
090    $a 31030
091    $b 20240505 $c 1 $a 2
099    $t LI $c 2014-06-30 $d 2024-05-05 $x 1
100    $a 19911022d1991    m  h0frey50      ba
101 0  $a fre
102    $a FR
105    $a a   z   00|y|
106    $a r
181  0 $6 01 $a i  $b xxxe   $a b  $b xb2e  
181    $6 02 $c txt $c sti $2 rdacontent
182  0 $6 01 $a n
182    $6 02 $c n $2 rdamedia
200 1  $a Ajanta $b Texte imprimé $f textes, Amina Okada,... $g introd., André Bareau,... $g photogr., Jean-Louis Nou
210    $a Paris $c Impr. nationale éd. $d 1991 $e Paris $g Impr. nationale
215    $a 219 p.-[2] f. dépl. $c ill. en coul. $d 31 cm
300    $a Bibliogr. p. 219
339    $a m
606    $3 11981447 $9 4688 $a Art bouddhique $3 11934238 $9 8695 $y Inde $2 rameau
606    $3 11960042 $9 28717 $a Antiquités bouddhiques $3 11934238 $9 8695 $y Inde $2 rameau
607    $3 11991135 $9 28718 $a Ajaṇṭā, Grottes d' (Inde) $2 rameau
676    $a 704.948 943 $v 23
676    $a 755.943 $v 23
686    $a 70  $2 Cadre de classement de la Bibliographie nationale française
700    $3 11918059 $9 18942 $o ISNI0000000079708319 $a Taha Hussein-Okada $b Amina $4 070
701    $3 11917890 $9 7700 $o ISNI000000010924822X $a Nou $b Jean-Louis $f 1941-1992 $4 070
702    $3 12058448 $9 28719 $o ISNI0000000121266818 $a Bareau $b André $f 1921-1993 $4 080
801  0 $a FR $b FR-751131015 $c 19911022 $g AFNOR $h FRBNF354741420000002 $2 intermrc
999    $a FRBNF354741420000002
995    $0 0 $2 0 $4 0 $5 2005-03-23 $9 36477 $P 56.41 $b MED $c MED $e MED1A $f C0000770605 $h AAPATAP $k Doc./716 BOU $o 0 $p 56.41 $r PRETLIV $s DOC__716_000000000000000_BOU $w 3 $y 2019-01-08

