01947cam a2200433   4500
001 31261
003 http://www.mediathequederoubaix.fr/ark:/20179/KH31261
010    $a 2-253-02582-8 $b Br. $d 26,60 F
020    $a FR $b 08107516
033    $a http://catalogue.bnf.fr/ark:/12148/cb34681009z
035    $a FRBNF346810090000006
039    $o OPL $a 001501060
090    $a 31261
091    $b 20240505 $c 1 $a 2
099    $t LI $c 2014-06-30 $d 2024-05-05 $x 0
100    $a 19810406d1980    m  y0frey50      ba
101 1  $a fre $c ita
102    $a FR
105    $a ||||z   00|y|
106    $a r
181  0 $6 01 $a i  $b xxxe  
181    $6 02 $c txt $2 rdacontent
182  0 $6 01 $a n
182    $6 02 $c n $2 rdamedia
200 1  $a Mémoires et livrets $b Texte imprimé $f Lorenzo Da Ponte $g édition établie, présentée, [traduite] et annotée par Jean-François Labie
210    $a Paris $c le Livre de poche $d 1980 $e 72-La Flèche $g impr. Brodard et Taupin
215    $a 696 p. $c couv. ill. en coul. $d 18 cm
225    $a Le Livre de poche $v 8357 $i Collection Pluriel $x 0152-1535
300    $a Texte italien des livrets et traduction française en regard
300    $a Contient les livrets de Le Nozze di Figaro, Don Giovanni et Cosi fan tutte, en italien et trad. fr. en regard
339    $a m
410  0 $0 34226074 $t Le Livre de poche. Collection Pluriel $x 0152-1535 $v 8357
600    $3 11898381 $9 28937 $a Da Ponte $b Lorenzo $f 1749-1838 $2 rameau
686    $a 92 $2 Cadre de classement de la Bibliographie nationale française
700    $3 11898381 $9 28937 $o ISNI0000000439590386 $a Da Ponte $b Lorenzo $4 070
702    $3 11910380 $9 28938 $o ISNI0000000114778970 $a Labie $b Jean-François $4 340
801  0 $a FR $b FR-751131015 $c 19810406 $g AFNOR $h FRBNF346810090000006 $2 intermrc
999    $a FRBNF346810090000006
995    $0 0 $2 0 $4 0 $5 2005-03-23 $9 36744 $P 3.96 $b MED $c MED $e MED3E $f C0000770231 $h AMV00ZZ $k Mag. 8/40 625 $o 0 $p 3.96 $r PRETLIV $s MAG___8_400000000000000_625 $w 0 $y 2014-06-30 $7  $8  $A  $m  $z 

