01741na  a2200349   4500
001 31466
003 http://www.mediathequederoubaix.fr/ark:/20179/KH31466
005 20220719053051.0
010    $a 9782714427663
033    $a http://catalogue.bnf.fr/ark:/12148/cb366536448
035 00 $a HZ_RBX38473
090    $a 31466
091    $a 0
099    $t LI $c 2014-06-30 $d 2022-07-19 $x 0
100    $a 19       1991    k  y0frey5003    ba
101    $a fre
200    $a Le droit à la France $f Salem Kacet $g avec la collab. de Georges Memmi
210    $a Paris $c Belfond $d 1991 $e 27-Mesnil-sur-l'Estrée $g Société Nouvelle Firmin-Didot
215    $a 182 p. $c couv. ill. en coul. $d 23 cm
300    $a Don de Bernard Grelle, 2003( Ex. RES 8/5311)
339    $a m
606 0  $a Nationalité $x France $2 rameau
606    $a Maghrébins $y France $x Conditions sociales $z 1945-1990 $x Récits personnels $2 rameau
607    $a France $x Emigration et immigration $z 20e siècle $2 rameau
607    $a France $x Politique et gouvernement $z 1981-1995 $2 rameau
700    $7 ba0yba0y $8 fre    $a Kacet $b Salem $f 1951-2015 $9 284948
702    $4 070 $7 ba0yba0y $8 fre    $a Memmi $b Georges $f 1929-.... $9 4406
702    $4 320 $7 ba0yba0y $8 fre    $a Grelle $b Bernard $f 1943-.... $9 81239
801  0 $a FR $b 595126101 $c 20120510 $g AFNOR
995    $0 0 $2 0 $4 0 $5 2005-03-23 $9 37000 $b MED $c MED $e MED3I $f C0003770141 $h PPEFGZZ $k MAG L/P 8/114 286 $o 2 $r PRETLIV $s MAG_LP_8114_286000000000000 $w 0 $y 2014-06-30
995    $0 0 $2 0 $4 0 $5 2005-03-23 $9 37001 $P 24.00 $b MED $c MED $e MED3E $f C0000786410 $h ACFSSZZ $k Mag. in-8/43 701 $o 0 $p 24.00 $r PRETLIV $s MAG___IN8_43_701000000000000 $w 12 $y 2014-06-30
995    $0 0 $2 0 $4 0 $5 2018-05-05 $9 375882 $b MED $c MED $e MED3O $f c0005704477 $h PPEFGZZ $k RES 8/5311 $o 2 $r PRETLIV $s RES_8_531100000000000 $w 0 $y 2018-05-05

