01290nam a2200349   4500
001 31671
003 http://www.mediathequederoubaix.fr/ark:/20179/KH31671
020    $a FR $b 07407012
033    $a http://catalogue.bnf.fr/ark:/12148/cb35282202s
035    $a FRBNF352822020000001
039    $o OPL $a 01076849X
090    $a 31671
091    $b 20240507 $c 1 $a 2
099    $t LI $c 2014-06-30 $d 2024-05-07 $x 0
100    $a 19740101d1974    m  y0frey50      ba
101 0  $a xxx
102    $a XX
105    $a ||||z   00|||
106    $a r
181  0 $6 01 $a i  $b xxxe  
181    $6 02 $c txt $2 rdacontent
182  0 $6 01 $a n
182    $6 02 $c n $2 rdamedia
200 1  $a Histoire de la carte à jouer $b Texte imprimé $f Dr André François
210    $a [Ivry] $c S.E.R.G. $a [Paris] $c Fréal $d 1974 $e 94-Ivry $g Impr. S.E.R.G.
215    $a 355-[36] p. $c ill. en noir et en coul. $d 31 cm
300    $a Bibliogr. p. 351 à 355. _ Rel.: 240 F
339    $a m
700    $3 12003095 $9 273507 $o ISNI0000000004466183 $a François $b André $c médecin $4 070
801  0 $a FR $b FR-751131015 $c 19740101 $g AFNOR $h FRBNF352822020000001 $2 intermrc
999    $a FRBNF352822020000001
995    $0 0 $2 0 $4 0 $5 2005-03-23 $9 37252 $P 24.00 $b MED $c MED $e MED3F $f C0000794497 $h AZZMAZZ $k Mag. in-4/7145 $o 0 $p 24.00 $r PRETLIV $s MAG___IN47145 $w 2 $y 2014-06-30

