01599nam a2200349   4500
001 31921
003 http://www.mediathequederoubaix.fr/ark:/20179/KH31921
005 20220926043821.0
010    $a 2-904538-43-7
011 00 $a 1159-3326
033    $a http://catalogue.bnf.fr/ark:/12148/cb35812480q
035 00 $a HZ_RBX39611
090    $a 31921
091    $a 0
099    $t LI $c 2014-06-30 $d 2022-09-26 $x 0
100    $a 19       1994    k  y0frey5003    ba
101    $a fre $a eng
200    $a Sur la ligne $e [Exposition] $f Michel Vanden Eeckoudt $g préf. Gérard Dupuy $g [Centre regional de la photographie Nord Pas-de-Calais]
210    $a Douchy-les-Mines (Nord) $c Centre Régional de la Photographie Nord Pas-de-Calais $d 1994
215    $a Non paginé $c photogr., couv. ill. $d 30 cm
225 0  $a Mission Photographique Transmanche $v 17
339    $a m
410    $t Mission Photographique Transmanche $v 17
503    $a Exposition $m Douchy-les-Mines $j 1994
607    $a France $x Frontières $y Belgique $x Ouvrages illustrés $2 rameau
676    $a 779
710    $7 ba0yba0y $8 fre    $a Centre régional de la photographie $c Nord-Pas-de-Calais $9 28783
700    $7 ba0yba0y $8 fre    $a Vanden Eeckhoudt $b Michel $f 1947-2015 $4 600 $9 284956
702    $7 ba0yba0y $8 fre    $a Dupuy $b Gérard $f 19..-.... $c photographe $4 080 $9 73763
801  0 $a FR $b 595126101 $c 20070828 $g AFNOR
930    $5 595126101:C0000193489 $b 595126101 $a MAG L/P 4/205 424 $e Fonds patrimonial
995    $0 0 $2 0 $4 0 $5 2005-03-23 $9 37523 $P 18.29 $b MED $c MED $e MED3J $f C0000193489 $h PPEFGZZ $k MAG L/P 4/205 424 $o 2 $p 18.29 $r PRETLIV $s MAG_LP_4205_424000000000000 $w 0 $y 2014-06-30

