01538nam a2200421   4500
001 32178
003 http://www.mediathequederoubaix.fr/ark:/20179/KH32178
010    $a 2-213-00968-6 $b Br. $d 59,63 F
020    $a FR $b 08116073
033    $a http://catalogue.bnf.fr/ark:/12148/cb34658666h
035    $a FRBNF346586660000006
039    $o OPL $a 001236459
090    $a 32178
091    $b 20240507 $c 1 $a 2
099    $t LI $c 2014-06-30 $d 2024-05-07 $x 0
100    $a 19810904d1981    m  y0frey50      ba
101 1  $a fre $c spa
102    $a FR
105    $a ||||z   00|a|
106    $a r
181  0 $6 01 $a i  $b xxxe  
181    $6 02 $c txt $2 rdacontent
182  0 $6 01 $a n
182    $6 02 $c n $2 rdamedia
200 1  $a Lune $b Texte imprimé $f Mario Satz $g traduit de l'espagnol... par Jean-Bernard Blandenier
210    $a Paris $c Fayard $d 1981 $e 59-Condé-sur-Escaut $g impr. C. Descamps
215    $a 452 p. $d 24 cm
225 19 $a Planétarium $v 2
339    $a m
454  1 $t Luna
517 1  $a Planetarium
676    $a 863 $v 22
686    $a 83  $2 Cadre de classement de la Bibliographie nationale française
700    $3 11923754 $9 29818 $o ISNI0000000106534159 $a Satz $b Mario $4 070
702    $3 11892297 $9 7166 $o ISNI0000000000129585 $a Blandenier $b Jean-Bernard $4 730
801  0 $a FR $b FR-751131015 $c 19810904 $g AFNOR $h FRBNF346586660000006 $2 intermrc
999    $a FRBNF346586660000006
995    $0 0 $2 0 $4 0 $5 2005-03-23 $9 37792 $P 8.99 $b MED $c MED $e MED3E $f C0000808026 $h ALTROZZ $k Mag. in-8/44 862 $o 0 $p 8.99 $r PRETLIV $s MAG___IN8_44_862000000000000 $w 2 $y 2014-06-30

