00828nj  a2200217   4500
001 32488
003 http://www.mediathequederoubaix.fr/ark:/20179/KH32488
005 20240507053025.0
035 00 $a HZ_RBX40696
071 0  $b BASF $a 20 25044 6
090    $a 32488
091    $a 1 $b 20240507 $c 0
099    $t DV $c 2014-06-30 $d 2024-05-07 $x 0
100    $a 19               k  y0frey5003    ba
101    $a fre
200    $a ...Voyage en toute liberté
339    $a m
700    $7 ba0yba0y $8 fre    $a Régnier $b Claudine $f 1945-.... $3 13931179 $9 12610
801  0 $a FR $b 595126101 $c 20050323 $g AFNOR
930    $5 595126101:C0000532007 $b 595126101 $a FLRSON 30/2458 $e Fonds local et régional sonore
995    $0 0 $2 0 $4 0 $5 2005-03-23 $9 38123 $P 0.15 $b MED $c MED $e MED3C $f C0000532007 $h PENRSZZ $k FLRSON 30/2458 $o 2 $p 0.15 $r PRETSON $s FLRSON_302458_000000000000000 $w 0 $y 2014-06-30

