02010cam a2200493   4500
001 32678
003 http://www.mediathequederoubaix.fr/ark:/20179/KH32678
010    $a 2-13-046250-2 $b br. $d 188 F
020    $a FR $b 09605358
033    $a http://catalogue.bnf.fr/ark:/12148/cb357871106
035    $a FRBNF357871100000004
039    $o OPL $a 020460561
039    $o OPP $a 37466475 $d 20090210
090    $a 32678
091    $b 20240507 $c 1 $a 2
099    $t LI $c 2014-06-30 $d 2024-05-07 $x 1
100    $a 19960108d1995    m  y0frey50      ba
101 0  $a fre
102    $a FR
105    $a ||||z   00|y|
106    $a r
181  0 $6 01 $a i  $b xxxe  
181    $6 02 $c txt $2 rdacontent
182  0 $6 01 $a n
182    $6 02 $c n $2 rdamedia
200 1  $a Qualité et quantité dans la philosophie de Spinoza $b Texte imprimé $f Charles Ramond
210    $a Paris $c Presses universitaires de France $d 1995 $e 41-Vendôme $g Impr. des PUF
215    $a 1 vol. (332 p.) $d 22 cm
225    $a Philosophie d'aujourd'hui
300    $a Bibliogr. p. 311-317. Index
339    $a m
410  0 $0 34234547 $t Philosophie d'aujourd'hui $x 0768-0805 $d 1995
600    $3 11925350 $9 11398 $a Spinoza $b Baruch $f 1632-1677 $3 12042895 $9 333 $x Critique et interprétation $2 rameau
606    $3 11968767 $9 30152 $a Qualité (philosophie) $2 rameau
606    $3 11965167 $9 30153 $a Quantité (philosophie) $2 rameau
676    $a 199.492 $v 23
676    $a 111 $v 23
686    $a 190 $2 Cadre de classement de la Bibliographie nationale française
686    $a 1 $2 Cadre de classement de la Bibliographie nationale française
700    $3 12477111 $9 30154 $o ISNI0000000121173419 $a Ramond $b Charles $f 1957-.... $4 070
801  0 $a FR $b FR-751131015 $c 19960108 $g AFNOR $h FRBNF357871100000004 $2 intermrc
856 4  $u http://gallica.bnf.fr/ark:/12148/bpt6k48090594
999    $a FRBNF357871100000004
995    $0 0 $2 0 $4 0 $5 2005-03-23 $9 38338 $P 22.64 $b MED $c MED $e MED3E $f C0000042963 $h ACFPHZZ $k Mag. in-8/42 523 $o 0 $p 22.64 $r PRETLIV $s MAG___IN8_42_523000000000000 $w 5 $y 2019-04-06

