01617cam a22003973  4500
001 32875
003 http://www.mediathequederoubaix.fr/ark:/20179/KH32875
010    $d 600 FR
033    $a http://catalogue.bnf.fr/ark:/12148/cb32462272g
035    $a FRBNF324622720000009
039    $o CRI $a SU079507490001P
090    $a 32875
091    $a 2 $b 20240514 $c 1
099    $t LI $c 2014-06-30 $d 2024-05-14 $x 0
100    $a 19970701d1950    m  y0frey50      ba
101 0  $a fre
102    $a FR
105    $a ||||z   00|||
106    $a r
181  0 $6 01 $a i  $b xxxe  
181    $6 02 $c txt $2 rdacontent
182  0 $6 01 $a n
182    $6 02 $c n $2 rdamedia
200 1  $a De L'Esprit des loix $b Texte imprimé $i Tome 1er. Livres 1-9 $f Montesquieu $g Texte établi et présenté par Jean Brethe de La Gressaye,...
210    $a Paris $c Les Belles lettres (impr. de Bellenand) $d 1950
215    $a CXXX-323 p. $d in-8°
225    $a Les Textes français
339    $a m
410  0 $0 34227020 $t Les Textes français $x 0184-7163 $d 1950
500 11 $3 12010753 $9 295118 $a L'esprit des lois $m français $l Extrait $2 lien automatique
512 1  $a Oeuvres complètes de Montesquieu
700    $3 11916648 $9 6850 $o ISNI0000000120957940 $a Montesquieu $f 1689-1755 $4 070
702    $3 12367377 $9 30246 $o ISNI0000000082863846 $a Brèthe de La Gressaye $b Jean $f 1895-1990 $4 340
801  0 $a FR $b FR-751131015 $c 19970701 $g AFNOR $h FRBNF324622720000009 $2 intermrc
999    $a FRBNF324622720000009
995    $0 0 $2 0 $4 0 $5 2005-03-23 $9 38543 $P 16.00 $b MED $c MED $e MED3E $f C0000844991 $h ACFPHZZ $k Mag.in-8/46 210 $o 0 $p 16.00 $r PRETLIV $s MAG__IN8_46_210000000000000 $w 10 $y 2008-07-15

