01101nam a2200289   4500
001 33136
003 http://www.mediathequederoubaix.fr/ark:/20179/KH33136
005 20170518163240.0
010    $a 2-905831-06-5 $d 2.29 EUR.
033    $a http://catalogue.bnf.fr/ark:/12148/cb35541676w
035 00 $a HZ_RBX42316
090    $a 33136
091    $a 0
099    $t LI $c 2014-06-30 $d 2014-06-30 $x 0
100    $a 19921217d1992    m  y0frey5003    ba
101    $a fre
200    $a Portes ouvertes au crématorium
210    $a Roubaix $b résidence Mermoz, 59100 Roubaix, $c La Dondaine $d 1992
215    $a 40 p. $c ill., couv. ill. $d 30 cm
225 0  $a Portes ouvertes
339    $a m
410    $t Portes ouvertes
600 0  $9 162605 $a King $b Stephen $f 1947-.... $x Adaptations
606 0  $9 240935 $a Édition $y France $y Nord-Pas-de-Calais (France)
801  0 $a FR $b 595126101 $c 20130615 $g AFNOR
930    $5 595126101:C0000855463 $b 595126101 $a BR 4/3007 $e Fonds patrimonial
995    $0 0 $2 0 $4 0 $5 2005-03-23 $9 38844 $P 2.29 $b MED $c MED $e MED3N $f C0000855463 $h PPEFGZZ $k BR 4/3007 $o 2 $p 2.29 $r PRETLIV $s BR_43007_000000000000000 $w 0 $y 2008-07-15

