02087cam a2200481   4500
001 33349
003 http://www.mediathequederoubaix.fr/ark:/20179/KH33349
010    $a 2-200-37170-5 $b vol. 1, rectifié $z 2-200-37170-8 $b vol. 1
010    $a 2-200-37171-3 $b vol. 2, rectifié $z 2-200-37171-5 $b vol. 2 $d 95 F + 105 F
020    $a FR $b 09026990
033    $a http://catalogue.bnf.fr/ark:/12148/cb35085146h
035    $a FRBNF350851460000009
039    $o OPL $a 008085814
090    $a 33349
091    $a 2 $b 20240514 $c 1
099    $t LI $c 2014-06-30 $d 2024-05-14 $x 0
100    $a 19900709d1990    m  y0frey50      ba
101 0  $a fre
102    $a FR
105    $a a   z   00|y|
106    $a r
181  0 $6 01 $a i  $b xxxe   $a b  $b xb2e  
181    $6 02 $c txt $c sti $2 rdacontent
182  0 $6 01 $a n
182    $6 02 $c n $2 rdamedia
200 1  $a Les Gallo-romains $b Texte imprimé $f Gérard Coulon
205    $a [Nouv. éd.]
210    $a Paris $c A. Colin $d 1990 $e 53-Mayenne $g Impr. Floch
215    $a 2 vol., 217 p., 239 p. $c ill., couv. ill. en coul. $d 22 cm
225    $a Collection Civilisations $x 0768-6188
300    $a Précédemment paru sous le titre : "Les Gallo-romains au carrefour de deux civilisations"
300    $a Bibliogr. vol. 1, p. 205-208, vol. 2, p. 227-230. Index
339    $a m
410  0 $0 34234851 $t Collection Civilisations (Paris. 1984) $x 0768-6188 $d 1990
606    $3 12074128 $9 30554 $a Gallo-romains $2 rameau
606    $3 11934123 $9 21617 $a Civilisation $y Gaule $z 58 av. J.-C.-511 $2 rameau
606    $3 12078189 $9 30555 $a Civilisation $y France $z Jusqu'à 700 $2 rameau
676    $a 936.402 $v 23
686    $a 93  $2 Cadre de classement de la Bibliographie nationale française
700    $3 11930412 $9 24358 $o ISNI0000000117483481 $a Coulon $b Gérard $f 1945-.... $c conservateur de musée $4 070
801  0 $a FR $b FR-751131015 $c 19900709 $g AFNOR $h FRBNF350851460000009 $2 intermrc
999    $a FRBNF350851460000009
995    $0 0 $2 0 $4 0 $5 2005-03-23 $9 39069 $P 15.50 $b MED $c MED $e MED3E $f C0001131210 $h ACFHSZZ $k Mag.in-8/46 265 $o 0 $p 15.50 $r PRETLIV $s MAG__IN8_46_265000000000000 $w 10 $y 2008-07-19

