01394nam a2200385   4500
001 33624
003 http://www.mediathequederoubaix.fr/ark:/20179/KH33624
010    $a 2-903547-06-8
020    $a FR $b 08422776
033    $a http://catalogue.bnf.fr/ark:/12148/cb34757453j
035    $a FRBNF347574530000005
039    $o OPL $a 002398186
090    $a 33624
091    $b 20240507 $c 1 $a 2
099    $t LI $c 2014-06-30 $d 2024-05-07 $x 3
100    $a 19840420e19821891m  y0frey50      ba
101 0  $a fre
102    $a FR
105    $a ||||z   00|||
106    $a r
181  0 $6 01 $a i  $b xxxe  
181    $6 02 $c txt $2 rdacontent
182  0 $6 01 $a n
182    $6 02 $c n $2 rdamedia
200 1  $a Les Amours jaunes $b Texte imprimé $f Tristan Corbière
210    $a Paris $c S. O. S. manuscrits $d 1982
215    $a XII-293 p.
324    $a Reprod. en fac-sim. de l'éd. de Paris, L. Vannier, 1891
339    $a m
500 11 $3 12354968 $9 320309 $a Les amours jaunes $m français $2 lien automatique
686    $a 81  $2 Cadre de classement de la Bibliographie nationale française
700    $3 11897640 $9 282015 $o ISNI0000000108624019 $a Corbière $b Tristan $4 070
801  0 $a FR $b FR-751131015 $c 19840420 $g AFNOR $h FRBNF347574530000005 $2 intermrc
999    $a FRBNF347574530000005
995    $0 0 $2 0 $4 0 $5 2005-03-23 $9 39371 $P 11.00 $b MED $c MED $e MED1A $f C0000040246 $h ALTPOZZ $k P/COR $o 0 $p 11.00 $r PRETLIV $s PCOR $w 8 $y 2022-09-16

