01550nam a2200409   4500
001 34064
003 http://www.mediathequederoubaix.fr/ark:/20179/KH34064
010    $a 2-07-032562-8 $b br. $d 47 F
020    $a FR $b 09014148
033    $a http://catalogue.bnf.fr/ark:/12148/cb350674034
035    $a FRBNF35067403000000X
039    $o OPL $a 007745064
090    $a 34064
091    $b 20240507 $c 1 $a 2
099    $t LI $c 2014-06-30 $d 2024-05-07 $x 4
100    $a 19900405d1990    m  y0frey50      ba
101 0  $a fre
102    $a FR
105    $a ||||z   00|a|
106    $a r
181  0 $6 01 $a i  $b xxxe  
181    $6 02 $c txt $2 rdacontent
182  0 $6 01 $a n
182    $6 02 $c n $2 rdamedia
200 1  $a Poésies $b Texte imprimé $e 1923-1988 $f Norge $g préf. et choix de Lorand Gaspar
210    $a [Paris] $c Gallimard $d 1990 $e 18-Saint-Amand $g Impr. Bussière
215    $a 250 p. $c couv. ill. $d 18 cm
225    $a Collection Poésie $v 237
300    $a Bibliogr. p. 236-237
339    $a m
410  0 $0 34234506 $t Collection Poésie (Paris. 1966) $x 0768-0368 $v 237
686    $a 821 $2 Cadre de classement de la Bibliographie nationale française
700    $3 11887121 $9 31048 $o ISNI0000000120206717 $a Norge $f 1898-1990 $4 070
702    $3 11904250 $9 15484 $o ISNI0000000384034832 $a Gaspar $b Lorand $f 1925-2019 $4 340
801  0 $a FR $b FR-751131015 $c 19900405 $g AFNOR $h FRBNF35067403000000X $2 intermrc
999    $a FRBNF35067403000000X
995    $0 0 $2 0 $4 0 $5 2005-03-23 $9 39844 $P 7.17 $b MED $c MED $e MED1A $f C0000044787 $h ALTPOZZ $k P/NOR $o 0 $p 7.17 $r PRETLIV $s P_NOR $w 17 $y 2021-04-21

