01564nam a2200397   4500
001 34427
003 http://www.mediathequederoubaix.fr/ark:/20179/KH34427
010    $a 2-07-039156-6 $d 19 F
020    $a FR $b 08707011
033    $a http://catalogue.bnf.fr/ark:/12148/cb34877677p
035    $a FRBNF348776770000008
039    $o OPL $a 005008321
090    $a 34427
091    $b 20240507 $c 1 $a 2
099    $t LI $c 2014-06-30 $d 2024-05-07 $x 0
100    $a 19840420d1986    m  y0frey50      ba
101 0  $a fre
102    $a FR
105    $a ||||z   00|||
106    $a r
181  0 $6 01 $a i  $b xxxe  
181    $6 02 $c txt $2 rdacontent
182  0 $6 01 $a n
182    $6 02 $c n $2 rdamedia
200 1  $a Le Garçon qui criait "au loup !" $b Texte imprimé $f Tony Ross $g trad. par Claude Lauriot-Prévost
210    $a [Paris] $c Gallimard $d 1986
225    $a Folio benjamin $x 0246-6643 $v 156
339    $a a
410  0 $0 34228362 $t Folio benjamin $x 0246-6643 $v 156
608    $a Premières lectures $2 CNLJ $k Avis critique donné par le Centre national de la littérature pour la jeunesse
686    $a 82  $2 Cadre de classement de la Bibliographie nationale française
700    $3 11922647 $9 5099 $o ISNI0000000121476620 $a Ross $b Tony $4 070
702    $3 11911360 $9 667 $o ISNI0000000120959890 $a Lauriot-Prévost $b Claude $4 730
801  0 $a FR $b FR-751131015 $c 19840420 $g AFNOR $h FRBNF348776770000008 $2 intermrc
999    $a FRBNF348776770000008
995    $0 0 $2 0 $4 0 $5 2005-03-23 $9 40231 $P 7.62 $b MED $c MED $e MED0A $f C0002156645 $h JABEFAE $k EXT E A/ROS $o 0 $p 7.62 $r PRETLIV $s EXT_E_AROS $w 3 $y 2014-06-30

