01794nam a2200433   4500
001 34672
003 http://www.mediathequederoubaix.fr/ark:/20179/KH34672
010    $b Br. $d 4,05 F
020    $a FR $b 07610916
033    $a http://catalogue.bnf.fr/ark:/12148/cb345772176
035    $a FRBNF34577217000000X
039    $o OPL $a 000319076
090    $a 34672
091    $a 2 $b 20240514 $c 1
099    $t LI $c 2014-06-30 $d 2024-05-14 $x 2
100    $a 19760705d1975    m  y0frey50      ba
101 0  $a fre
102    $a FR
105    $a a   z   00|a|
106    $a r
181  0 $6 01 $a i  $b xxxe   $a b  $b xb2e  
181    $6 02 $c txt $c sti $2 rdacontent
182  0 $6 01 $a n
182    $6 02 $c n $2 rdamedia
200 1  $a Les Caprices de Marianne $b Texte imprimé $e comédie $f Alfred de Musset $g avec une notice... des notes... par Claude Jodry,...
205    $a Éd. remise à jour
210    $a [Paris] $c Larousse $d 1975 $e 27-Évreux $g impr. Hérissey
215    $a 95 p. $c ill. en noir et en coul., couv. ill. $d 17 cm
225    $a Nouveaux classiques Larousse $i Spécial documentation thématique
300    $a Bibliogr. p. 25
339    $a m
410  0 $0 34234969 $t Nouveaux classiques Larousse. Spécial Documentation thématique $v 189
500 11 $3 11938248 $9 275642 $a Les caprices de Marianne $m français $2 lien automatique
686    $a 82  $2 Cadre de classement de la Bibliographie nationale française
700    $3 11917290 $9 8897 $o ISNI0000000121334059 $a Musset $b Alfred de $4 070
702    $3 12615034 $9 328201 $a Jodry $b Claude $4 340
801  0 $a FR $b FR-751131015 $c 19760705 $g AFNOR $h FRBNF34577217000000X $2 intermrc
999    $a FRBNF34577217000000X
995    $0 0 $2 0 $4 0 $5 2005-03-23 $9 40499 $P 0.61 $b MED $c MED $e MED3E $f C0002576586 $h AMVTHTX $k Mag 8/31 492 $o 0 $p 0.61 $r PRETLIV $s MAG_8_310000000000000_492 $w 7 $y 2023-05-19

