01055nam a2200265   4500
001 35039
003 http://www.mediathequederoubaix.fr/ark:/20179/KH35039
005 20220518042741.0
035 00 $a HZ_RBX45956
090    $a 35039
091    $a 0
099    $t LI $c 2014-06-30 $d 2022-05-18 $x 0
100    $a 19       1939    k  y0frey5003    ba
101    $a fre
200    $a Haut les cœurs ! $e bulletin mensuel des jocistes-soldats $f gérant Abel Martin
210    $a Roubaix $c Jeunesse Ouvrière Chrétienne $d 1939 $g Imp. spéciale de la JOC
215    $a [12] p. $c ill., couv. ill. $d 22 cm
315 00 $a L'Agent de liaison n8̊3, juillet 1939
339    $a m
517    $a Agent de liaison
601    $7 ba0yba0y $8 fre    $a Jeunesse ouvrière chrétienne $c France $9 84665
702 0  $9 162984 $4 340 $a Martin $b Abel
801  0 $a FR $b 595126101 $c 20070829 $g AFNOR
930    $5 595126101:C0000422862 $b 595126101 $a RES 8/-987 $e Fonds patrimonial
995    $0 0 $2 0 $4 0 $5 2005-03-23 $9 40901 $P 1.52 $b MED $c MED $e MED3O $f C0000422862 $h PPEFGZZ $k RES 8/-987 $o 2 $p 1.52 $r PRETLIV $s RES_8987 $w 0 $y 2014-06-30

