01473nam a2200385   4500
001 35398
003 http://www.mediathequederoubaix.fr/ark:/20179/KH35398
010    $a 2-7242-7983-2 $b rel. $d 95 F
020    $a FR $b 09503034
033    $a http://catalogue.bnf.fr/ark:/12148/cb357284492
035    $a FRBNF357284490000008
039    $o OPL $a 018231737
090    $a 35398
091    $b 20240507 $c 1 $a 2
099    $t LI $c 2014-06-30 $d 2024-05-07 $x 6
100    $a 19941223d1994    m  y0frey50      ba
101 1  $a fre $c eng
102    $a FR
105    $a ||||z   00|a|
106    $a r
181  0 $6 01 $a i  $b xxxe  
181    $6 02 $c txt $2 rdacontent
182  0 $6 01 $a n
182    $6 02 $c n $2 rdamedia
200 1  $a Dolores Claiborne $b Texte imprimé $f Stephen King $g [trad. par Dominique Dill]
210    $a Paris $c France loisirs $d 1994 $e 18-Saint-Amand-Montrond $g Impr. BCA
215    $a 324 p. $c couv. ill. $d 25 cm
339    $a m
454  1 $t Dolores Claiborne
686    $a 823 $2 Cadre de classement de la Bibliographie nationale française
700    $3 11909772 $9 636 $o ISNI0000000121446296 $a King $b Stephen $f 1947-.... $4 070
702    $3 12056953 $9 21223 $o ISNI0000000000023254 $a Dill $b Dominique $4 730
801  0 $a FR $b FR-751131015 $c 19941223 $g AFNOR $h FRBNF357284490000008 $2 intermrc
999    $a FRBNF357284490000008
995    $0 0 $2 0 $4 0 $5 2005-03-23 $9 41276 $P 0.15 $b MED $c MED $e MED3E $f C0001102596 $h ALTROZZ $k Mag. in-8/40 112 $o 0 $p 0.15 $r PRETLIV $s MAG___IN8_40_112000000000000 $w 15 $y 2024-04-06

