03018cam a2200565   4500
001 35649
003 http://www.mediathequederoubaix.fr/ark:/20179/KH35649
010    $a 2-07-053302-6 $b br. $d 85 F
020    $a FR $b 09517903
033    $a http://catalogue.bnf.fr/ark:/12148/cb35742806v
035    $a FRBNF357428060000002
039    $o OPL $a 018858711
073  0 $a 9782070533022 $2 ALS
090    $a 35649
091    $b 20240507 $c 1 $a 2
099    $t LI $c 2014-06-30 $d 2024-05-07 $x 5
100    $a 19950324d1995    m  y0frey50      ba
101 0  $a fre
102    $a FR
105    $a a   z   00|y|
106    $a r
181  0 $6 01 $a i  $b xxxe   $a b  $b xb2e  
181    $6 02 $c txt $c sti $2 rdacontent
182  0 $6 01 $a n
182    $6 02 $c n $2 rdamedia
200 1  $a La Shoah $b Texte imprimé $e l'impossible oubli $f Anne Grynberg
210    $a [Paris] $c Gallimard $d 1995 $e 27-Evreux $g Impr. Jombart
215    $a 176 p. $c ill. en noir et en coul., couv. ill. $d 18 cm
225    $a Découvertes Gallimard $e histoire $v 236
300    $a En appendice, choix de témoignages et documents
300    $a Bibliogr. p. 166-167. Index
321    $a Escales en littérature de jeunesse
329    $a Sur un sujet difficile, un titre indispensable sur les grandes étapes de ce qu'on appelé la solution finale de la question juive, de la montée du nazisme aux camps de Chelmo, Belzec, Sobibor, Treblinka et Auschwitz-Birkenau. Un dossier aborde les débats historiographiques et la question des négationnistes.
330    $a Après avoir rappelé la répartition et la situation socio-économique des Juifs européens dans l'entre-deux-guerres, l'historienne A. Grynberg décrit la Shoah, la "catastrophe" en hébreu, au cours de laquelle plus de cinq millions de Juifs sont assassinés, au nom de l'idéologie raciste d'Hitler.
333    $a À partir de 13 ans $2 CNLJ $k Avis critique donné par le Centre national de la littérature pour la jeunesse
339    $a m
410  0 $0 34246964 $t Découvertes Gallimard $x 0988-0712 $v 236
606    $3 11932167 $9 3494 $a Juifs $3 11931301 $9 323 $y Europe $3 11976044 $9 113 $z 1900-1945 $2 rameau
606    $3 11947632 $9 7959 $a Juifs $y Allemagne $z 1933-1945 $2 rameau
606    $3 11954127 $9 2072 $a Guerre mondiale (1939-1945) $x Camps de concentration $2 rameau
606    $3 11941579 $9 3743 $a Shoah $2 rameau
608    $a Documentaires : sciences humaines $2 CNLJ $k Avis critique donné par le Centre national de la littérature pour la jeunesse
610 0  $a Juif (peuple) (ALS)
610 0  $a Guerre (1939-1945) (ALS)
610 0  $a Camp de concentration (ALS)
686    $a 93  $2 Cadre de classement de la Bibliographie nationale française
700    $3 12041933 $9 30673 $o ISNI0000000066432683 $a Grynberg $b Anne $4 070
801  0 $a FR $b FR-751131015 $c 19950324 $g AFNOR $h FRBNF357428060000002 $2 intermrc
999    $a FRBNF357428060000002
995    $0 0 $2 0 $4 0 $5 2013-12-28 $9 41574 $P 15.50 $b MED $c MED $e MED3A $f C0005647743 $h ACFHSZZ $k Doc./939 SHO $o 0 $p 15.50 $r PRETLIV $s DOC___939_000000000000000_SHO $w 6 $y 2023-08-30 $7 ALIZE-SFL

