01811cam a2200433   4500
001 35994
003 http://www.mediathequederoubaix.fr/ark:/20179/KH35994
010    $a 2-264-01812-7 $b br. $d 60 F
020    $a FR $b 09231847
033    $a http://catalogue.bnf.fr/ark:/12148/cb35522240m
035    $a FRBNF355222400000009
039    $o OPL $a 014399207
090    $a 35994
091    $b 20240507 $c 1 $a 2
099    $t LI $c 2014-06-30 $d 2024-05-07 $x 0
100    $a 19920804d1992    m  y0frey50      ba
101 0  $a fre
102    $a FR
105    $a ||||z   00|y|
106    $a r
181  0 $6 01 $a i  $b xxxe  
181    $6 02 $c txt $2 rdacontent
182  0 $6 01 $a n
182    $6 02 $c n $2 rdamedia
200 1  $a Traité de Maastricht, mode d'emploi $b Texte imprimé $c précédé de Commentaire sur le Traité de Maastricht $c et suivi du Traité de Rome $f introd. de Alain Barenboom et Jean-Claude Zylberstein
210    $a Paris $c UGE, Union générale d'éd. $d 1992 $e 27-Le Mesnil-sur-l'Estrée $g Impr. Firmin-Didot
215    $a X-627 p. $c couv. ill. $d 18 cm
225    $a 10-18 $i Documents
308    $a 2324
339    $a m
410  0 $0 34227635 $t 10-18 $x 0240-2300 $v 2324
503 1  $a Traité $j 1992 $d 02-07 $m Maastricht (Pays-Bas)
605    $3 16212826 $9 320052 $a Traité sur l'Union européenne $n 1992 $2 rameau
605    $3 12017362 $9 31993 $a Traités de Rome $n 1957 $2 rameau
686    $a 32  $2 Cadre de classement de la Bibliographie nationale française
710    $3 11934130 $9 10025 $o ISNI0000000120975102 $a Communautés européennes $4 070
801  0 $a FR $b FR-751131015 $c 19920804 $g AFNOR $h FRBNF355222400000009 $2 intermrc
999    $a FRBNF355222400000009
995    $0 0 $2 0 $4 0 $5 2005-03-23 $9 41947 $P 9.15 $b MED $c MED $e MED3E $f C0001113953 $h ACFSSZZ $k Mag. in-8/41 998 $o 0 $p 9.15 $r PRETLIV $s MAG___IN8_41_998000000000000 $w 7 $y 2014-06-30

