01693cam a2200433   4500
001 36269
003 http://www.mediathequederoubaix.fr/ark:/20179/KH36269
010    $a 2-86943-121-X $b Br. $d 62 F
020    $a FR $b 08813366
033    $a http://catalogue.bnf.fr/ark:/12148/cb349250979
035    $a FRBNF349250970000003
039    $o OPL $a 005673965
090    $a 36269
091    $b 20240507 $c 1 $a 2
099    $t LI $c 2014-06-30 $d 2024-05-07 $x 0
100    $a 19880125d1988    m  y0frey50      ba
101 1  $a fre $c spa
102    $a FR
105    $a ||||z   00|a|
106    $a r
181  0 $6 01 $a i  $b xxxe  
181    $6 02 $c txt $2 rdacontent
182  0 $6 01 $a n
182    $6 02 $c n $2 rdamedia
200 1  $a Le Public $b Texte imprimé $e drame en cinq temps et un interlude $f Federico García Lorca $g texte français de Armando Llamas
210    $a Arles $c Actes Sud $a Paris $b Papiers $d 1988 $e 41-Vendôme $g Impr. des PUF
215    $a 72 p. $d 21 cm
225    $a Theâtre $x 0298-0592
339    $a m
410  0 $0 34230358 $t Théâtre (Paris. 1985) $x 0298-0592 $v 99
454  1 $t El Pùblico
500 11 $3 12202886 $9 326396 $a El Público $m français $2 lien automatique
676    $a 862.62 $v 23
686    $a 822 $2 Cadre de classement de la Bibliographie nationale française
700    $3 11904091 $9 12487 $o ISNI0000000122781811 $a García Lorca $b Federico $f 1898-1936 $4 070
702    $3 12013285 $9 269244 $o ISNI000000011759750X $a Llamas $b Armando $f 1950-2003 $4 730
801  0 $a FR $b FR-751131015 $c 19880125 $g AFNOR $h FRBNF349250970000003 $2 intermrc
999    $a FRBNF349250970000003
995    $0 0 $2 0 $4 0 $5 2005-03-23 $9 42240 $P 9.45 $b MED $c MED $e MED1A $f C0001137266 $h AMVTHTX $k T/GAR $o 0 $p 9.45 $r PRETLIV $s TGAR $w 7 $y 2008-07-18

