00927nam a2200241   4500
001 36561
003 http://www.mediathequederoubaix.fr/ark:/20179/KH36561
005 20180720092430.0
035 00 $a HZ_RBX48650
090    $a 36561
091    $a 0
099    $t LI $c 2014-06-30 $d 2014-06-30 $x 0
100    $a 19       1972    k  y0frey5003    ba
101    $a fre
200    $a Lecture $e cours élémentaire 2è année $f André Wéry,...
210    $a Paris $c Hachette-Classiques $d 1972
215    $a 159 p. $c ill. en coul., couv. ill. en coul. $d 24 cm
339    $a m
606 0  $9 237937 $a Lecture $x Manuels d'enseignement primaire
700 0  $9 281253 $a Wéry $b André
801  0 $a FR $b 595126101 $c 20070829 $g AFNOR
930    $5 595126101:C0000428096 $b 595126101 $a MAG L/P 8/105 618 $e Fonds patrimonial
995    $0 0 $2 0 $4 0 $5 2005-03-23 $9 42544 $b MED $c MED $e MED3I $f C0000428096 $h PPEFGZZ $k MAG L/P 8/105 618 $o 2 $r PRETLIV $s MAG_LP_8105_618000000000000 $w 0 $y 2014-06-30

