01527nam a2200397   4500
001 36718
003 http://www.mediathequederoubaix.fr/ark:/20179/KH36718
010    $a 2-7427-0313-6 $b br. $d 68 F
020    $a FR $b 09528962
033    $a http://catalogue.bnf.fr/ark:/12148/cb357730473
035    $a FRBNF357730470000007
039    $o OPL $a 020192775
090    $a 36718
091    $b 20240507 $c 1 $a 2
099    $t LI $c 2014-06-30 $d 2024-05-07 $x 5
100    $a 19950928d1995    m  y0frey50      ba
101 0  $a fre
102    $a FR
105    $a a   z   00|y|
106    $a r
181  0 $6 01 $a i  $b xxxe   $a b  $b xb2e  
181    $6 02 $c txt $c sti $2 rdacontent
182  0 $6 01 $a n
182    $6 02 $c n $2 rdamedia
200 1  $a Tombeau de Romain Gary $b Texte imprimé $f Nancy Huston
210    $a Arles $c Actes Sud $d 1995 $e 53-Mayenne $g Impr. Floch
215    $a 113 p. $c ill., couv. ill. $d 22 cm
300    $a Notes bibliogr.
339    $a m
600    $3 11904228 $9 279031 $a  Gary  $b  Romain  $f  1914-1980 $3 12042895 $9 333 $x Critique et interprétation $2 rameau
676    $a 843.914 $v 23
686    $a 824 $2 Cadre de classement de la Bibliographie nationale française
700    $3 11908098 $9 2388 $o ISNI0000000122840957 $a Huston $b Nancy $f 1953-.... $4 070
801  0 $a FR $b FR-751131015 $c 19950928 $g AFNOR $h FRBNF357730470000007 $2 intermrc
999    $a FRBNF357730470000007
995    $0 0 $2 0 $4 0 $5 2005-03-23 $9 42711 $P 8.19 $b MED $c MED $e MED1A $f C0001138513 $h ALTDCZZ $k Doc./840.20 GAR $n 2024-06-11 $o 0 $p 8.19 $r PRETLIV $s DOC__840_200000000000000_GAR $w 9 $y 2024-04-30

