01840nam a2200433   4500
001 37203
003 http://www.mediathequederoubaix.fr/ark:/20179/KH37203
010    $a 2-211-03261-3 $b br. $d 38 F
020    $a FR $b 09603365
033    $a http://catalogue.bnf.fr/ark:/12148/cb357624979
035    $a FRBNF357624970000002
039    $o OPL $a 019966031
073  0 $a 9782211032612 $2 ALS
090    $a 37203
091    $b 20240507 $c 1 $a 2
099    $t LI $c 2014-06-30 $d 2024-05-07 $x 27
100    $a 19950620d1995    a  y0frey50      ba
101 0  $a fre
102    $a FR
105    $a ||||z   00|a|
106    $a r
181  0 $6 01 $a i  $b xxxe  
181    $6 02 $c txt $2 rdacontent
182  0 $6 01 $a n
182    $6 02 $c n $2 rdamedia
200 1  $a La jeune fille, le diable et le moulin $b Texte imprimé $f Olivier Py
210    $a Paris $c l'Ecole des loisirs $d 1995 $e 86-Ligugé $g Impr. Aubin
215    $a 62 p. $c couv. ill. $d 19 cm
225    $a Théâtre
339    $a a
410  0 $0 34288177 $t Théâtre (Paris. 1995) $x 1264-4730 $d 1995
608    $a Documentaires : généralités $2 CNLJ $k Avis critique donné par le Centre national de la littérature pour la jeunesse
608    $a Documentaires : arts $2 CNLJ $k Avis critique donné par le Centre national de la littérature pour la jeunesse
686    $a 822 $2 Cadre de classement de la Bibliographie nationale française
700    $3 12265840 $9 32797 $o ISNI0000000363513332 $a Py $b Olivier $f 1965-.... $4 070
801  0 $a FR $b FR-751131015 $c 19950620 $g AFNOR $h FRBNF357624970000002 $2 intermrc
999    $a FRBNF357624970000002
995    $0 0 $2 0 $4 0 $5 2005-03-23 $9 43241 $P 5.10 $b MED $c MED $e MED2A $f C0001031232 $h JTHZZZZ $k E T/PY $o 0 $p 5.10 $r PRETLIV $s E_TPY $w 19 $y 2017-11-29
995    $0 0 $2 0 $4 0 $5 2005-03-23 $9 43243 $P 4.92 $b MED $c MED $e MED0A $f C0003452468 $h JDT80ZZ $k EXT E T/PY $o 0 $p 4.92 $r PRETLIV $s EXT_E_TPY $w 15 $y 2018-06-26

