02104cam a2200457   4500
001 37446
003 http://www.mediathequederoubaix.fr/ark:/20179/KH37446
010    $a 2-86738-533-4 $b br. $d 50 F
020    $a FR $b 09033735
033    $a http://catalogue.bnf.fr/ark:/12148/cb35119808k
035    $a FRBNF351198080000001
039    $o OPL $a 008814143
073  0 $a 9782867385339 $2 ALS
090    $a 37446
091    $b 20240507 $c 1 $a 2
099    $t LI $c 2014-06-30 $d 2024-05-07 $x 0
100    $a 19901115d1990    m  y0frey50      ba
101 0  $a fre
102    $a FR
105    $a a   z   00|a|
106    $a r
181  0 $6 01 $a i  $b xxxe   $a b  $b xb2e  
181    $6 02 $c txt $c sti $2 rdacontent
182  0 $6 01 $a n
182    $6 02 $c n $2 rdamedia
200 1  $a La Femme bleue $b Texte imprimé $a (suivi de) L'Exil $f Maguy Vautier $g calligraphies en tifinagh de Marie Boutroy $g ill. inspirées de motifs touarègues de Sabÿn
210    $a Paris $c Syros Alternatives $d 1990 $e Impr. au Portugal
215    $a [68] p. $c ill. en coul., couv. ill. en coul. $d 19 cm
225    $a Pollen
300    $a Plusieurs passages, entre guillemets, sont des transcriptions de poèmes touarègues
339    $a m
410  0 $0 34250399 $t Pollen (Paris) $x 0993-605X $d 1990
608    $a Romans $2 CNLJ $k Avis critique donné par le Centre national de la littérature pour la jeunesse
608    $a Contes, légendes et folklore $2 CNLJ $k Avis critique donné par le Centre national de la littérature pour la jeunesse
608    $a Poésies, comptines et chansons $2 CNLJ $k Avis critique donné par le Centre national de la littérature pour la jeunesse
686    $a 821 $2 Cadre de classement de la Bibliographie nationale française
700    $3 11927786 $9 32989 $o ISNI0000000024415834 $a Vautier $b Maguy $f 1930-.... $4 070
702    $3 11893598 $9 6696 $o ISNI0000000000011376 $a Boutroy $b Marie $4 205
801  0 $a FR $b FR-751131015 $c 19901115 $g AFNOR $h FRBNF351198080000001 $2 intermrc
999    $a FRBNF351198080000001
995    $0 0 $2 0 $4 0 $5 2005-03-23 $9 43523 $P 7.62 $b MED $c MED $e MED1A $f C0001046083 $h ALTPOZZ $k P/VAU $o 0 $p 7.62 $r PRETLIV $s PVAU $w 6 $y 2008-07-18

