01193nam a2200289   4500
001 37590
003 http://www.mediathequederoubaix.fr/ark:/20179/KH37590
005 20220828055754.0
010    $a 2-85015-268-4
033    $a http://catalogue.bnf.fr/ark:/12148/cb36683423c
035 00 $a HZ_RBX50812
090    $a 37590
091    $a 0
099    $t LI $c 2014-06-30 $d 2022-08-28 $x 0
100    $a 19       1995    k  y0frey5003    ba
101    $a fre
200    $a Les archives aux sources de l'histoire des entreprises $f Raymond Dartevelle, Françoise Hildesheimer
210    $a Paris $c Éd. de l'Epargne $d 1995
215    $a 143 p. $c ill. en noir et en coul., couv. ill. en coul. $d 24 cm
320    $a Annexes. Bibliogr. Index
339    $a m
606    $7 ba0yba0y $8 fre    $a Archives $9 3735
700 0  $9 281294 $a Dartevelle $b Raymond
701    $7 ba0yba0y $8 fre    $a Hildesheimer $b Françoise $f 1949-.... $9 28801
801  0 $a FR $b 595126101 $c 20070829 $g AFNOR
930    $5 595126101:C0001819753 $b 595126101 $a MAG L/P 8/107 189 $e Fonds patrimonial
995    $0 0 $2 0 $4 0 $5 2005-03-23 $9 43685 $P 17.15 $b MED $c MED $e MED3I $f C0001819753 $h PPEFGZZ $k MAG L/P 8/107 189 $o 2 $p 17.15 $r PRETLIV $s MAG_LP_8107_189000000000000 $w 0 $y 2014-06-30

