01939nam a2200445   4500
001 37776
003 http://www.mediathequederoubaix.fr/ark:/20179/KH37776
010    $a 2-07-072473-5 $b br. $d 130 F
020    $a FR $b 09216759
033    $a http://catalogue.bnf.fr/ark:/12148/cb35480388g
035    $a FRBNF354803880000008
039    $o OPL $a 013543619
090    $a 37776
091    $b 20240507 $c 1 $a 2
099    $t LI $c 2014-06-30 $d 2024-05-07 $x 0
100    $a 19911121d1991    m  y0frey50      ba
101 0  $a fre
102    $a FR
105    $a ||||z   00|y|
106    $a r
181  0 $6 01 $a i  $b xxxe  
181    $6 02 $c txt $2 rdacontent
182  0 $6 01 $a n
182    $6 02 $c n $2 rdamedia
200 1  $a Vie de Napoléon par lui-même $b Texte imprimé $f [textes choisis par] André Malraux... $g postf. de Philippe Delpuech
210    $a [Paris] $c Gallimard $d 1991 $e 27-Mesnil-sur-l'Estrée $g Impr. Firmin-Didot
215    $a 410 p. $d 21 cm
300    $a Recueil de textes extr. pour la plupart de la correspondance de Napoléon et du "Mémorial de Sainte-Hélène" de Las Cases
300    $a L'éd. de 1930 ne portait pas le nom de Malraux
300    $a Index
339    $a m
600    $3 12008245 $9 8027 $a Napoléon $d Ier $f 1769-1821 $c empereur des Français $2 rameau
676    $a 944.050 92 $v 23
686    $a 92  $2 Cadre de classement de la Bibliographie nationale française
700    $3 12008245 $9 8027 $o ISNI0000000122838283 $a Napoléon $d Ier $f 1769-1821 $c empereur des Français $4 070
702    $3 11914167 $9 5605 $o ISNI0000000121326489 $a Malraux $b André $f 1901-1976 $4 340
702    $3 12218455 $9 33211 $o ISNI000000000204792X $a Delpuech $b Michel $f 1953-.... $4 075
801  0 $a FR $b FR-751131015 $c 19911121 $g AFNOR $h FRBNF354803880000008 $2 intermrc
999    $a FRBNF354803880000008
995    $0 0 $2 0 $4 0 $5 2005-03-23 $9 43887 $P 19.82 $b MED $c MED $e MED3E $f C0001066415 $h ACFHSZZ $k Mag.in-8/46 332 $o 0 $p 19.82 $r PRETLIV $s MAG__IN8_46_332000000000000 $w 12 $y 2008-07-22

