00705na  a2200205   4500
001 37942
003 http://www.mediathequederoubaix.fr/ark:/20179/KH37942
005 20240507061030.0
035 00 $a HZ_RBX51708
090    $a 37942
091    $a 2 $b 20240507 $c 0
099    $t LI $c 2014-06-30 $d 2024-05-07 $x 0
100    $a 19       1973    k  y0frey5003    ba
101    $a pol
200    $a Duch Bialowiezy $f Aleksander Omiljanowicz
210    $c Lubelskie $d 1973
339    $a m
700 0  $a Omiljanowicz $b Aleksander
801  0 $a FR $b 595126101 $c 20050323 $g AFNOR
995    $0 0 $2 0 $4 0 $5 2005-03-23 $9 44060 $P 24.00 $b MED $c MED $e MED3E $f C0001290268 $h ACFLALE $k Mag. in-8/41 672 $o 0 $p 24.00 $r PRETLIV $s MAG___IN8_41_672000000000000 $w 0 $y 2014-06-30

