01624nam a2200337   4500
001 38093
003 http://www.mediathequederoubaix.fr/ark:/20179/KH38093
005 20220724034429.0
010    $a 2-86512-017-1 $d 17.53 EUR.
033    $a http://catalogue.bnf.fr/ark:/12148/cb346685297
035 00 $a HZ_RBX51994
090    $a 38093
091    $a 0
099    $t LI $c 2014-06-30 $d 2022-07-24 $x 0
100    $a 19820312d1981    m  y0frey5003    ba
101    $a fre
200    $a L'Album du 10 mai $f [photographies réunies par Luc Veyri] ; préface de Jack Lang ; présentation de Sylvie Colliard
210    $a Paris $b 10, rue de Solférino, 75007 $c Club socialiste du livre $d 1981 $e 69-Lyon $g impr. Vaudrey
215    $a Non paginé $c ill. en noir et en coul., couv. ill. en coul. $d 28 cm
300    $a En appendice, textes d'allocutions prononcées par F. Mitterrand, 10-21 mai 1981
339    $a m
606    $a Présidents $y France $x Élection (1981) $x Ouvrages illustrés $2 rameau
607    $a France $z 1981-.... $x Ouvrages illustrés $2 rameau
600    $a Mitterrand $b François $f 1916-1996 $x Ouvrages illustrés $2 rameau
702    $4 570 $7 ba0yba0y $8 fre    $a Lang $b Jack $f 1939-.... $9 3590
702 0  $9 281321 $a Veyri $b Luc $4 340
702 0  $9 281322 $a Colliard $b Sylvie $4 570
701 0  $9 3333 $a Mitterrand $b François $f 1916-1996 $7 ba0yba0y $8 fre   
801  0 $a FR $b 595126101 $c 20120426 $g AFNOR
930    $5 595126101:C0001293842 $b 595126101 $a MAG L/P 4/210 206 $e Fonds patrimonial
995    $0 0 $2 0 $4 0 $5 2005-03-23 $9 44218 $P 17.53 $b MED $c MED $e MED3J $f C0001293842 $h PPEFGZZ $k MAG L/P 4/210 206 $o 2 $p 17.53 $r PRETLIV $s MAG_LP_4210_206000000000000 $w 2 $y 2008-07-22

