02351cam a2200541   4500
001 38337
003 http://www.mediathequederoubaix.fr/ark:/20179/KH38337
010    $a 2-908295-24-5 $b IMEC
010    $a 2-7351-0650-0 $b MSH $b br. $d 230 F
020    $a FR $b 09602704
033    $a http://catalogue.bnf.fr/ark:/12148/cb36685360s
035    $a FRBNF366853600000007
039    $o OPL $a 020296681
073  0 $a 9782908295245 $2 ALS
073  0 $a 9782735106509 $2 ALS
090    $a 38337
091    $b 20240507 $c 1 $a 2
099    $t LI $c 2014-06-30 $d 2024-05-07 $x 0
100    $a 19951103d1995    m  h0frey50      ba
101 0  $a eng $a fre $a ger $d eng $d fre $d ger
102    $a FR
105    $a ||||||||10|||
106    $a r
181  0 $6 01 $a i  $b xxxe  
181    $6 02 $c txt $2 rdacontent
182  0 $6 01 $a n
182    $6 02 $c n $2 rdamedia
200 1  $a Histoires du livre $b Texte imprimé $e nouvelles orientations $e actes du colloque du 6 et 7 septembre 1990, Göttingen $f sous la dir. de Hans Erich Bödeker
210    $a [Paris] $c IMEC éd. $a Éd. de la Maison des sciences de l'homme $d 1995 $e 58-Clamecy $g Impr. Laballery
215    $a 498 p. $c couv. ill. $d 24 cm
225    $a In-octavo $v 1
300    $a Textes en anglais, français ou allemand
300    $a IMEC = Institut Mémoires de l'édition contemporaine
300    $a Résumés en anglais, français ou allemand
339    $a m
410  0 $0 34286897 $t Collection In-octavo (Paris) $x 1264-143X $v 1
606    $3 11937824 $9 5522 $a Histoire du livre $2 rameau
606    $3 13318354 $9 865 $a Livres et lecture $3 11934444 $9 494 $x Histoire $2 rameau
606    $3 12243616 $9 8115 $a Librairies $3 11934444 $9 494 $x Histoire $2 rameau
608    $3 12061148 $9 2096 $a Actes de congrès $2 rameau
608    $a Ouvrages de référence $2 CNLJ $k Avis critique donné par le Centre national de la littérature pour la jeunesse
676    $a 002 $v 23
676    $a 028.9 $v 23
686    $a 0   $2 Cadre de classement de la Bibliographie nationale française
702    $3 12097476 $9 33617 $o ISNI0000000121319262 $a Bödeker $b Hans Erich $f 1944-.... $4 651
801  0 $a FR $b FR-751131015 $c 19951103 $g AFNOR $h FRBNF366853600000007 $2 intermrc
999    $a FRBNF366853600000007
995    $0 0 $2 0 $4 0 $5 2005-03-23 $9 44490 $P 26.30 $b MED $c MED $e MED3D $f C0000388026 $h ACFBPZZ $k BIB PROF/3.0 HIS $o 0 $p 26.30 $r PRETLIV $s BIB_PROF3_0_000000000000000_HI $w 0 $y 2008-08-23

