01405na  a2200289   4500
001 38552
003 http://www.mediathequederoubaix.fr/ark:/20179/KH38552
005 20220928021522.0
035 00 $a HZ_RBX52762
090    $a 38552
091    $a 0
099    $t LI $c 2014-06-30 $d 2022-09-28 $x 3
100    $a 19       1992    k  y0frey5003    ba
101    $a fre
200    $a Histoire des mines du Nord et du Pas-de-Calais $e album-souvenir $h Tome 2 $i De 1946 à 1992 $f Guy Dubois [et] Jean-Marie Minot
210    $a Lillers (Pas-de-Calais) $c G. Dubois $c J.M. Minot $a Carvin (Pas-de-Calais) $d 1992
215    $a 205 p. $c ill. de cartes postales, couv. ill. en noir et en coul. $d 31 cm
339    $a m
606 0  $a Mines et ressources minières $y France $y Nord-Pas-de-Calais (France) $2 rameau
606 0  $a Charbon $x Mines et extraction $y France $y Nord-Pas-de-Calais (France) $x Ouvrages illustrés $2 rameau
606 0  $a Charbon $x Mines et extraction $x Cartes postales $2 rameau
676    $a 622
701    $7 ba0yba0y $8 fre    $a Minot $b Jean-Marie $f 1943-.... $4 650 $9 280739
700    $7 ba0yba0y $8 fre    $a Dubois $b Guy $f 1938-.... $4 650 $9 118280
801  0 $a FR $b 595126101 $c 20070829 $g AFNOR
930    $5 595126101:C0001304261 $b 595126101 $a FR/622 DUB $e Fonds régional de prêt
995    $0 0 $2 0 $4 0 $5 2005-03-23 $9 44736 $P 15.55 $b MED $c MED $e MED3J $f C0002935772 $h PPEFGZZ $k MAG L/P 4/208 366 $o 2 $p 15.55 $r PRETLIV $s MAG_LP_4208_366000000000000 $w 0 $y 2014-06-30

