01242nam a2200301   4500
001 38828
003 http://www.mediathequederoubaix.fr/ark:/20179/KH38828
005 20170518163245.0
011    $a 0221-7430
033    $a http://catalogue.bnf.fr/ark:/12148/cb34358569r
035 00 $a HZ_RBX53325
090    $a 38828
091    $a 0
099    $t LI $c 2014-06-30 $d 2014-06-30 $x 0
100    $a 19       1995    k  y0frey5003    ba
101    $a fre
200    $a Métro ligne 2 $e 3 kms en plus $f réd. Brigitte Adgnot $g dir. de publ. Jean-Claude Gosselin
210    $a Lille $c Communauté urbaine de Lille $d 1995
215    $a 23 p. $c ill. en coul., couv. ill. en coul. $d 30 cm
315    $a Lignes info, Métro Tramway Bus, mars 1995
339    $a m
606 0  $9 237801 $a Tramways $y France $y Lille (Nord ; agglomération)
700 0  $9 164053 $a Adgnot $b Brigitte
702 0  $9 160893 $4 340 $a Gosselin $b Jean-Claude
710 0  $9 123419 $a Communauté urbaine de Lille $x Crédits budgétaires et dépenses
801  0 $a FR $b 595126101 $c 20070903 $g AFNOR
930    $5 595126101:C0000382850 $b 595126101 $a BR 4/136 $e Fonds patrimonial
995    $0 0 $2 0 $4 0 $5 2005-03-23 $9 45043 $b MED $c MED $e MED3N $f C0000382850 $h PPEFGZZ $k BR 4/136 $o 2 $r PRETLIV $s BR_4136_000000000000000 $w 0 $y 2014-06-30

