00770nj  a2200217   4500
001 39175
003 http://www.mediathequederoubaix.fr/ark:/20179/KH39175
005 20240507061732.0
035 00 $a HZ_RBX54033
071 0  $b BZ $a 62044
090    $a 39175
091    $a 1 $b 20240507 $c 0
099    $t DV $c 2014-06-30 $d 2024-05-07 $x 0
100    $a 19               k  y0frey5003    ba
101    $a fre
200    $a Ave Maria $b Enr. sonore
339    $a m
700 0  $a Fardel $b Philippe
801  0 $a FR $b 595126101 $c 20050323 $g AFNOR
930    $5 595126101:C0001362764 $b 595126101 $a FLRSON 17/2619 $e Fonds local et régional sonore
995    $0 0 $2 0 $4 0 $5 2005-03-23 $9 45438 $P 10.67 $b MED $c MED $e MED3C $f C0001362764 $h PENRSZZ $k FLRSON 17/2619 $o 2 $p 10.67 $r PRETSON $s FLRSON_172619_000000000000000 $w 0 $y 2014-06-30

