01324cam a2200361   4500
001 39349
003 http://www.mediathequederoubaix.fr/ark:/20179/KH39349
010    $b Br. $d 25 F
020    $a FR $b 07221198
033    $a http://catalogue.bnf.fr/ark:/12148/cb35424777n
035    $a FRBNF354247770000002
039    $o OPL $a 012760018
090    $a 39349
091    $b 20240507 $c 1 $a 2
099    $t LI $c 2014-06-30 $d 2024-05-07 $x 1
100    $a 19730101d1972    m  y0frey50      ba
101 0  $a fre
102    $a FR
105    $a ||||z   00|||
106    $a r
181  0 $6 01 $a i  $b xxxe  
181    $6 02 $c txt $2 rdacontent
182  0 $6 01 $a n
182    $6 02 $c n $2 rdamedia
200 1  $a Cri de la chouette $b Texte imprimé $e roman $f Hervé Bazin
210    $a Paris $c B. Grasset $d 1972 $e 27-Le Mesnil-sur-l'Estrée $g impr. Firmin-Didot
215    $a 297 p. $d 21 cm
339    $a m
686    $a 823 $2 Cadre de classement de la Bibliographie nationale française
700    $3 12042503 $9 20225 $o ISNI0000000121037900 $a Bazin $b Hervé $f 1911-1996 $4 070
801  0 $a FR $b FR-751131015 $c 19730101 $g AFNOR $h FRBNF354247770000002 $2 intermrc
999    $a FRBNF354247770000002
995    $0 0 $2 0 $4 0 $5 2005-03-23 $9 45640 $P 24.00 $b MED $c MED $e MED3E $f C0002587545 $h ALTROZZ $k Mag 8/31 764 $o 0 $p 24.00 $r PRETLIV $s MAG_8_310000000000000_764 $w 3 $y 2017-08-24 $7  $8  $A  $m  $z 

