01551na  a2200301   4500
001 39518
003 http://www.mediathequederoubaix.fr/ark:/20179/KH39518
005 20170208225936.0
035 00 $a HZ_RBX54747
090    $a 39518
091    $a 0
099    $t LI $c 2014-06-30 $d 2014-06-30 $x 0
100    $a 19       1986    k  y0frey5003    ba
101    $a fre
200    $a La Picardie, berceau de la France $e Clovis et les derniers Romains $e 1500eme aniversaire de la bataille de Soissons $e 486-1986 $e [Exposition, Centre culturel, Soissons, 20 juin - 31 aout 1986, Musée de Picardie, Amiens, 26 septembre-21 novembre 1986... etc.] $f préf. Charles Baur, Hubert Landais, Christophe Valllet]
210    $c Association des Conservateurs des Collections Publiques de Picardie $c Réunion des Musées Nationaux $d 1986
215    $a 251 p. $c ill., couv. ill. en coul. $d 21 cm
339    $a m
503    $a Exposition $j 1986-1987
606 0  $a Archéologie $y France $y Picardie (France) $2 rameau
607    $a Picardie (France) $x Histoire $2 rameau
676    $a 930.1
702 0  $9 158773 $4 080 $a Baur $b Charles
702 0  $9 164260 $4 080 $a Vallet $b Christophe
702 0  $9 161473 $a Landais $b Hubert $f 1921-2006 $4 080
801  0 $a FR $b 595126101 $c 20070829 $g AFNOR
995    $0 0 $2 0 $4 0 $5 2005-03-23 $9 45819 $b MED $c MED $e MED3I $f C0003349398 $h PPEFGZZ $k MAG L/P 8/112 824 $o 2 $r PRETLIV $s MAG_LP_8112_824000000000000 $w 0 $y 2014-06-30
995    $0 0 $2 0 $4 0 $5 2005-03-23 $9 45820 $P 24.00 $b MED $c MED $e MED3E $f C0002524369 $h ACFHSZZ $k Mag. in-8/32 343 $o 0 $p 24.00 $r PRETLIV $s MAG___IN8_32_343000000000000 $w 0 $y 2014-06-30

