00798na  a2200217   4500
001 39727
003 http://www.mediathequederoubaix.fr/ark:/20179/KH39727
005 20240507061840.0
035 00 $a HZ_RBX55154
090    $a 39727
091    $a 2 $b 20240507 $c 0
099    $t LI $c 2014-06-30 $d 2024-05-07 $x 1
100    $a 19       1995    k  y0frey5003    ba
101    $a fre
200    $a chagrin d'encre $f Carol Vanni, Baudoin
210    $c Z'éditions $d 1995
339    $a m
700 0  $7 ba0yba0y $8 fre    $3 12558247 $9 34542 $7 ba0yba0y $8 fre    $a Vanni $b Carol $f 1965-....
701    $7 ba0yba0y $8 fre    $a Baudoin $b Edmond $f 1942-.... $3 11890602 $9 3525
801  0 $a FR $b 595126101 $c 20111026 $g AFNOR
995    $0 0 $2 0 $4 0 $5 2005-03-23 $9 46047 $P 10.29 $b MED $c MED $e MED1A $f C0001352866 $h ALTPOZZ $k P/VAN $o 0 $p 10.29 $r PRETLIV $s PVAN $w 3 $y 2017-06-07

