02237nam a2200481   4500
001 39880
003 http://www.mediathequederoubaix.fr/ark:/20179/KH39880
010    $a 2-01-166804-2 $b rel. $d 62 F
020    $a FR $b 09619092
033    $a http://catalogue.bnf.fr/ark:/12148/cb35812495r
035    $a FRBNF358124950000002
039    $o OPL $a 021357870
073  0 $a 9782011668042 $2 ALS
090    $a 39880
091    $b 20240507 $c 1 $a 2
099    $t LI $c 2014-06-30 $d 2024-05-07 $x 14
100    $a 19960518d1995    a  y0frey50      ba
101 0  $a fre
102    $a FR
105    $a a   z   00|y|
106    $a r
181  0 $6 01 $a i  $b xxxe   $a b  $b xb2e  
181    $6 02 $c txt $c sti $2 rdacontent
182  0 $6 01 $a n
182    $6 02 $c n $2 rdamedia
200 1  $a Les instruments de musique $b Texte imprimé $f Nathalie Decorde
210    $a Paris $c Hachette $d 1995 $e 25-Baume-les-Dames $g Impr. IME
215    $a 96 p. $c ill. en noir et en coul., couv. ill. en coul. $d 22 cm
225    $a En savoir plus $v 7
300    $a Index
339    $a a
410  0 $0 34287617 $t En savoir plus (Paris. 1994) $x 1264-3033 $v 7
606    $3 11936782 $9 15889 $7 ba0yba0y $8 fre    $a Instruments de musique $3 12042408 $9 314947 $x Ouvrages pour la jeunesse $2 rameau $9 15889
606    $3 11936782 $9 15889 $a Instruments de musique $2 rameau
608    $3 12042408 $9 314947 $a Ouvrages pour la jeunesse $2 rameau
608    $a Documentaires : activités, loisirs et divers $2 CNLJ $k Avis critique donné par le Centre national de la littérature pour la jeunesse
608    $a Documentaires : arts $2 CNLJ $k Avis critique donné par le Centre national de la littérature pour la jeunesse
686    $a 78  $2 Cadre de classement de la Bibliographie nationale française
700    $3 12517328 $9 34618 $o ISNI0000000000320179 $a Decorde $b Nathalie $4 070
801  0 $a FR $b FR-751131015 $c 19960518 $g AFNOR $h FRBNF358124950000002 $2 intermrc
999    $a FRBNF358124950000002
995    $0 0 $2 0 $4 0 $5 2005-03-23 $9 46226 $P 10.97 $b MED $c MED $e MED2A $f C0003408011 $h JDT70ZZ $k E/781 ABC $o 0 $p 10.97 $r PRETLIV $s E_781_000000000000000_ABC $w 21 $y 2023-06-14
995    $0 0 $2 0 $4 0 $5 2005-03-23 $9 46228 $P 8.23 $b MED $c MED $e MED1A $f C0003439567 $h AMV00ZZ $k Doc./781 ABC $o 0 $p 8.23 $r PRETLIV $s DOC___781_000000000000000_ABC $w 15 $y 2020-09-27

