01052nj  a2200253   4500
001 40054
003 http://www.mediathequederoubaix.fr/ark:/20179/KH40054
005 20240507062418.0
035 00 $a HZ_RBX55759
071 0  $b CBS $a SPR 33
090    $a 40054
091    $a 1 $b 20240507 $c 0
099    $t DV $c 2014-06-30 $d 2024-05-07 $x 0
100    $a 19               k  y0frey5003    ba
101    $a fre
200    $a Les 4 as de l'accordéon $b Enr. sonore
339    $a m
700    $7 ba0yba0y $8 fre    $a Prud'homme $b Émile $f 1913-1974 $3 13193241 $9 2760
701    $7 ba0yba0y $8 fre    $a Sony $b Jo $f 1933-.... $3 13900829 $9 723
701    $7 ba0yba0y $8 fre    $a Ségurel $b Jean $f 1908-1978 $3 13958098 $9 2759
701    $7 ba0yba0y $8 fre    $a Baselli $b Joss $f 1926-1982 $3 13891207 $9 1844
801  0 $a FR $b 595126101 $c 20050323 $g AFNOR
930    $5 595126101:C0001366467 $b 595126101 $a FLRSON 30/2683 $e Fonds local et régional sonore
995    $0 0 $2 0 $4 0 $5 2005-03-23 $9 46419 $P 4.57 $b MED $c MED $e MED3C $f C0001366467 $h PENRSZZ $k FLRSON 30/2683 $o 2 $p 4.57 $r PRETSON $s FLRSON_302683_000000000000000 $w 0 $y 2014-06-30

