00948nam a2200253   4500
001 40220
003 http://www.mediathequederoubaix.fr/ark:/20179/KH40220
005 20220508071441.0
035 00 $a HZ_RBX56090
090    $a 40220
091    $a 0
099    $t LI $c 2014-06-30 $d 2022-05-08 $x 0
100    $a 19       1988    k  y0frey5003    ba
101    $a fre
200    $a La vie en vers libres $e expressions poétiques, poèmes $f Paulette Six
210    $a [Roubaix] $c [P. Six] $e Divion $g Impr. Julien $d 1988
215    $a 50 p. $d 22 cm
339    $a m
606 0  $9 31186 $7 ba0yba0y $8 fre    $a Poésie française $z 20e siècle
676    $a 841
700    $7 ba0yba0y $8 fre    $a Six $b Paulette $4 650 $9 281212
801  0 $a FR $b 595126101 $c 20110819 $g AFNOR
930    $5 595126101:C0003770581 $b 595126101 $a BR 8/2296 $e Fonds patrimonial
995    $0 0 $2 0 $4 0 $5 2005-03-23 $9 46613 $b MED $c MED $e MED3M $f C0003770581 $h PPEFGZZ $k BR 8/2296 $o 2 $r PRETLIV $s BR_82296_000000000000000 $w 0 $y 2014-06-30

