01088nj  a2200277   4500
001 40407
003 http://www.mediathequederoubaix.fr/ark:/20179/KH40407
005 20240507062503.0
035 00 $a HZ_RBX56498
071 0  $a 421 262-2 $b DECCA
090    $a 40407
091    $a 1 $b 20240507 $c 0
099    $t DC $c 2014-06-30 $d 2024-05-07 $x 10
100    $a 19               k  y0frey5003    ba
101    $a fre
200    $a Great musicals $b Enr. sonore $d Les comédies musicales $e [B.O.F.] $f Rodgers $g Hammerstein
210    $d [s.d.]
215    $a 1 d.c. $e brochure
327    $a The sound of music $a South Pacific $a Mary Poppins $a Oklhoma ! $a West side story $a Fiddler on the roof $a Gigi $a My fair lady
339    $a m
606    $a Comédies musicales $x Disques $2 rameau
679    $a 511
701    $7 ba0yba0y $8 fre    $a Hammerstein $b Oscar $f 1895-1960 $3 13894931 $9 673
700 0  $a Rodgers $b Richard $f 1902-1979
801  0 $a FR $b 595126101 $c 20070829 $g AFNOR
995    $0 0 $2 0 $4 0 $5 2005-03-23 $9 46836 $P 17.00 $b MED $c MED $e MED1A $f C0001368176 $h AMV50ZZ $k DC/511 GRE $o 0 $p 17.00 $r PRETSON $s DC_511_000000000000000_GRE $w 70 $y 2022-11-12

