01275nam a2200373   4500
001 40589
003 http://www.mediathequederoubaix.fr/ark:/20179/KH40589
010    $a 2-7152-1444-8 $d 85 F
020    $a FR $b 08711096
033    $a http://catalogue.bnf.fr/ark:/12148/cb349006693
035    $a FRBNF349006690000001
039    $o OPL $a 005335554
090    $a 40589
091    $b 20240507 $c 1 $a 2
099    $t LI $c 2014-06-30 $d 2024-05-07 $x 3
100    $a 19840420d1986    m  y0frey50      ba
101 0  $a fre
102    $a FR
105    $a ||||z   00|||
106    $a r
181  0 $6 01 $a i  $b xxxe  
181    $6 02 $c txt $2 rdacontent
182  0 $6 01 $a n
182    $6 02 $c n $2 rdamedia
200 1  $a Histoires de bouches $b Texte imprimé $f Noëlle Châtelet
210    $a Paris $c Mercure de France $d 1986
215    $a 206 p.
339    $a m
676    $a 843.914 $v 23
686    $a 82  $2 Cadre de classement de la Bibliographie nationale française
700    $3 11896337 $9 7557 $o ISNI0000000122807145 $a Châtelet $b Noëlle $4 070
801  0 $a FR $b FR-751131015 $c 19840420 $g AFNOR $h FRBNF349006690000001 $2 intermrc
999    $a FRBNF349006690000001
995    $0 0 $2 0 $4 0 $5 2005-05-28 $9 47030 $P 12.90 $b MED $c MED $e MED1A $f C0004061367 $h ALTTCNV $k NVL/CHA $o 0 $p 12.90 $r PRETLIV $s NVL_CHA $w 12 $y 2019-03-13

