01616nam a2200397   4500
001 40926
003 http://www.mediathequederoubaix.fr/ark:/20179/KH40926
010    $a 2-07-071271-0 $b Br. $d 68 F
020    $a FR $b 08819425
033    $a http://catalogue.bnf.fr/ark:/12148/cb349349863
035    $a FRBNF349349860000008
039    $o OPL $a 005842326
073  0 $a 9782070712717 $2 ALS
090    $a 40926
091    $b 20240507 $c 1 $a 2
099    $t LI $c 2014-06-30 $d 2024-05-07 $x 2
100    $a 19880425d1988    a  y0frey50      ba
101 0  $a fre
102    $a FR
105    $a a   z   00|a|
106    $a r
181  0 $6 01 $a i  $b xxxe   $a b  $b xb2e  
181    $6 02 $c txt $c sti $2 rdacontent
182  0 $6 01 $a n
182    $6 02 $c n $2 rdamedia
200 1  $a La Princesse et le braconnier $b Texte imprimé $a [la Princesse Mammalia] $e deux contes $f Roald Dahl $g trad. de l'anglais par Henri Yvinec $g ill. de Graham Dean
210    $a [Paris] $c Gallimard $d 1988 $e Paris $g Impr. J. Mussot
215    $a 63 p.-[1] f. de pl. en coul. $c ill., couv. ill. $d 22 cm
339    $a m
686    $a 823 $2 Cadre de classement de la Bibliographie nationale française
700    $3 11898438 $9 1762 $o ISNI0000000121468188 $a Dahl $b Roald $f 1916-1990 $4 070
702    $3 12039968 $9 7382 $o ISNI0000000017236117 $a Yvinec $b Henri $4 730
702    $3 12073386 $9 35086 $o ISNI0000000029419068 $a Dean $b Graham $4 440
801  0 $a FR $b FR-751131015 $c 19880425 $g AFNOR $h FRBNF349349860000008 $2 intermrc
999    $a FRBNF349349860000008
995    $0 0 $2 0 $4 0 $5 2005-03-23 $9 47403 $P 10.37 $b MED $c MED $e MED1A $f C0001265190 $h ALTTCNV $k NVL/DAH $o 0 $p 10.37 $r PRETLIV $s NVLDAH $w 19 $y 2016-03-26

