01475nam a2200385   4500
001 41143
003 http://www.mediathequederoubaix.fr/ark:/20179/KH41143
010    $a 2-86943-344-1 $b br. $d 72 F
020    $a FR $b 09215081
033    $a http://catalogue.bnf.fr/ark:/12148/cb355063842
035    $a FRBNF35506384000000X
039    $o OPL $a 013992247
090    $a 41143
091    $b 20240507 $c 1 $a 2
099    $t LI $c 2014-06-30 $d 2024-05-07 $x 1
100    $a 19920414d1992    m  y0frey50      ba
101 0  $a fre
102    $a FR
105    $a ||||z   00|a|
106    $a r
181  0 $6 01 $a i  $b xxxe  
181    $6 02 $c txt $2 rdacontent
182  0 $6 01 $a n
182    $6 02 $c n $2 rdamedia
200 1  $a L'heure du thé chez les Pendlebury $b Texte imprimé $e [Paris, Théâtre Sylvia Monfort, 19 mai 1992] $f Alain Didier-Weill
210    $a Paris $c Actes sud-Papiers $d 1992 $e 21-Quétigny $g Impr. Darantière
215    $a 70 p. $d 20 cm
225    $a Actes-sud-Papiers $x 0298-0592
339    $a m
410  0 $0 34230358 $t Théâtre (Paris. 1985) $x 0298-0592 $d 1992
686    $a 822 $2 Cadre de classement de la Bibliographie nationale française
700    $3 11900148 $9 35192 $o ISNI0000000119325305 $a Didier-Weill $b Alain $f 1939-2018 $4 070
801  0 $a FR $b FR-751131015 $c 19920414 $g AFNOR $h FRBNF35506384000000X $2 intermrc
999    $a FRBNF35506384000000X
995    $0 0 $2 0 $4 0 $5 2005-03-23 $9 47633 $P 10.98 $b MED $c MED $e MED1A $f C0001270674 $h AMVTHTX $k T/DID $o 0 $p 10.98 $r PRETLIV $s T_DID $w 3 $y 2020-10-29

