01393nj  a2200289   4500
001 41341
003 http://www.mediathequederoubaix.fr/ark:/20179/KH41341
005 20240507063728.0
035 00 $a HZ_RBX58925
071 0  $b Adèle $a 50 486
090    $a 41341
091    $a 1 $b 20240507 $c 0
099    $t DC $c 2014-06-30 $d 2024-05-07 $x 24
100    $a 19       1994    k  y0frey5003    ba
101    $a fre
200    $a Pierrot l'affreux jojo $b Enr. sonore $h Vol.3 $f Pierre Perret, par. & mus.
210    $d P 1994
215    $a 1 d.c.
307    $a Disque 3 du coffret de 9 CD "Intégrale Pierre Perret"
327    $a Le tord-boyaux $a La corrida $a Le bonheur conjugal $a Papyvole $a Papa maman $a Le poulet $a La famille sauf moi $a Les proverbes $a Noëls avant terme $a Joséphine $a La bibise d'accord $a Ca va bien ça va mal $a Mon père m'a dit $a Trop contente $a Mon Pierrot $a A cause du gosse $a Mon j'irai pas chez ma tante $a Aye si tu m'avais vu senor $a Vive le XV $a Ca la fait marrer
339    $a m
606    $a Chansons françaises $x Disques $2 rameau
606    $7 ba0yba0y $8 fre    $a Chansons humoristiques $3 11931149 $9 704 $x Disques $2 rameau
679    $a 099.2
700 0  $7 ba0yba0y $8 fre    $a Perret $b Pierre $f 1934-....
801  0 $a FR $b 595126101 $c 20070829 $g AFNOR
995    $0 0 $2 0 $4 0 $5 2005-03-23 $9 47847 $P 17.00 $b MED $c MED $e MED1A $f C0001373943 $h AMV80ZZ $k DC/099.2 PER $o 0 $p 17.00 $r PRETSON $s DC_099_200000000000000_PER $w 99 $y 2023-10-10

