01280nam a2200277   4500
001 41536
003 http://www.mediathequederoubaix.fr/ark:/20179/KH41536
005 20180719173904.0
035 00 $a HZ_RBX81112
090    $a 41536
091    $a 0
099    $t LI $c 2014-06-30 $d 2014-06-30 $x 0
100    $a 19       1888    k  y0frey5003    ba
101    $a fre
200    $a Nouvelle géographie universelle $e la terre et les hommes $h T. XIII $i L' Afrique méridionale $e îles de l'Atlantique austral, Gabonie, Congo, Angola, Cap, Zambèze, Zanzibar, côte de Somal $f par Elisée Reclus
210    $a Paris $c Hachette $d 1888
215    $a 876 p. $c ill. $d 29 cm
310    $a Rel. cartonnée, tranche dorée
339    $a m
606 0  $9 236738 $a Géographie $z 19e siècle
607    $9 141464 $a Afrique $x Géographie historique
700 0  $9 279286 $a Reclus $b Élisée $f 1830-1905
801  0 $a FR $b 595126101 $c 20070829 $g AFNOR
930    $5 595126101:C0001478824 $b 595126101 $a MAG L/P 4/207 330 $e Fonds patrimonial
995    $0 0 $2 0 $4 0 $5 2005-11-24 $9 48058 $b MED $c MED $e MED3T $f c0004163088 $h PPELGZZ $k LD/2722 $o 2 $r PRETLIV $s LD_2722_000000000000000 $w 0 $y 2014-06-30
995    $0 0 $2 0 $4 0 $5 2005-03-23 $9 48059 $b MED $c MED $e MED3J $f C0001478824 $h PPEFGZZ $k MAG L/P 4/207 330 $o 2 $r PRETLIV $s MAG_LP_4207_330000000000000 $w 0 $y 2014-06-30

