01425nj  a2200313   4500
001 41681
003 http://www.mediathequederoubaix.fr/ark:/20179/KH41681
005 20240507063755.0
035 00 $a HZ_RBX81326
071 0  $b Panton $a 81 1268-2
090    $a 41681
091    $a 1 $b 20240507 $c 0
099    $t DC $c 2014-06-30 $d 2024-05-07 $x 7
100    $a 19       1994    k  y0frey5003    ba
101    $a fre
200    $a Six sonatas for three violoncellos $b Enr. sonore $f Giacomo Cervetto, mus. $g Jitka Vlasankova, Petr Hejny, Jaroslav Kulhan, vlc $g Giedré Luksaite-Mrazkova, clav.
210    $d P 1994
215    $a 1 d.c. $e 1 brochure (n.p.) ; 12 cm
327    $a Sonata I - VI
339    $a m
606    $a Sonates (violoncelle) $x Disques $2 rameau
606    $a Musique $z 18e siècle $x Disques $2 rameau
679    $a 3 $c 11.43
700 0  $7 ba0yba0y $8 fre    $3 13992426 $9 35446 $7 ba0yba0y $8 fre    $a Cervetto $b Giacobbe Basevi $f 1680?-1783
702 0  $7 ba0yba0y $8 fre    $3 13992430 $9 35444 $7 ba0yba0y $8 fre    $a Kulhan $b Jaroslav $f 1950-....
702 0  $7 ba0yba0y $8 frecze $3 13992428 $9 35445 $7 ba0yba0y $8 frecze $a Vlasánková $b Jitka
702 0  $7 ba0yba0y $8 fre    $3 13992429 $9 35443 $7 ba0yba0y $8 fre    $a Hejný $b Petr $f 1956-....
801  0 $a FR $b 595126101 $c 20070829 $g AFNOR
995    $0 0 $2 0 $3 0 $4 0 $5 2005-03-23 $9 48218 $P 15.85 $b MED $c MED $e MED1A $f C0001565605 $h AMV30ZZ $k DC/3 CER VIOLONCELLE $o 0 $p 15.85 $r PRETSON $s DC_3_000000000000000_CER_VIOLONCELLE $w 20 $y 2023-07-07 $A 0

