01440cam a22003973  4500
001 41808
003 http://www.mediathequederoubaix.fr/ark:/20179/KH41808
010    $d 29 F
020    $a FR $b 07105619
033    $a http://catalogue.bnf.fr/ark:/12148/cb351675801
035    $a FRBNF351675800000007
039    $o OPL $a 00940429X
090    $a 41808
091    $b 20240507 $c 1 $a 2
099    $t LI $c 2014-06-30 $d 2024-05-07 $x 0
100    $a 19710101d1971    m  y0frey50      ba
101 0  $a fre
102    $a FR
105    $a ||||z   00|y|
106    $a r
181  0 $6 01 $a i  $b xxxe  
181    $6 02 $c txt $2 rdacontent
182  0 $6 01 $a n
182    $6 02 $c n $2 rdamedia
200 1  $a Sacha Guitry $b Texte imprimé $f par Jacques Lorcey
210    $a [Paris $c la Table ronde $d 1971
215    $a 1 vol. (367 p.) $c pl., couv. ill. $d 20 cm
225    $a Les vies perpendiculaires
300    $a Notes bibliogr. Index
339    $a m
410  0 $0 36942628 $t Les Vies perpendiculaires $x 2779-380X $d 1971
686    $a 9 $2 Cadre de classement de la Bibliographie nationale française
700    $3 11913337 $9 9821 $o ISNI0000000109254515 $a Lorcey $b Jacques $f 1938-.... $4 070
801  0 $a FR $b FR-751131015 $c 19710101 $g AFNOR $h FRBNF351675800000007 $2 intermrc
999    $a FRBNF351675800000007
995    $0 0 $2 0 $4 0 $5 2005-03-23 $9 48352 $P 24.00 $b MED $c MED $e MED3E $f C0001514939 $h ACFHSZZ $k Mag. in-8/40 367 $o 0 $p 24.00 $r PRETLIV $s MAG___IN8_40_367000000000000 $w 5 $y 2014-06-30

