01396nam a2200301   4500
001 41936
003 http://www.mediathequederoubaix.fr/ark:/20179/KH41936
005 20220927073001.0
033    $a http://catalogue.bnf.fr/ark:/12148/cb321184889
035 00 $a HZ_RBX81660
090    $a 41936
091    $a 0
099    $t LI $c 2014-06-30 $d 2022-09-27 $x 0
100    $a 19       1942    k  y0frey5003    ba
101    $a fre
200    $a L'arbre des fées $f Paul Fort $g av. pr. de Maurice Maeterlinck
210    $a Paris $c E. Flammarion $d 1942
215    $a 223 p. $d 19 cm
225 0  $a Edition définitive des ballades françaises et chroniques de France $v 7
300    $a Dédicace ms de l'auteur à madame Octavie Merlier
327    $a Les enchanteurs $a Médée, Merlin, Bublbul, les rois mages $a Barbe-Bleue $a Jeanne d'Arc et mes amours $a Comme une solennelle musique $a L'arbre à poèmes
339    $a m
410    $t Edition définitive des ballades françaises et chroniques de France $v 7
702    $7 ba0yba0y $8 fre    $a Maeterlinck $b Maurice $f 1862-1949 $4 080 $9 4148
700    $7 ba0yba0y $8 fre    $a Fort $b Paul $f 1872-1960 $9 54499
801  0 $a FR $b 595126101 $c 20050323 $g AFNOR
930    $5 595126101:C0001767566 $b 595126101 $a MAG L/P 8/106 025 $e Fonds patrimonial
995    $0 0 $2 0 $4 0 $5 2005-03-23 $9 48486 $b MED $c MED $e MED3I $f C0001767566 $h PPEFGZZ $k MAG L/P 8/106 025 $o 2 $r PRETLIV $s MAG_LP_8106_025000000000000 $w 0 $y 2014-06-30

