01020nam a2200265   4500
001 42098
003 http://www.mediathequederoubaix.fr/ark:/20179/KH42098
005 20220801042033.0
033    $a http://catalogue.bnf.fr/ark:/12148/cb37750021j
035 00 $a HZ_RBX81870
090    $a 42098
091    $a 0
099    $t LI $c 2014-06-30 $d 2022-08-01 $x 0
100    $a 19       1925    k  y0frey5003    ba
101    $a fre
200    $a Anthologie des ballades françaises $e 1897-1920 $f Paul Fort
210    $a Paris $c E. Flammarion $d cop. 1925
215    $a 499 p. $d 19 cm
300    $a Don ms de l'auteur à Mlle Merlier, janvier 1937
339    $a m
606    $7 ba0yba0y $8 fre    $a   $9 1723
700    $7 ba0yba0y $8 fre    $a Fort $b Paul $f 1872-1960 $9 54499
801  0 $a FR $b 595126101 $c 20070829 $g AFNOR
930    $5 595126101:C0001753664 $b 595126101 $a MAG L/P 8/106 080 $e Fonds patrimonial
995    $0 0 $2 0 $4 0 $5 2005-03-23 $9 48664 $b MED $c MED $e MED3I $f C0001753664 $h PPEFGZZ $k MAG L/P 8/106 080 $o 2 $r PRETLIV $s MAG_LP_8106_080000000000000 $w 0 $y 2014-06-30

