00862na  a2200229   4500
001 42212
003 http://www.mediathequederoubaix.fr/ark:/20179/KH42212
005 20240507063843.0
035 00 $a HZ_RBX82013
090    $a 42212
091    $a 2 $b 20240507 $c 0
099    $t LI $c 2014-06-30 $d 2024-05-07 $x 0
100    $a 19       1986    k  y0frey5003    ba
101    $a ara
200    $a dirâsât fî târîh al magrib $f Germain Ayache
210    $a ar-rabât $b [Maroc] $c SMER $d 1986
215    $a 349 p. $c couv. ill; en coul. $d 23 cm
339    $a m
607    $7 ba0yba0y $8 fre    $a Maroc $x Histoire $2 rameau
700 0  $7 ba0yba0y $8 fre    $3 11889697 $9 35628 $7 ba0yba0y $8 fre    $a Ayache $b Germain $f 1915-1990
801  0 $a FR $b 595126101 $c 20070829 $g AFNOR
995    $0 0 $2 0 $4 0 $5 2005-03-23 $9 48794 $P 11.00 $b MED $c MED $e MED3A $f C0001787168 $h ACFLALE $k ARA DOC $o 0 $p 11.00 $r PRETLIV $s ARA_DOC $w 23 $y 2014-06-30

