01331nam a2200289   4500
001 42368
003 http://www.mediathequederoubaix.fr/ark:/20179/KH42368
005 20220924061710.0
010    $a 2-7082-2284-8
033    $a http://catalogue.bnf.fr/ark:/12148/cb366045415
035 00 $a HZ_RBX82248
090    $a 42368
091    $a 0
099    $t LI $c 2014-06-30 $d 2022-09-24 $x 0
100    $a fre      1982    k  y0frey5003    ba
101    $a fre
200    $a Dictionnaire biographique du mouvement ouvrier français $e quatrième partie, 1914-1939 $e de la première à la seconde guerre mondiale $h T. XVIII $i Ba à Berm $f publ. sous la dir. de Jean Maitron $g Claude Pennetier
210    $a Paris $c Éd. ouvrières $d 1982
215    $a 430 p. $c couv. ill. en coul. $d 25 cm
339    $a m
606 0  $a Mouvement ouvrier $y France $x Histoire $x Biographies $2 rameau
606 0  $a Socialisme $y France $x Histoire $x Biographies $2 rameau
700    $7 ba0yba0y $8 fre    $a Pennetier $b Claude $f 1947-.... $9 119284
702    $7 ba0yba0y $8 fre    $a Maitron $b Jean $f 1910-1987 $4 340 $9 24519
801  0 $a FR $b 595126101 $c 20070829 $g AFNOR
930    $5 595126101:C0001768203 $b 595126101 $a MAG L/P 8/106 150 $e Fonds patrimonial
995    $0 0 $2 0 $4 0 $5 2005-03-23 $9 48988 $b MED $c MED $e MED3I $f C0001768203 $h PPEFGZZ $k MAG L/P 8/106 150 $o 2 $r PRETLIV $s MAG_LP_8106_150000000000000 $w 0 $y 2014-06-30

