01013na  a2200253   4500
001 42508
003 http://www.mediathequederoubaix.fr/ark:/20179/KH42508
005 20220927055245.0
035 00 $a HZ_RBX82488
090    $a 42508
091    $a 0
099    $t LI $c 2014-06-30 $d 2022-09-27 $x 0
100    $a 19       1971    k  y0frey5003    ba
101    $a fre
200    $a Guide de l'étudiant latiniste $f par Pierre Grimal,...
210    $a Paris $c PUF $d 1971
215    $a 319 p. $d 18 cm
320    $a Index
339    $a m
606 0  $9 241778 $a Latin (langue) $x Etude et enseignement supérieur
700    $7 ba0yba0y $8 fre    $a Grimal $b Pierre $f 1912-1996 $9 6699
801  0 $a FR $b 595126101 $c 20080625 $g AFNOR
995    $0 0 $2 0 $4 0 $5 2005-03-23 $9 49140 $b MED $c MED $e MED3I $f C0001770690 $h PPEFGZZ $k MAG L/P 8/106 248 $o 2 $r PRETLIV $s MAG_LP_8106_248000000000000 $w 0 $y 2014-06-30
995    $0 0 $2 0 $4 0 $5 2005-03-23 $9 49141 $P 24.00 $b MED $c MED $e MED3E $f C0002758861 $h ACFRUZZ $k Mag. in-8/26 350 $o 0 $p 24.00 $r PRETLIV $s MAG___IN8_26_350000000000000 $w 4 $y 2014-06-30

