01038nj  a2200265   4500
001 42641
003 http://www.mediathequederoubaix.fr/ark:/20179/KH42641
005 20240507064459.0
035 00 $a HZ_RBX82750
071 0  $b Flarenash $a 472 057
090    $a 42641
091    $a 1 $b 20240507 $c 0
099    $t DC $c 2014-06-30 $d 2024-05-07 $x 7
100    $a 19       1988    k  y0frey5003    ba
101    $a fre
200    $a Africa $b Enr. sonore $f Rose Laurens
210    $d P 1988
215    $a 1 d.c. $e 1 brochure
327    $a La différence $a Déraisonnable $a Conversation $a Bateau paumé $a Le roi fou $a Africa $a Le cœur chagrin $a J'veux donner $a Le magicien d'oz $a Mon père
339    $a m
606    $a Chansons françaises $z Années 80 $x Disques $2 rameau
679    $a 099.2
700    $7 ba0yba0y $8 fre    $a Laurens $b Rose $f 1951-2018 $3 13896385 $9 26947
801  0 $a FR $b 595126101 $c 20070829 $g AFNOR
995    $0 0 $2 0 $4 0 $5 2005-03-23 $9 49292 $P 11.25 $b MED $c MED $e MED3C $f C0001564586 $h AMV80ZZ $k DC/099.2 LAU $o 0 $p 11.25 $r PRETSON $s DC_099_200000000000000_LAU $w 91 $y 2022-03-11 $A 0

