01046nam a2200265   4500
001 42808
003 http://www.mediathequederoubaix.fr/ark:/20179/KH42808
005 20180720093738.0
035 00 $a HZ_RBX82983
090    $a 42808
091    $a 0
099    $t LI $c 2014-06-30 $d 2014-06-30 $x 0
100    $a 19       1892    k  y0frey5003    ba
101    $a fre
200    $a Extraits des auteurs grecs concernant la géographie et l'histoire des Gaules $h T. 6 $f texte et trad. nouvelle par Edm. Cougny,...
210    $a Paris $c Librairie Renouard $d 1892
215    $a VIV-265 p. $d 24 cm
310    $a Rel. toile
339    $a m
606 0  $9 241805 $a Ecrivains grecs $x Bibliographie
607    $9 142224 $a Gaule $x Histoire $x Sources
702 0  $9 281639 $a Cougny $b Edme $f 1818-1889 $4 340
801  0 $a FR $b 595126101 $c 20070829 $g AFNOR
930    $5 595126101:C0001770585 $b 595126101 $a MAG L/P 8/106 295 $e Fonds patrimonial
995    $0 0 $2 0 $4 0 $5 2005-03-23 $9 49466 $b MED $c MED $e MED3I $f C0001770585 $h PPEFGZZ $k MAG L/P 8/106 295 $o 2 $r PRETLIV $s MAG_LP_8106_295000000000000 $w 0 $y 2014-06-30

