01092nam a2200265   4500
001 42959
003 http://www.mediathequederoubaix.fr/ark:/20179/KH42959
005 20180720093739.0
035 00 $a HZ_RBX83221
090    $a 42959
091    $a 0
099    $t LI $c 2014-06-30 $d 2014-06-30 $x 0
100    $a 19       1873    k  y0frey5003    ba
101    $a fre
200    $a Journal d'un ministre $e œuvre posthume du Cte de Guernon-Rainville $f publ. par Julien Travers
210    $a Caen $c F. Le Blanc-Hardel $d 1873
215    $a XIV-414 p. $d 24 cm
310    $a Rel. toile
339    $a m
607    $9 142234 $a France $x Politique et gouvernement $z 19e siècle $x Récits personnels
700 0  $9 165503 $a Guernon-Ranville $b Martial-Côme-Annibal-Perpeture-Magloire de $c comte
702 0  $9 281664 $a Travers $b Julien $f 1802-1888 $4 340
801  0 $a FR $b 595126101 $c 20070829 $g AFNOR
930    $5 595126101:C0001771905 $b 595126101 $a MAG L/P 8/106 329 $e Fonds patrimonial
995    $0 0 $2 0 $4 0 $5 2005-03-23 $9 49622 $b MED $c MED $e MED3I $f C0001771905 $h PPEFGZZ $k MAG L/P 8/106 329 $o 2 $r PRETLIV $s MAG_LP_8106_329000000000000 $w 0 $y 2014-06-30

