01255nj  a2200301   4500
001 43099
003 http://www.mediathequederoubaix.fr/ark:/20179/KH43099
005 20240507064540.0
035 00 $a HZ_RBX83435
071 0  $a 6044-2 $b Enja
090    $a 43099
091    $a 1 $b 20240507 $c 0
099    $t DC $c 2014-06-30 $d 2024-05-07 $x 12
100    $a 19       1990    k  y0frey5003    ba
101    $a fre
200    $a Live at the Royal Festival Hall $b Enr. sonore $f Dizzy Gillespie and the United Nation Orchestra
210    $d P 1990
215    $a 1 d.c. $e 1 dépl.
327    $a Tin tin deo $a Seresta : Samba for carmen $a And the shestopped $a Tanga $a Kush $a Dizzy shells $a A night in Tunisia
339    $a m
606    $a Jazz $y Etats-Unis $x Disques $2 rameau
606    $7 ba0yba0y $8 fre    $3 12302286 $9 237 $a Trompette, Musique de (jazz) $x Disques $2 rameau
606    $7 ba0yba0y $8 fre    $a Orchestres de jazz $3 11968650 $9 1811 $x Disques $2 rameau $9 1811
679    $a 1
700    $7 ba0yba0y $8 fre    $a Gillespie $b Dizzy $f 1917-1993 $3 13894473 $9 244
712    $a United Nation Orchestra
801  0 $a FR $b 595126101 $c 20070829 $g AFNOR
995    $0 0 $2 0 $4 0 $5 2005-03-23 $9 49766 $P 18.00 $b MED $c MED $e MED1A $f C0001792781 $h AMV13ZZ $k DC/1 GIL $o 0 $p 18.00 $r PRETSON $s DC_1_000000000000000_GIL $w 68 $y 2024-03-09

