01024nam a2200253   4500
001 43248
003 http://www.mediathequederoubaix.fr/ark:/20179/KH43248
005 20220801074824.0
035 00 $a HZ_RBX83725
090    $a 43248
091    $a 0
099    $t LI $c 2014-06-30 $d 2022-08-01 $x 0
100    $a 19       1973    k  y0frey5003    ba
101    $a fre
200    $a L'Allemagne fantastique $e de Gœthe à Meyrink $f anthologie établie et prés. par Anne et Hugo Richter
210    $a Paris $c AGE $c Marabout $d 1973
215    $a 443 p. $c couv. ill. $d 24 cm
339    $a m
607    $a Allemagne $x Anthologies $2 rameau
702 0  $9 281707 $a Richter $b Hugo $4 340
702    $7 ba0yba0y $8 fre    $a Richter $b Anne $f 1939-.... $c nouvelliste et essayiste $4 340 $9 4528
801  0 $a FR $b 595126101 $c 20070829 $g AFNOR
930    $5 595126101:C0001773761 $b 595126101 $a MAG L/P 8/106 462 $e Fonds patrimonial
995    $0 0 $2 0 $4 0 $5 2005-03-23 $9 49923 $b MED $c MED $e MED3I $f C0001773761 $h PPEFGZZ $k MAG L/P 8/106 462 $o 2 $r PRETLIV $s MAG_LP_8106_462000000000000 $w 0 $y 2014-06-30

