01042na  a2200301   4500
001 43377
003 http://www.mediathequederoubaix.fr/ark:/20179/KH43377
005 20180720093743.0
010    $a 2-7082-3085-9
033    $a http://catalogue.bnf.fr/ark:/12148/cb366941699
035 00 $a HZ_RBX83992
090    $a 43377
091    $a 0
099    $t LI $c 2014-06-30 $d 2014-06-30 $x 1
100    $a 19       1997    k  y0frey5003    ba
101    $a fre
200    $a Eugène Descamps, chrétien et syndicaliste $f Frank Georgi
210    $a Paris $c Atelier $c Ed. Ouvrières $d 1997
215    $a 392 p. $c couv. ill. $d 23 cm
225 0  $a La Part des hommmes
320    $a Bibliogr. Index
339    $a m
410    $t La Part des hommmes
600    $9 165797 $a Descamps $b Eugène $f 1922-1990
676    $a 331.88
700 0  $9 281730 $a Georgi $b Frank
801  0 $a FR $b 595126101 $c 20070829 $g AFNOR
995    $0 0 $2 0 $4 0 $5 2005-03-23 $9 50071 $P 18.29 $b MED $c MED $e MED3I $f C0001880770 $h PPEFGZZ $k MAG L/P 8/107 933 $o 2 $p 18.29 $r PRETLIV $s MAG_LP_8107_933000000000000 $w 0 $y 2014-06-30

