00840nj  a2200217   4500
001 43496
003 http://www.mediathequederoubaix.fr/ark:/20179/KH43496
005 20240507065128.0
035 00 $a HZ_RBX84183
071 0  $b Philips $a 373-539
090    $a 43496
091    $a 1 $b 20240507 $c 0
099    $t DV $c 2014-06-30 $d 2024-05-07 $x 0
100    $a 19               k  y0frey5003    ba
101    $a fre
200    $a Dansons, trinquons, buvons $b Enr. sonore
339    $a m
700    $7 ba0yba0y $8 fre    $a Duleu $b Édouard $f 1909-2001 $3 11964192 $9 272780
801  0 $a FR $b 595126101 $c 20050323 $g AFNOR
930    $5 595126101:C0001793517 $b 595126101 $a FLRSON 17/2993 $e Fonds local et régional sonore
995    $0 0 $2 0 $4 0 $5 2005-03-23 $9 50203 $P 10.67 $b MED $c MED $e MED3C $f C0001793517 $h PENRSZZ $k FLRSON 17/2993 $o 2 $p 10.67 $r PRETSON $s FLRSON_172993_000000000000000 $w 0 $y 2014-06-30

