01375nj  a2200289   4500
001 43639
003 http://www.mediathequederoubaix.fr/ark:/20179/KH43639
005 20240507065138.0
035 00 $a HZ_RBX84396
071 0  $a 30102 $b Virgin
090    $a 43639
091    $a 1 $b 20240507 $c 0
099    $t DC $c 2014-06-30 $d 2024-05-07 $x 6
100    $a 19       1987    k  y0frey5003    ba
101    $a fre
200    $a Music for the masses $b Enr. sonore $f Depeche Mode
210    $d P 1987
215    $a 1 d.c. $e 1 brochure
323    $a Depeche se compose de : Andrew Fletcher, Martin Gore, Alan Wilder, David Gahan
327    $a Never let me down again $a The things you said $a Strangelove $a Sacred little $a Behind the wheel $a I want you now $a To have and to hold $a Nothing $a Pimpf $a Agent orange $a Never let me down again - aggro mix $a To have and to hold - spanish taster $a Pleasure, little treasure
339    $a m
606    $a Rock (musique) $y Grande-Bretagne $y Angleterre (GB) $x Disques $2 rameau
606    $7 ba0yba0y $8 fre    $3 12179854 $9 7081 $a New wave (musique) $x Disques $y Grande-Bretagne $y Angleterre $2 rameau
679    $a 2 $c 70
710    $7 ba0yba0y $8 fre    $a Depeche mode $3 13902911 $9 255
801  0 $a FR $b 595126101 $c 20070829 $g AFNOR
995    $0 0 $2 0 $4 0 $5 2005-03-23 $9 50359 $P 17.00 $b MED $c MED $e MED1A $f C0001794733 $h AMV20ZZ $k DC/2 DEP 70 $o 0 $p 17.00 $r PRETSON $s DC_2_000000000000000_DEP_70 $w 159 $y 2024-05-11

