01334nj  a2200289   4500
001 43772
003 http://www.mediathequederoubaix.fr/ark:/20179/KH43772
005 20240507065146.0
035 00 $a HZ_RBX84552
071 0  $a 7 91425 2 $b Capitol
090    $a 43772
091    $a 1 $b 20240507 $c 0
099    $t DC $c 2014-06-30 $d 2024-05-07 $x 30
100    $a 19       1980    k  y0frey5003    ba
101    $a fre
200    $a Double fantasy $b Enr. sonore $f John Lennon $g Yoko Ono
210    $d P 1980
215    $a 1 d.c. $e 1 brochure
327    $a (Just like) starting over $a Kiss kiss kiss $a Cleanup time $a Give me something $a I'm losing you $a I'm moving on $a Beautiful boy (darling boy) $a Watching the wheels $a Yes, i'm your angel $a Woman $a Beautiful boys $a Dear Yoko $a Every man has a woman who loves him $a Hard times are over
339    $a m
606    $a Rock (musique) $y Grande-Bretagne $y Angleterre (GB) $x Disques $2 rameau
606    $7 ba0yba0y $8 fre    $3 11957141 $9 214 $a Pop music $x Disques $y Grande-Bretagne $y Angleterre (GB) $2 rameau
679    $a 2
700 0  $a Lennon $b John $f 1940-1980
701    $7 ba0yba0f $8 fre    $a Ono $b Yōko $f 1933-.... $3 12040556 $9 18756
801  0 $a FR $b 595126101 $c 20070829 $g AFNOR
995    $0 0 $2 0 $4 0 $5 2005-03-23 $9 50501 $P 17.00 $b MED $c MED $e MED1A $f C0001564950 $h AMV20ZZ $k DC/2 LEN $o 0 $p 17.00 $r PRETSON $s DC_2_000000000000000_LEN $w 157 $y 2023-03-18

