01187nam a2200301   4500
001 43887
003 http://www.mediathequederoubaix.fr/ark:/20179/KH43887
005 20220902032505.0
035 00 $a HZ_RBX84688
090    $a 43887
091    $a 0
099    $t LI $c 2014-06-30 $d 2022-09-02 $x 0
100    $a 19       1950    k  y0frey5003    ba
101    $a fre
200    $a Le XVIe siècle $f par Henri Sée,.. et Armand Rébillon,... $g avec la collab. de Edmond Préclin,...
210    $a Paris $c PUF $d 1950
215    $a XX-525 p. $d 19 cm
225 0  $a Clio $e introduction aux études historiques
320    $a Index
339    $a m
410    $t Clio. Introduction aux études historiques
606    $7 ba0yba0y $8 fre    $a Histoire universelle $z 16e siècle $9 3806
700 0  $9 281802 $a Sée $b Henri $f 1864-1936
701 0  $9 281803 $a Rébillon $b Armand $f 1879-1974
702 0  $9 281801 $a Préclin $b Edmond $f 1888-1955 $4 080
801  0 $a FR $b 595126101 $c 20070903 $g AFNOR
930    $5 595126101:C0001775501 $b 595126101 $a MAG L/P 8/106 674 $e Fonds patrimonial
995    $0 0 $2 0 $4 0 $5 2005-03-23 $9 50621 $b MED $c MED $e MED3I $f C0001775501 $h PPEFGZZ $k MAG L/P 8/106 674 $o 2 $r PRETLIV $s MAG_LP_8106_674000000000000 $w 0 $y 2014-06-30

