01182nam a2200277   4500
001 44026
003 http://www.mediathequederoubaix.fr/ark:/20179/KH44026
005 20220827025329.0
035 00 $a HZ_RBX84871
090    $a 44026
091    $a 0
099    $t LI $c 2014-06-30 $d 2022-08-27 $x 0
100    $a 19       1975    k  y0frey5003    ba
101    $a fre
200    $a Le comportement animal $e une synthèse d'éthologie et de psychologie comparative $h T. 2 $i développement comportemental, évolution $f Robert A. Hinde,... $g trad. de l'anglais par Denise Feraud
210    $a Paris $c PUF $d 1975
215    $a Pp 502-971 $c ill., couv. ill. $d 22 cm
225 0  $a Psychologie d'aujourd'hui
339    $a m
410    $t Psychologie d'aujourd'hui
606    $7 ba0yba0y $8 fre    $a Comportement social des animaux $9 38446
700 0  $9 281821 $a Hinde $b Robert Aubrey $f 1923-....
702 0  $9 281822 $a Feraud $b Denise $4 730
801  0 $a FR $b 595126101 $c 20070829 $g AFNOR
930    $5 595126101:C0001810262 $b 595126101 $a MAG L/P 8/106 729 $e Fonds patrimonial
995    $0 0 $2 0 $4 0 $5 2005-03-23 $9 50773 $b MED $c MED $e MED3I $f C0001810262 $h PPEFGZZ $k MAG L/P 8/106 729 $o 2 $r PRETLIV $s MAG_LP_8106_729000000000000 $w 0 $y 2014-06-30

