00951nam a2200265   4500
001 44155
003 http://www.mediathequederoubaix.fr/ark:/20179/KH44155
005 20220926054207.0
035 00 $a HZ_RBX85038
090    $a 44155
091    $a 0
099    $t LI $c 2014-06-30 $d 2022-09-26 $x 0
100    $a 19       1974    k  y0frey5003    ba
101    $a fre
200    $a Climatologie $f Pierre Estienne, Alain Godard
210    $a Paris $c Armand Colin $d 1974
215    $a 365 p. $c ill., [1] dépl. $d 23 cm
320    $a Index
339    $a m
606    $7 ba0yba0y $8 fre    $a Climatologie $9 19775
700 0  $9 166257 $a Estienne $b Pierre
701 0  $9 285455 $a Godard $b Alain $f 1944-....
801  0 $a FR $b 595126101 $c 20070903 $g AFNOR
930    $5 595126101:C0001813294 $b 595126101 $a MAG L/P 8/106 798 $e Fonds patrimonial
995    $0 0 $2 0 $4 0 $5 2005-03-23 $9 50911 $b MED $c MED $e MED3I $f C0001813294 $h PPEFGZZ $k MAG L/P 8/106 798 $o 2 $r PRETLIV $s MAG_LP_8106_798000000000000 $w 0 $y 2014-06-30

