01403nam a2200301   4500
001 44287
003 http://www.mediathequederoubaix.fr/ark:/20179/KH44287
005 20180720093756.0
035 00 $a HZ_RBX85212
090    $a 44287
091    $a 0
099    $t LI $c 2014-06-30 $d 2014-06-30 $x 0
100    $a 19       1977    k  y0frey5003    ba
101    $a fre
200    $a Le registre de la Grange $e 1659-1685 $h tome I $i Registre et index $h tome II $i Notice sur La Grange et son œuvre, comparaison des anciens registres de la Comédie française, historique des premiers recueils de Molière $f Bert Edward Young,... Grace Philputt Young,...
210    $a Genève $c Slatkine Reprints $d 1977
215    $a 385-185 p. $d 23 cm
225 0  $a Bibliothèque de la société des historiens du théâtre $v 23-24
320    $a Index
339    $a m
410    $t Bibliothèque de la société des historiens du théâtre $v 23-24
604 0  $9 122655 $a La Grange $c Charles Varlet dit $f 1639 ?-1692 $t Registre
700 0  $9 281883 $a Young $b Bert Edward $f 1875-1949
701 0  $9 281884 $a Young $b Grace Philputt
701 0  $9 281885 $a La Grange $f 1635-1692
801  0 $a FR $b 595126101 $c 20070829 $g AFNOR
930    $5 595126101:C0001813919 $b 595126101 $a MAG L/P 8/106 832 $e Fonds patrimonial
995    $0 0 $2 0 $4 0 $5 2005-03-23 $9 51050 $b MED $c MED $e MED3I $f C0001813919 $h PPEFGZZ $k MAG L/P 8/106 832 $o 2 $r PRETLIV $s MAG_LP_8106_832000000000000 $w 0 $y 2014-06-30

