00891nj  a2200229   4500
001 44401
003 http://www.mediathequederoubaix.fr/ark:/20179/KH44401
005 20240507065721.0
035 00 $a HZ_RBX85353
071 0  $b Polydor $a 621705
090    $a 44401
091    $a 1 $b 20240507 $c 0
099    $t DV $c 2014-06-30 $d 2024-05-07 $x 0
100    $a 19               k  y0frey5003    ba
101    $a fre
200    $a Un télégramme $b Enr. sonore
327    $a Nous séparer $a Le tango ruminant $a Vache de vie
339    $a m
700    $7 ba0yba0y $8 fre    $a Larcange $b Maurice $f 1929-2007 $3 13896347 $9 1319
801  0 $a FR $b 595126101 $c 20051114 $g AFNOR
930    $5 595126101:C0001579298 $b 595126101 $a FLRSON 17/3050 $e Fonds local et régional sonore
995    $0 0 $2 0 $4 0 $5 2005-03-23 $9 51177 $P 13.72 $b MED $c MED $e MED3C $f C0001579298 $h PENRSZZ $k FLRSON 17/3050 $o 2 $p 13.72 $r PRETSON $s FLRSON_173050_000000000000000 $w 0 $y 2014-06-30

