00754na  a2200217   4500
001 44537
003 http://www.mediathequederoubaix.fr/ark:/20179/KH44537
005 20240507065732.0
010    $a 0-7088-2551-6
035 00 $a HZ_RBX85549
090    $a 44537
091    $a 2 $b 20240507 $c 0
099    $t LI $c 2014-06-30 $d 2024-05-07 $x 1
100    $a 19       1979    k  y0frey5003    ba
101    $a eng
200    $a One corpse too many $f Ellis Peters
210    $c Warner Futura $d 1979
339    $a m
700    $7 ba0yba0y $8 fre    $a Peters $b Ellis $f 1913-1995 $3 11919363 $c pseud. $9 7899
801  0 $a FR $b 595126101 $c 20050323 $g AFNOR
995    $0 0 $2 0 $4 0 $5 2005-03-23 $9 51329 $P 0.15 $b MED $c MED $e MED3A $f C0001822358 $h ACFLALE $k ANGLAIS/R PET $o 0 $p 0.15 $r PRETLIV $s ANGLAISR_PET $w 13 $y 2016-06-02

