01255nam a2200277   4500
001 44706
003 http://www.mediathequederoubaix.fr/ark:/20179/KH44706
005 20160125015652.0
035 00 $a HZ_RBX85811
090    $a 44706
091    $a 0
099    $t LI $c 2014-06-30 $d 2014-06-30 $x 0
100    $a 19       1924    k  y0frey5003    ba
101    $a eng
200    $a Simplex buyer's guide of standard merchandise $e 1924-1925 $f compiled and distributed by Simplex Sampling Association Inc
210    $a New York $c Simplex Sampling Association Inc $d 1924
215    $a Non paginé $c ill. en coul., couv. ill. en coul. $d 32 cm
300    $a Dépôt du Musée de Roubaix n ̊396
307    $a Echantillons de tissus collés ou présentation en fac-similé des collections de tissus par gaufrage du papier
310    $a Feuillets mobiles liés par une cordelette
339    $a m
606 0  $9 242191 $a Textiles et tissus $x Échantillonnage
710 0  $9 126729 $a Simplex Sampling Association Inc $c New-York
801  0 $a FR $b 595126101 $c 20070829 $g AFNOR
930    $5 595126101:C0001809415 $b 595126101 $a RES 4/235 $e Fonds patrimonial
995    $0 0 $2 0 $4 0 $5 2005-03-23 $9 51503 $b MED $c MED $e MED3P $f C0001809415 $h PPEFGZZ $k RES 4/235 $o 2 $r PRETLIV $s RES_4235_000000000000000 $w 0 $y 2014-06-30

