00914nam a2200241   4500
001 44837
003 http://www.mediathequederoubaix.fr/ark:/20179/KH44837
005 20220908030138.0
035 00 $a HZ_RBX85966
090    $a 44837
091    $a 0
099    $t LI $c 2014-06-30 $d 2022-09-08 $x 0
100    $a 19       1957    k  y0frey5003    ba
101    $a fre
200    $a La vie de la France sous l'occupation $e 1940-1944 $h T. 3 $f Institut Hoover
210    $a Paris $c Plon $d 1957
215    $a Pp. 1177-1797 $d 25 cm
339    $a m
607    $7 ba0yba0y $8 fre    $a France $z 1940-1945 (Occupation allemande) $9 571
710 0  $9 126744 $a Institut Hoover
801  0 $a FR $b 595126101 $c 20070903 $g AFNOR
930    $5 595126101:C0001813074 $b 595126101 $a MAG L/P 8/106 935 $e Fonds patrimonial
995    $0 0 $2 0 $4 0 $5 2005-03-23 $9 51654 $b MED $c MED $e MED3I $f C0001813074 $h PPEFGZZ $k MAG L/P 8/106 935 $o 2 $r PRETLIV $s MAG_LP_8106_935000000000000 $w 0 $y 2014-06-30

