01243nam a2200301   4500
001 44973
003 http://www.mediathequederoubaix.fr/ark:/20179/KH44973
005 20160125023344.0
035 00 $a HZ_RBX86129
090    $a 44973
091    $a 0
099    $t LI $c 2014-06-30 $d 2014-06-30 $x 0
100    $a 19       1898    k  y0frey5003    ba
101    $a fre
200    $a La libellule $e [suivi de] Frisson-des-prairies $f par Achille Mélandri
210    $a Paris $c A. Picard et Kaan $d [ca 1898]
215    $a 116 p.. $c front., ill. $d 25 cm
225 0  $a Bibliothèque d'éducation récréative
300    $a Dépôt du Musée de Roubaix, n ̊51
300    $a Livre de prix de l'école communale de Croix à S. Colette
305    $a [ca 1898] d'après la date figurant sur une étiquette de distribution des prix
339    $a m
410    $t Bibliothèque d'éducation récréative
700 0  $9 166593 $a Mélandri $b Achille
702    $9 166594 $4 390 $a Collette $b Suzanne
801  0 $a FR $b 595126101 $c 20050323 $g AFNOR
930    $5 595126101:C0001782736 $b 595126101 $a MAG L/P 8/106 977 $e Fonds patrimonial
995    $0 0 $2 0 $4 0 $5 2005-03-23 $9 51796 $b MED $c MED $e MED3I $f C0001782736 $h PPEFGZZ $k MAG L/P 8/106 977 $o 2 $r PRETLIV $s MAG_LP_8106_977000000000000 $w 0 $y 2014-06-30

