02133cam a2200493   4500
001 45104
003 http://www.mediathequederoubaix.fr/ark:/20179/KH45104
010    $a 2-84113-327-3 $b br. $d 28 F
020    $a FR $b 09712714
033    $a http://catalogue.bnf.fr/ark:/12148/cb358564408
035    $a FRBNF358564400000007
039    $o OPL $a 022157513
073  0 $a 9782841133277 $2 ALS
090    $a 45104
091    $b 20240507 $c 1 $a 2
099    $t LI $c 2014-06-30 $d 2024-05-07 $x 9
100    $a 19970108d1996    a  y0frey50      ba
101 0  $a fre
102    $a FR
105    $a a   z   00|y|
106    $a r
181  0 $6 01 $a i  $b xxxe   $a b  $b xb2e  
181    $6 02 $c txt $c sti $2 rdacontent
182  0 $6 01 $a n
182    $6 02 $c n $2 rdamedia
200 1  $a Aquariums $b Texte imprimé $f Patrick Louisy $g ill. de Frédéric Pillot
210    $a Toulouse $c Milan $d 1996 $e Impr. en Italie
215    $a 39 p. $c ill. en coul., couv. ill. en coul. $d 19 cm
225    $a Carnets de nature $v 30
300    $a La couv. porte en plus : "fabriquer un aquarium et l'équiper, élever des poissons et autres animaux..."
300    $a Index
339    $a a
410  0 $0 34290591 $t Carnets de nature (Toulouse) $x 1272-470X $v 30
606    $3 11930927 $9 36458 $7 ba0yba0y $8 fre    $a Aquariums $3 12042408 $9 314947 $x Ouvrages pour la jeunesse $2 rameau $9 36458
606    $3 11930927 $9 36458 $a Aquariums $2 rameau
608    $3 12042408 $9 314947 $a Ouvrages pour la jeunesse $2 rameau
608    $a Documentaires : sciences et techniques $2 CNLJ $k Avis critique donné par le Centre national de la littérature pour la jeunesse
676    $a 639.34 $v 23
686    $a 63  $2 Cadre de classement de la Bibliographie nationale française
700    $3 12129370 $9 35647 $o ISNI0000000073599326 $a Louisy $b Patrick $4 070
702    $3 12538763 $9 1053 $o ISNI0000000122787789 $a Pillot $b Frédéric $f 1967-.... $4 440
801  0 $a FR $b FR-751131015 $c 19970108 $g AFNOR $h FRBNF358564400000007 $2 intermrc
999    $a FRBNF358564400000007
995    $0 0 $2 0 $4 0 $5 2005-03-23 $9 51941 $P 3.37 $b MED $c MED $e MED2A $f C0001830149 $h JDT50ZZ $k E/592 DOM $o 0 $p 3.37 $r PRETLIV $s E_592_000000000000000_DOM $w 25 $y 2020-12-22

