01093nam a2200289   4500
001 45280
003 http://www.mediathequederoubaix.fr/ark:/20179/KH45280
005 20180720093812.0
010    $a 2-908260-34-4
033    $a http://catalogue.bnf.fr/ark:/12148/cb355176056
035 00 $a HZ_RBX86538
090    $a 45280
091    $a 0
099    $t LI $c 2014-06-30 $d 2014-06-30 $x 0
100    $a 19       1992    k  y0frey5003    ba
101    $a fre
200    $a Découvrir et aimer Lille $f Paul Ravera $g photos Bernard Dublique
210    $a Lille $c La Voix du Nord $d 1992
215    $a 95 p. $c ill. en noir et en coul., couv. ill. en coul. $d 22 cm
320    $a Bibliogr.
339    $a m
607    $9 142303 $a Lille (Nord ; agglomération) $x Circuits touristiques
676    $a 914.428
700 0  $9 281992 $a Ravera $b Paul
801  0 $a FR $b 595126101 $c 20070829 $g AFNOR
930    $5 595126101:C0003998684 $b 595126101 $a MAG L/P 8/114 541 $e Fonds patrimonial
995    $0 0 $2 0 $4 0 $5 2005-03-23 $9 52138 $b MED $c MED $e MED3I $f C0003998684 $h PPEFGZZ $k MAG L/P 8/114 541 $o 2 $r PRETLIV $s MAG_LP_8114_541000000000000 $w 0 $y 2014-06-30

