01087nj  a2200277   4500
001 45442
003 http://www.mediathequederoubaix.fr/ark:/20179/KH45442
005 20240507070353.0
035 00 $a HZ_RBX86791
071 0  $a 7599-27176-2 $b Warner bross
090    $a 45442
091    $a 1 $b 20240507 $c 0
099    $t DC $c 2014-06-30 $d 2024-05-07 $x 10
100    $a 19       1990    k  y0frey5003    ba
101    $a fre
200    $a Astral weeks $b Enr. sonore $f Van Morrison
210    $d P 1990
215    $a 1 d.c. $e 1 brochure
327    $a Astral weeks $a Beside you $a Sweet thing $a Cyprus avenue $a The way young lovers do $a Madame George $a Ballerina $a Slim slow slider
339    $a m
606    $a Rock (musique) $y Irlande $x Disques $2 rameau
606    $7 ba0yba0y $8 fre    $3 12508669 $9 2625 $a Folk-rock $x Disques $2 rameau
679    $a 2
700    $7 ba0yba0y $8 fre    $a Morrison $b Van $f 1945-.... $3 13897731 $9 9247
801  0 $a FR $b 595126101 $c 20110525 $g AFNOR
995    $0 0 $2 0 $4 0 $5 2005-03-23 $9 52315 $P 17.00 $b MED $c MED $e MED1A $f C0001843215 $h AMV20ZZ $k DC/2 MOR $o 0 $p 17.00 $r PRETSON $s DC_2_000000000000000_MOR $w 92 $y 2021-10-13

