01789nam a2200433   4500
001 45645
003 http://www.mediathequederoubaix.fr/ark:/20179/KH45645
010    $a 2-253-06151-4 $b br. $d 55 F
020    $a FR $b 09302354
033    $a http://catalogue.bnf.fr/ark:/12148/cb35540128d
035    $a FRBNF355401280000007
039    $o OPL $a 014705312
090    $a 45645
091    $b 20240507 $c 1 $a 2
099    $t LI $c 2014-06-30 $d 2024-05-07 $x 11
100    $a 19921204d1992    m  y0frey50      ba
101 0  $a fre
102    $a FR
105    $a a   z   00|y|
106    $a r
181  0 $6 01 $a i  $b xxxe   $a b  $b xb2e  
181    $6 02 $c txt $c sti $2 rdacontent
182  0 $6 01 $a n
182    $6 02 $c n $2 rdamedia
200 1  $a Louis Napoléon le Grand $b Texte imprimé $f Philippe Séguin
210    $a Paris $c Librairie générale française $d 1992 $e 72-La Flèche $g Impr. Brodard et Taupin
215    $a 572 p. $c couv. ill. en coul. $d 17 cm
225    $a Le livre de poche $v 9508
300    $a Bibliogr. p. 555-562 . Index
339    $a m
410  0 $0 34228560 $t Le Livre de poche $x 0248-3653 $v 9508
500 11 $3 13517665 $9 320557 $a Louis Napoléon le Grand $m français $2 lien automatique
600    $3 12462544 $9 21908 $a Napoléon $d III $f 1808-1873 $c empereur des Français $2 rameau
607    $3 11936618 $9 3944 $a France $z 1852-1870 (Second Empire) $2 rameau
686    $a 92  $2 Cadre de classement de la Bibliographie nationale française
700    $3 12017104 $9 9977 $o ISNI000000012147983X $a Séguin $b Philippe $f 1943-2010 $4 070
801  0 $a FR $b FR-751131015 $c 19921204 $g AFNOR $h FRBNF355401280000007 $2 intermrc
999    $a FRBNF355401280000007
995    $0 0 $2 0 $4 0 $5 2005-03-23 $9 52522 $P 6.71 $b MED $c MED $e MED3A $f C0001956725 $h ACFHSZZ $k Doc./946 ROI $o 0 $p 6.71 $r PRETLIV $s DOC___946_000000000000000_ROI $w 33 $y 2022-03-24

