03510nj  a2200637   4500
001 45786
003 http://www.mediathequederoubaix.fr/ark:/20179/KH45786
005 20240507070434.0
035 00 $a HZ_RBX87282
071 0  $b East West $a 9548-34410-2
090    $a 45786
091    $a 1 $b 20240507 $c 0
099    $t DC $c 2014-06-30 $d 2024-05-07 $x 45
100    $a 19       1996    k  y0frey5003    ba
101    $a fre
200    $a California Story $b Enr. sonore $f The Doobie Brothers $g Christopher Cross $g Michael Franks...[et al.]
210    $d Compil. P 1996
215    $a 2 d.c. $e 1 brochure
327    $a Disque 1 : Long train running / The Doobie Brothers $a Ride like the wind / Christopher Cross $a Jealousy / Michael Franks $a Sara / Fleetwood Mac $a Ghost town / Poco $a One way ticket / Bill Champlin $a I keep forgettin' / Michael McDonald $a Cinderella / Firefall $a Don't talk to strangers $a Maniac / Michael Sembello $a The heat is on / Glenn Frey $a I can't wait / Stevie Nicks $a You're so vain / Carly Simon $a California girls / David Lee Roth $a Kokoma / The Beach Boys $a I love L.A. / Randy Newman $a Disque 2 : Rosanna / Toto $a Eye of the tiger / Survivor $a Dust in the wind / Kansas $a Broken wings / Mr Mister $a Hearts / Marty Balin $a How can you love me / Ambrosia $a The night owls / Little River Band $a Love the one you're with / Stephen Stills $a Genevieve / Andrew Gold $a Life's been good / Jœ Walsh $a Jojo / Boz Scaggs $a TWA sari / Eye to Eye $a Playin' it cool / Timothy B. Schmit $a Baby come back / Player $a California dreaming / Mamas & Papas $a A horse with no name / America
339    $a m
606    $a Rock (musique) $y Etats-Unis $x Disques $2 rameau
679    $a 2
701 0  $a Cross $b Christopher $f 1951-....
701 0  $a MacDonald $b Michael
701 0  $a Balin $b Marty
701 0  $a Gold $b Andrew
701 0  $a Walsh $b Jœ
701 0  $a Schmit $b Timothy B.
701    $7 ba0yba0y $8 fre    $a Sembello $b Michael $f 1954-.... $3 13987452 $9 21003
701 0  $7 ba0yba0y $8 fre    $3 13972057 $9 36779 $7 ba0yba0y $8 fre    $a Champlin $b Bill $f 1947-....
701    $7 ba0yba0y $8 fre    $a Franks $b Michael $f 1944-.... $3 13894134 $9 35659
701    $7 ba0yba0y $8 fre    $a Frey $b Glenn $f 1948-2016 $3 13894162 $9 34942
701    $7 ba0yba0y $8 fre    $a Simon $b Carly $f 1945-.... $3 13899790 $9 18151
701    $7 ba0yba0y $8 fre    $a Springfield $b Rick $f 1949-.... $3 13936225 $9 36781
701    $7 ba0yba0y $8 fre    $a Newman $b Randy $f 1943?-.... $3 13897935 $9 9051
701    $7 ba0yba0y $8 fre    $a Nicks $b Stevie $f 1948-.... $3 13897953 $9 36411
701    $7 ba0yba0y $8 fre    $a Stills $b Stephen $f 1945-.... $3 13900073 $9 35367
701    $7 ba0yba0y $8 fre    $a Roth $b David Lee $f 1955-.... $3 13899217 $9 36783
711 0  $a Doobie Brothers
711 0  $7 ba0yba0y $8 fre    $a Poco
711 0  $a Firefall
711 0  $a Toto
711    $a Kansas
711 0  $7 ba0yba0y $8 fre    $a Mr. Mister
711 0  $a Boz Scaggs
711 0  $a Eye to Eye
711 0  $a Player
711 0  $a The Mamas & The Papas
711    $a America
711 0  $7 ba0yba0y $8 fre    $3 13904646 $9 36780 $7 ba0yba0y $8 fre    $a Little river band
711 0  $7 ba0yba0y $8 fre    $3 14245092 $9 36778 $7 ba0yba0y $8 fre    $a Ambrosia
711    $7 ba0yba0y $8 fre    $a Survivor $3 13906855 $9 36782
711    $7 ba0yba0y $8 fre    $a The Beach boys $3 13901878 $9 9820
711    $7 ba0yba0y $8 fre    $a Fleetwood Mac $3 13903518 $9 3910
801  0 $a FR $b 595126101 $c 20070831 $g AFNOR
995    $0 0 $2 0 $4 0 $5 2005-03-23 $9 52671 $P 18.06 $b MED $c MED $e MED1A $f C0001842104 $h AMV20ZZ $k DC/2 A $o 0 $p 18.06 $r PRETSON $s DC_2_000000000000000_A $u Contient 2 cd $w 214 $y 2023-12-27

