01717nam a2200433   4500
001 45947
003 http://www.mediathequederoubaix.fr/ark:/20179/KH45947
010    $z 2-7384-0022-1 $b br.
020    $a FR $b 09131319
033    $a http://catalogue.bnf.fr/ark:/12148/cb35007463r
035    $a FRBNF350074630000006
039    $o OPL $a 006836415
090    $a 45947
091    $b 20240507 $c 1 $a 2
099    $t LI $c 2014-06-30 $d 2024-05-07 $x 0
100    $a 19890413d1988    m  y0frey50      ba
101 0  $a fre
102    $a FR
105    $a ||||z   00|y|
106    $a r
181  0 $6 01 $a i  $b xxxe  
181    $6 02 $c txt $2 rdacontent
182  0 $6 01 $a n
182    $6 02 $c n $2 rdamedia
200 1  $a Le racisme scientifique $b Texte imprimé $e offensive contre l'égalité sociale $f Chapour Haghighat $g avec une postf. d'Albert Jacquard
210    $a Paris $c l'Harmattan $d 1988 $e 58-Clamecy $g Impr. Laballery
215    $a 263 p. $d 22 cm
225    $a Science libre
300    $a Bibliogr. p. 251-260
339    $a m
410  0 $0 34267369 $t Science libre (Paris) $x 1151-8553 $d 1988
606    $3 11933198 $9 3974 $a Sociobiologie $2 rameau
606    $3 12099178 $9 24511 $a Sciences et racisme $2 rameau
686    $a 30  $2 Cadre de classement de la Bibliographie nationale française
700    $3 11906692 $9 36818 $o ISNI0000000115982156 $a Haghighat $b Chapour $4 070
702    $3 11908413 $9 2901 $o ISNI0000000120962045 $a Jacquard $b Albert $f 1925-2013 $4 075
801  0 $a FR $b FR-751131015 $c 19890413 $g AFNOR $h FRBNF350074630000006 $2 intermrc
999    $a FRBNF350074630000006
995    $0 0 $2 0 $4 0 $5 2005-03-23 $9 52860 $P 31.25 $b MED $c MED $e MED3E $f C0000544957 $h ACFSSZZ $k Mag. in-8/43 836 $o 0 $p 31.25 $r PRETLIV $s MAG___IN8_43_836000000000000 $w 18 $y 2014-06-30

