01262nam a2200325   4500
001 46093
003 http://www.mediathequederoubaix.fr/ark:/20179/KH46093
005 20220518042742.0
010    $a 2-204-02529-1
033    $a http://catalogue.bnf.fr/ark:/12148/cb34866371b
035 00 $a HZ_RBX87696
090    $a 46093
091    $a 0
099    $t LI $c 2014-06-30 $d 2022-05-18 $x 0
100    $a 19       1986    k  y0frey5003    ba
101    $a fre
200    $a L'appel de la J.O.C. $e 1926-1928 $f Joseph Debès, Emile Poulat
210    $a Paris $c Éd. du Cerf $d 1986
215    $a 292 p. $c front, ill., couv. ill. en coul. $d 24 cm
225 0  $a Cerf-histoire
320    $a Index
339    $a m
410    $t Cerf-histoire
601    $7 ba0yba0y $8 fre    $a Jeunesse ouvrière chrétienne $c France $9 84665
606 0  $9 237796 $a Mouvements de jeunesse chrétiens $y France $y Roubaix (Nord)
700 0  $9 281273 $a Debès $b Joseph
701    $7 ba0yba0y $8 fre    $a Poulat $b Émile $f 1920-2014 $9 281274
801  0 $a FR $b 595126101 $c 20070829 $g AFNOR
930    $5 595126101:C0001819999 $b 595126101 $a MAG L/P 8/107 164 $e Fonds patrimonial
995    $0 0 $2 0 $4 0 $5 2005-03-23 $9 53016 $b MED $c MED $e MED3I $f C0001819999 $h PPEFGZZ $k MAG L/P 8/107 164 $o 2 $r PRETLIV $s MAG_LP_8107_164000000000000 $w 0 $y 2014-06-30

