01288nam a2200289   4500
001 46234
003 http://www.mediathequederoubaix.fr/ark:/20179/KH46234
005 20220925072645.0
035 00 $a HZ_RBX87886
090    $a 46234
091    $a 0
099    $t LI $c 2014-06-30 $d 2022-09-25 $x 0
100    $a 19       1988    k  y0frey5003    ba
101    $a fre
200    $a Roubaix joue la carte de la poésie $f Bibliothèque municipale de Roubaix
210    $a Roubaix $c Bibliothèque municipale de Roubaix $d [1988]
215    $a Non paginé $c ill. $d 30 cm
310    $a Photocopies d'articles de presse
339    $a m
601    $3 11873703 $7 ba0yba0y $8 fre    $a Médiathèque municipale $c Roubaix, Nord $o ISNI0000000119457770 $9 264587
606    $7 ba0yba0y $8 fre    $a Poésie et enfants $9 26455
606 0  $9 238106 $a Poésie française $y France $y Roubaix (Nord)
606 0  $9 238283 $a Festivals de poésie $y France $y Roubaix (Nord)
710    $3 11873703 $7 ba0yba0y $8 fre    $a Médiathèque municipale $c Roubaix, Nord $o ISNI0000000119457770 $9 264587
801  0 $a FR $b 595126101 $c 20080723 $g AFNOR
930    $5 595126101:C0001770991 $b 595126101 $a RES 4/112 $e Fonds patrimonial
995    $0 0 $2 0 $4 0 $5 2005-03-23 $9 53189 $b MED $c MED $e MED3P $f C0001770991 $h PPEFGZZ $k RES 4/112 $o 2 $r PRETLIV $s RES_4112_000000000000000 $w 0 $y 2014-06-30

