00973nam a2200277   4500
001 46401
003 http://www.mediathequederoubaix.fr/ark:/20179/KH46401
005 20220902032529.0
033    $a http://catalogue.bnf.fr/ark:/12148/cb32197124n
035 00 $a HZ_RBX88106
090    $a 46401
091    $a 0
099    $t LI $c 2014-06-30 $d 2022-09-02 $x 0
100    $a 19       1917    k  y0frey5003    ba
101    $a fre
200    $a Les vitriers à Bezonvaux $f Léon Groc
210    $a Paris $c F. Rouff $d cop. 1917
215    $a 24 p. $c ill., couv. ill. en coul. $d 20 cm
225 0  $a Patrie $v 14
339    $a m
410    $t Patrie $v 14
606 0  $a   $9 115850
700 0  $9 53314 $7 ba0yba0y $8 fre    $a Groc $b Léon $f 1882-1956
801  0 $a FR $b 595126101 $c 20070829 $g AFNOR
930    $5 595126101:C0001817997 $b 595126101 $a BR 8/665 $e Fonds patrimonial
995    $0 0 $2 0 $4 0 $5 2005-03-23 $9 53370 $b MED $c MED $e MED3M $f C0001817997 $h PPEFGZZ $k BR 8/665 $o 2 $r PRETLIV $s BR_8665_000000000000000 $w 0 $y 2014-06-30

