01213nj  a2200289   4500
001 46557
003 http://www.mediathequederoubaix.fr/ark:/20179/KH46557
005 20240507071049.0
035 00 $a HZ_RBX88307
071 0  $a 846 908-2 $b Mercury
090    $a 46557
091    $a 1 $b 20240507 $c 0
099    $t DC $c 2014-06-30 $d 2024-05-07 $x 20
100    $a 19       1990    k  y0frey5003    ba
101    $a fre
200    $a Crazy world $b Enr. sonore $f Scorpions
210    $d P 1990
215    $a 1 d.c. $e 1 brochure
327    $a Tease me please me $a Don't believe her $a To be with you in heaven $a Wind of change $a Restless nights $a Lust or love $a Kicks after six $a Hit between $a Money and fame $a Crazy world $a Send me an angel
339    $a m
606    $a Rock (musique) $y Allemagne $x Disques $2 rameau
606    $7 ba0yba0y $8 fre    $3 12471027 $9 166 $a Hard rock $x Disques $2 rameau
606    $7 ba0yba0y $8 fre    $3 12486943 $9 178 $a Heavy metal $x Disques $2 rameau
679    $a 2 $c 50
710    $7 ba0yba0y $8 fre    $a Scorpions $3 13906404 $9 2683
801  0 $a FR $b 595126101 $c 20110525 $g AFNOR
995    $0 0 $2 0 $4 0 $5 2005-03-23 $9 53543 $P 17.00 $b MED $c MED $e MED1A $f C0001582445 $h AMV25ZZ $k DC/2 SCO 50 $o 0 $p 17.00 $r PRETSON $s DC_2_SCO_500000000000000 $w 134 $y 2024-04-10

