02053nj  a2200373   4500
001 46703
003 http://www.mediathequederoubaix.fr/ark:/20179/KH46703
005 20240507071110.0
035 00 $a HZ_RBX88525
071 0  $b L'aventure musicale
090    $a 46703
091    $a 1 $b 20240507 $c 0
099    $t DC $c 2014-06-30 $d 2024-05-07 $x 0
100    $a 19       1996    k  y0frey5003    ba
101    $a fre
200    $a Marie-Cerise et l'étoile carrée $b Enr. sonore $e Une aventure en chansons $f Olivier Delgutte $g Jean Jacques Commien, par. & mus. $g Sophie Selosse (Marie-Cerise) $g Hugues Martel (Jean Filament) $g Christine Le Morvan (Marguerite Rigolepatrro) $g Philippe Capelle (Raoul Tocatta) $g Michel Duchaussoy, récitant $g Airelle, perc. $g Philippe Leuwers, saxo
210    $d [1996]
215    $a 1 d.c. $e 1 brochure
327    $a Sur les toits : première partie : Introduction $a Chanson du ramoneur $a T'as raison saucisson $a Si tu voulais compter toutes les étoiles $a Et pourqoi pas ? $a Montée à l'étoile $a Sur l'étoile carrée : deuxième partie : $a A cloche-pied, à cloche-ciel $a Le grand orchestre de l'étoile carrée $a Marguerite Rigolepattro $a Chabidou-dou-bidouh-ouah / Joanna Michel, chœurs
606    $a Chansons enfantines $y France $y Nord $x Disques $2 rameau
606    $7 ba0yba0y $8 fre    $3 12426850 $9 2262 $a Contes musicaux $x Disques $2 rameau
679    $a 733
701 0  $a Commien $b Jean-Jacques $f 1958-....
701    $7 ba0yba0y $8 fre    $a Delgutte $b Olivier $3 14030268 $9 11818
702 0  $a Selosse $b Sophie
702 0  $a Le Morvan $b Christine
702 0  $a Ladrette $b Martine
702 0  $4 440 $a Moreau $b Frédéric
702    $7 ba0yba0y $8 fre    $a Duchaussoy $b Michel $f 1938-2012 $3 14654296 $9 37138
702    $7 ba0yba0y $8 fre    $a Martel $b Hugues $3 14203744 $9 11819
702    $7 ba0yba0y $8 fre    $a Capelle-Dumont $b Philippe $f 1954-.... $3 13539733 $9 37139
801  0 $a FR $b 595126101 $c 20070829 $g AFNOR
339    $a m
995    $0 0 $2 0 $4 0 $5 2005-03-23 $9 53708 $P 14.76 $b MED $c MED $e MED3C $f C0001562607 $h PENRSZZ $k FLRSON DC/728 $o 2 $p 14.76 $r PRETSON $s FLRSON_DC728 $w 0 $y 2014-06-30

