01194nj  a2200289   4500
001 46846
003 http://www.mediathequederoubaix.fr/ark:/20179/KH46846
005 20240507071120.0
035 00 $a HZ_RBX88704
071 0  $a 040 $b Fan club
090    $a 46846
091    $a 1 $b 20240507 $c 0
099    $t DC $c 2014-06-30 $d 2024-05-07 $x 10
100    $a 19       1980    k  y0frey5003    ba
101    $a fre
200    $a Cherchez le garçon $b Enr. sonore $f Taxi Girl
210    $d [1980]
215    $a 1 d.c.
327    $a Petit jardin chinois $a Cherchez le garçon $a V2 sur mes souvenirs $a Cherchez le garçon (solitaire) $a S.O.S. mannekin $a Les yeux des amants $a Triste coktail
339    $a m
606    $a Rock (musique) $y France $x Disques $2 rameau
606    $7 ba0yba0y $8 fre    $3 11957141 $9 214 $a Pop music $x Disques $y France $2 rameau
606    $7 ba0yba0y $8 fre    $3 12179854 $9 7081 $a New wave (musique) $x Disques $y France $2 rameau
679    $a 2 $c 70
710    $7 ba0yba0y $8 fre    $a Taxi Girl $3 13906933 $9 35816
801  0 $a FR $b 595126101 $c 20070829 $g AFNOR
995    $0 0 $2 0 $4 0 $5 2005-03-23 $9 53855 $P 17.00 $b MED $c MED $e MED3C $f C0001848956 $h AMV80ZZ $k DC/099.2 TAX $o 0 $p 17.00 $r PRETSON $s DC_099_200000000000000_TAX $w 81 $y 2019-11-13 $A 0

