02023cam a2200481   4500
001 47026
003 http://www.mediathequederoubaix.fr/ark:/20179/KH47026
010    $a 2-02-025385-2 $b br. $d 160 F
020    $a FR $b 09703104
033    $a http://catalogue.bnf.fr/ark:/12148/cb36692139w
035    $a FRBNF366921390000002
039    $o OPL $a 022007823
090    $a 47026
091    $b 20240507 $c 1 $a 2
099    $t LI $c 2014-06-30 $d 2024-05-07 $x 1
100    $a 19961116d1996    m  y0frey50      ba
101 1  $a fre $c cze
102    $a FR
105    $a a   z   00|||
106    $a r
181  0 $6 01 $a i  $b xxxe   $a b  $b xb2e  
181    $6 02 $c txt $c sti $2 rdacontent
182  0 $6 01 $a n
182    $6 02 $c n $2 rdamedia
200 1  $a Les aveux des archives $b Texte imprimé $e Prague-Paris-Prague, 1948-1968 $f Karel Bartosek
210    $a Paris $c Éd. du Seuil $d 1996 $e 61-Lonrai $g Impr. Normandie roto
215    $a 458 p. $c fac-sim., couv. ill. $d 25 cm
225    $a Archives du communisme
300    $a Trad. partiellement du tchèque
300    $a En appendice, choix de documents
300    $a Bibliogr. p. 445-447
339    $a m
410  0 $0 34286809 $t Archives du communisme $x 1264-1103 $d 1996
601    $3 11870342 $9 343295 $a  Komunistická strana Československa $3 13318572 $9 3735 $x Archives $2 rameau
601    $3 12008730 $9 24571 $a Parti communiste français $z 1945-.... $2 rameau
606    $3 12649159 $9 24977 $a Partis communistes $3 11931305 $9 3310 $y Europe de l'Ouest $3 11976947 $9 1123 $z 1945-1970 $2 rameau
676    $a 320.532 309437 $v 23
676    $a 320.532 0944 $v 23
686    $a 32  $2 Cadre de classement de la Bibliographie nationale française
700    $3 12065179 $9 343296 $o ISNI0000000121214866 $a Bartošek $b Karel $f 1930-2004 $4 070
801  0 $a FR $b FR-751131015 $c 19961116 $g AFNOR $h FRBNF366921390000002 $2 intermrc
999    $a FRBNF366921390000002
995    $0 1 $2 0 $4 0 $5 2005-03-23 $9 54047 $P 19.27 $b MED $c MED $e MED3A $f C0001949833 $h ACFSSZZ $k Doc./324.243 7/BAR $o 4 $p 19.27 $r PRETLIV $s DOC___324_243000000000000_7_BAR $w 7 $y 2017-03-30

