01337nj  a2200301   4500
001 47211
003 http://www.mediathequederoubaix.fr/ark:/20179/KH47211
005 20240507071158.0
035 00 $a HZ_RBX89213
071 00 $b Emarcy $a 846 896-2
090    $a 47211
091    $a 1 $b 20240507 $c 0
099    $t DC $c 2014-06-30 $d 2024-05-07 $x 3
100    $a 19       1990    k  y0frey5003    ba
101    $a fre
200    $a The George Gershwin songbook $b Enr. sonore $h Vol. 1 $f Sarah Vaughan, voix
210    $d P 1990
215    $a 1 d.c.
327    $a Embraceable you $a Aren't you kinda glad we did $a They all laughed $a Looking for a boy $a He loves ansd she loves $a My man's gone now $a I won't say I will $a A foggy day $a Let's call the whole thing off $a Things are looking up $a Do it again $a Love walked in $a They can't take that away from me $a 's Wonderful $a Soon
339    $a m
606    $a Jazz $y Etats-Unis $x Disques $2 rameau
606    $a Jazz (chants) $x Disques $2 rameau
606    $7 ba0yba0y $8 fre    $a Chanteuses de jazz $3 12166760 $9 231 $x Disques $2 rameau $9 231
679    $a 1
700 0  $a Gershwin $b George $f 1898-1937
702 0  $a Vaughan $b Sarah $f 1924-1990
801  0 $a FR $b 595126101 $c 20110211 $g AFNOR
995    $0 0 $2 0 $4 0 $5 2005-03-23 $9 54251 $P 18.00 $b MED $c MED $e MED1A $f C0001950070 $h AMV13ZZ $k DC/1 VAU $o 0 $p 18.00 $r PRETSON $s DC_1_000000000000000_VAU $w 46 $y 2024-04-20

