00899nam a2200253   4500
001 47375
003 http://www.mediathequederoubaix.fr/ark:/20179/KH47375
005 20220901042342.0
035 00 $a HZ_RBX89461
090    $a 47375
091    $a 0
099    $t LI $c 2014-06-30 $d 2022-09-01 $x 0
100    $a 19       1980    k  y0frey5003    ba
101    $a fre
200    $a Roubaix $e un peu d'histoire $f Ville de Roubaix
210    $a Roubaix $c Ville de Roubaix $d [1980]
215    $a [15] f. $d 31 cm
310    $a Pochette avec rabat
339    $a m
607    $9 141041 $a Roubaix (Nord) $x Histoire
710    $7 ba0yba0y $8 fre    $a Roubaix $c Nord $9 119279
801  0 $a FR $b 595126101 $c 20070829 $g AFNOR
930    $5 595126101:C0001868419 $b 595126101 $a RES 4/721 $e Fonds patrimonial
995    $0 0 $2 0 $4 0 $5 2005-03-23 $9 54440 $b MED $c MED $e MED3P $f C0001868419 $h PPEFGZZ $k RES 4/721 $o 2 $r PRETLIV $s RES_4721_000000000000000 $w 0 $y 2014-06-30

