01255nam a2200301   4500
001 47523
003 http://www.mediathequederoubaix.fr/ark:/20179/KH47523
005 20220923073706.0
035 00 $a HZ_RBX89652
090    $a 47523
091    $a 0
099    $t LI $c 2014-06-30 $d 2022-09-23 $x 0
100    $a 19       1870    k  y0frey5003    ba
101    $a fre
200    $a L'organisation du travail selon la coutume des ateliers et la loi du décalogue avec un précis d'observations comparées,...[et al.] $f par M. F. Le Play,...
210    $a Tours $c A. Mame et fils $d 1870
215    $a XII-561 p. $d 18 cm
300    $a Cachet de la Bibliothèque de la ville de Roubaix
300    $a Ex.libris imp. de l'imprimerie-librairie Lesguillon
310    $a Demi-rel. cuir
320    $a Index
339    $a m
606 0  $a Organisation du travail $x Histoire $2 rameau
606 0  $a Droit du travail $x Histoire $2 rameau
700    $7 ba0yba0y $8 fre    $a Le Play $b Frédéric $f 1806-1882 $9 24195
801  0 $a FR $b 595126101 $c 20070829 $g AFNOR
930    $5 595126101:C0001867421 $b 595126101 $a MAG L/P 8/107 387 $e Fonds patrimonial
995    $0 0 $2 0 $4 0 $5 2005-03-23 $9 54601 $b MED $c MED $e MED3I $f C0001867421 $h PPEFGZZ $k MAG L/P 8/107 387 $o 2 $r PRETLIV $s MAG_LP_8107_387000000000000 $w 0 $y 2014-06-30

