01138nam a2200253   4500
001 47659
003 http://www.mediathequederoubaix.fr/ark:/20179/KH47659
005 20160125004801.0
035 00 $a HZ_RBX89825
090    $a 47659
091    $a 0
099    $t LI $c 2014-06-30 $d 2014-06-30 $x 0
100    $a 19       1792    k  y0frey5003    ba
101    $a fre
200    $a Recueil de lettres et autres piéces adressées à laMunicipalité ou au Conseil permanent de la communede Lille $e à l'occasion du bombardement de cette place $e commencé le 29 septembre 1792, l'an premier de la République Française
210    $a (Lille) $d (ca 1792) $g (impr. Jacquez)
215    $a 122 p. $d 24 cm
300    $a Cachet de la Bibliothèque de la ville de Roubaix
339    $a m
607    $9 141117 $a Lille (Nord) $x Administration
607    $9 141156 $a Lille (Nord) $z 1792 (Siège)
801  0 $a FR $b 595126101 $c 20070829 $g AFNOR
930    $5 595126101:C0001974456 $b 595126101 $a MAG L/P 8/107 448 $e Fonds patrimonial
995    $0 0 $2 0 $4 0 $5 2005-03-23 $9 54748 $b MED $c MED $e MED3I $f C0001974456 $h PPEFGZZ $k MAG L/P 8/107 448 $o 2 $r PRETLIV $s MAG_LP_8107_448000000000000 $w 0 $y 2014-06-30

