01368nam a2200253   4500
001 47808
003 http://www.mediathequederoubaix.fr/ark:/20179/KH47808
005 20180720093834.0
035 00 $a HZ_RBX90048
090    $a 47808
091    $a 0
099    $t LI $c 2014-06-30 $d 2014-06-30 $x 0
100    $a 19       1782    k  y0frey5003    ba
101    $a fre
200    $a Monumens anciens essentiellement utiles à la France, aux provinces de Hainaut, Flandre, Brabant, Nammur, Artois, Liège, Hollande,...[etc.] , Hollande,...[et al.] $h première partie du volume $i Droits primitifs des anciennes terres et seigneuries du pays et comté de Hainaut autrichien et françois et connoissance exacte de la mouvance des fiefs qui relevoient du comte de Haynaut en 1410 & 1473...[etc.] $h Tome premier $f par le Comte Joseph de St-Genois,...
210    $a Paris $c Saillant $d [1782]
215    $a CCCCLXI p. $c ill. gr. sb. $d 35 cm
300    $a Cachet de la Bibliothèque de la ville de Roubaix
339    $a m
606 0  $9 242778 $a Fiefs $y Hainaut $z 15e siècle
700 0  $9 282213 $a Saint-Genois de Grand-Breucq $b François-Joseph de $f 1749-1816
801  0 $a FR $b 595126101 $c 20070829 $g AFNOR
930    $5 595126101:C0001956474 $b 595126101 $a RES Fol/21 $e Fonds patrimonial
995    $0 0 $2 0 $4 0 $5 2005-03-23 $9 54900 $b MED $c MED $e MED3Q $f C0001956474 $h PPEFGZZ $k RES Fol/21 $o 2 $r PRETLIV $s RES_FOL21 $w 0 $y 2014-06-30

