01094nj  a2200277   4500
001 47978
003 http://www.mediathequederoubaix.fr/ark:/20179/KH47978
005 20240507071811.0
035 00 $a HZ_RBX90305
071 0  $a 30242 $b 4 AD
090    $a 47978
091    $a 1 $b 20240507 $c 0
099    $t DC $c 2014-06-30 $d 2024-05-07 $x 1
100    $a 19       1991    k  y0frey5003    ba
101    $a fre
200    $a It'll end in tear $b Enr. sonore $f This Mortal Coil
210    $d [1991]
215    $a 1 d.c.
305    $a 1991, d'après la date d'acquisition
327    $a Kangaroo $a Song to the Siren $a Holocaust $a Fyt $a Fond affection $a The last ray $a Another day $a Waves become wings $a Barramundi $a Dream made $a not me $a A single wish
339    $a m
606    $a Rock (musique) $y Grande-Bretagne $y Angleterre (GB) $x Disques $2 rameau
679    $a 2
710    $7 ba0yba0y $8 fre    $a This mortal coil $3 13942840 $9 35974
801  0 $a FR $b 595126101 $c 20070829 $g AFNOR
995    $0 0 $2 0 $4 0 $5 2005-03-23 $9 55102 $P 17.00 $b MED $c MED $e MED3C $f C0001853977 $h AMV20ZZ $k DC/2 THI $o 0 $p 17.00 $r PRETSON $s DC_2_000000000000000_THI $w 58 $y 2014-11-28

