01364nam a2200313   4500
001 48137
003 http://www.mediathequederoubaix.fr/ark:/20179/KH48137
005 20180720093835.0
035 00 $a HZ_RBX90545
090    $a 48137
091    $a 0
099    $t LI $c 2014-06-30 $d 2014-06-30 $x 0
100    $a 19       1839    k  y0frey5003    ba
101    $a fre
200    $a Nouveau manuel du naturaliste préparateur $e ou l'Art d'empailler les animaux, de conserver lesvégétaux, de préparer les pièces d'anatomie normale et pathologique $e suivi d'un traité des embaumemens $f par M. Boitard,...
205    $a Nouv. éd., rev., augm. et entièrement refondue
210    $a Paris $c Roret $d 1839
215    $a 397 p., 4 f. de pl. $c ill. $d 15 cm
225 0  $a Manuels Roret
300    $a Ex.libris imp. de la librairie A. Lesguillon
300    $a Cachet de la Bibliothèque de la ville de Roubaix
300    $a Inventaire ENSAIT n ̊A 896
339    $a m
410    $t Manuels Roret
606 0  $9 242577 $a Naturalistes $x Guides, manuels, etc.
700 0  $9 282249 $a Boitard $b Pierre $f 1789-1859
801  0 $a FR $b 595126101 $c 20070829 $g AFNOR
930    $5 595126101:C0001974472 $b 595126101 $a MAG L/P 8/107 491 $e Fonds patrimonial
995    $0 0 $2 0 $4 0 $5 2005-03-23 $9 55280 $b MED $c MED $e MED3I $f C0001974472 $h PPEFGZZ $k MAG L/P 8/107 491 $o 2 $r PRETLIV $s MAG_LP_8107_491000000000000 $w 0 $y 2014-06-30

