00922nam a2200241   4500
001 48304
003 http://www.mediathequederoubaix.fr/ark:/20179/KH48304
005 20160125015721.0
035 00 $a HZ_RBX90780
090    $a 48304
091    $a 0
099    $t LI $c 2014-06-30 $d 2014-06-30 $x 0
100    $a 19       1990    k  y0frey5003    ba
101    $a fre
200    $a Crédit municipal de Roubaix $b calendrier 1990 $f Crédit municipal de Roubaix
210    $a Roubaix $c Crédit municipal de Roubaix $d [1990]
215    $a [13] f. $c ill. en coul. $d 41 cm
339    $a m
606 0  $9 237581 $a Calendriers illustrés
710 0  $9 123386 $a Crédit municipal $c Roubaix, Nord $c roubaisien
801  0 $a FR $b 595126101 $c 20070829 $g AFNOR
930    $5 595126101:C0001960431 $b 595126101 $a RES Fol/190 $e Fonds patrimonial
995    $0 0 $2 0 $4 0 $5 2005-03-23 $9 55487 $b MED $c MED $e MED3Q $f C0001960431 $h PPEFGZZ $k RES Fol/190 $o 2 $r PRETLIV $s RES_FOL190 $w 0 $y 2014-06-30

