00823na  a2200241   4500
001 48444
003 http://www.mediathequederoubaix.fr/ark:/20179/KH48444
005 20240507072405.0
010    $a 84-01-42533-6
035 00 $a HZ_RBX91013
090    $a 48444
091    $a 2 $b 20240507 $c 0
099    $t LI $c 2014-06-30 $d 2024-05-07 $x 3
100    $a 19       1995    k  y0frey5003    ba
101    $a spa
200    $a Queremos tanto a Glenda $f Julio Cortazar
210    $c Plaza & Janes $d 1995
225 0  $a Ave fenix $v 220/3
339    $a m
410    $t Ave fenix $v 220/3
700    $7 ba0yba0y $8 fre    $a Cortázar $b Julio $f 1914-1984 $3 11897752 $9 6028
801  0 $a FR $b 595126101 $c 20050323 $g AFNOR
995    $0 0 $2 0 $4 0 $5 2005-03-23 $9 55663 $P 8.42 $b MED $c MED $e MED3A $f C0001964087 $h ACFLALE $k ESPAGNOL/R COR $o 0 $p 8.42 $r PRETLIV $s ESPAGNOLR_COR $w 11 $y 2019-07-30

