01247nam a2200289   4500
001 48565
003 http://www.mediathequederoubaix.fr/ark:/20179/KH48565
005 20190405053725.0
035 00 $a HZ_RBX91161
090    $a 48565
091    $a 0
099    $t LI $c 2014-06-30 $d 2014-06-30 $x 0
100    $a 19       1725    k  y0frey5003    ba
101    $a fre
200    $a Histoire générale d'Espagne $h tome second $f du P. Jean de Mariana,... $g trad. en françois avec des notes et des cartes parle P. Joseph-Nicolas Charenton,...
210    $a Paris $c Le Mercier $c Lottin $c Josse le Fils $d 1725
215    $a 821 p. $c ill., [1] cartes dépl. $d 27 cm
300    $a Cachet de la Bibliothèque de la ville de Roubaix
310    $a Rel. cuir, dos à 5 nerfs estampé à chaud
320    $a Index
339    $a m
607    $7 ba0yba0y $8 fre    $a Espagne $x Histoire $9 12218
700 0  $9 167825 $a Mariana $b Jean de $c Père
702 0  $9 282273 $a Charenton $b Joseph-Nicolas $f 1659-1735 $4 730
801  0 $a FR $b 595126101 $c 20070829 $g AFNOR
930    $5 595126101:C0001972072 $b 595126101 $a MAG L/P 4/207 555 $e Fonds patrimonial
995    $0 0 $2 0 $4 0 $5 2005-03-23 $9 55790 $b MED $c MED $e MED3J $f C0001972072 $h PPEFGZZ $k MAG L/P 4/207 555 $o 2 $r PRETLIV $s MAG_LP_4207_555000000000000 $w 0 $y 2014-06-30

