01275nam a2200361   4500
001 48790
003 http://www.mediathequederoubaix.fr/ark:/20179/KH48790
010    $a 2-07-074617-8 $b br. $d 85 F
020    $a FR $b 09638873
033    $a http://catalogue.bnf.fr/ark:/12148/cb35843171s
035    $a FRBNF35843171000000X
039    $o OPL $a 021878777
090    $a 48790
091    $b 20240507 $c 1 $a 2
099    $t LI $c 2014-06-30 $d 2024-05-07 $x 0
100    $a 19961012d1996    m  y0frey50      ba
101 0  $a fre
102    $a FR
105    $a ||||z   00|a|
106    $a r
181  0 $6 01 $a i  $b xxxe  
181    $6 02 $c txt $2 rdacontent
182  0 $6 01 $a n
182    $6 02 $c n $2 rdamedia
200 1  $a Nathanaël $b Texte imprimé $e poèmes $f Jean Grosjean
210    $a [Paris] $c Gallimard $d 1996 $e 53-Mayenne $g Impr. Floch
215    $a 140 p. $d 21 cm
339    $a m
686    $a 821 $2 Cadre de classement de la Bibliographie nationale française
700    $3 11906010 $9 1628 $o ISNI0000000109346954 $a Grosjean $b Jean $f 1912-2006 $4 070
801  0 $a FR $b FR-751131015 $c 19961012 $g AFNOR $h FRBNF35843171000000X $2 intermrc
999    $a FRBNF35843171000000X
995    $0 0 $2 0 $4 0 $5 2005-03-23 $9 56020 $P 10.37 $b MED $c MED $e MED1A $f C0001992349 $h ALTPOZZ $k P/GRO $o 0 $p 10.37 $r PRETLIV $s PGRO $w 10 $y 2008-07-16

