02500nj  a2200433   4500
001 48965
003 http://www.mediathequederoubaix.fr/ark:/20179/KH48965
005 20240507072459.0
035 00 $a HZ_RBX91751
071 0  $a 416 283-2 $b Philips
090    $a 48965
091    $a 1 $b 20240507 $c 0
099    $t DC $c 2014-06-30 $d 2024-05-07 $x 6
100    $a 19       1970    k  y0frey5003    ba
101    $a fre
200    $a Requiem, Op. 5 $b Enr. sonore $e Grande Messe des Morts $a Symphonie funèbre et triomphale, Op. 15 $f Hector Berlioz, comp. $g Ronald Dowd, T $g Dennis Wick, trb. $g Wandsworth School Boy's Choir, chœur $g John Alldis Choir, chœur $g Arthur Oldham, chef des chœurs $g Russell Burgess, chef des chœurs $g Sir Colin Davis, dir.
210    $d P 1970
215    $a 2 d.c. $e 1 brochure (76 p. ; 12 cm)
327    $a Disque 1 : Requiem, Op. 5 $a Requiem - Kyrie $a Dies Irae - Tuba mirum $a Quid sum miser $a Rex tremendae $a Quaerens me $a Lacrymosa $a Domine Jesu Christe $a Hostias $a Disque 2 : Sanctus $a Agnus Dei $a Symphonie funèbre et triomphale, Op. 15 $a Marche funèbre $a Oraison funèbre $a Apothéose
339    $a m
500    $a Symphonie funèbre et triomphale $s Op.15
606    $a Symphonies $x Disques $2 rameau
606    $a Musique $y France $z 19e siècle $x Disques $2 rameau
606    $7 ba0yba0y $8 fre    $3 13319208 $9 300538 $a Musique funèbre $x Disques $2 rameau
606    $7 ba0yba0y $8 fre    $3 12478796 $9 3045 $a Requiem $x Disques $2 rameau
606    $7 ba0yba0y $8 fre    $3 11978727 $9 5671 $a Choeurs (musique) $x Disques $2 rameau
606    $7 ba0yba0y $8 fre    $a Orchestres symphoniques $3 11946204 $9 8188 $x Disques $y Grande Bretagne $y Angleterre $2 rameau $9 8188
679    $a 3 $c 44
700    $7 ba0yba0y $8 fre    $a Berlioz $b Hector $f 1803-1869 $3 13891412 $9 398
702 0  $a Davis $b Colin $f 1927-2013
702 0  $a Wick $b Dennis
702 0  $7 ba0yba0y $8 fre    $3 14063226 $9 38096 $7 ba0yba0y $8 fre    $a Dowd $b Ronald $f 1914-1990
702 0  $7 ba0yba0y $8 fre    $3 13898087 $9 18994 $7 ba0yba0y $8 fre    $a Oldham $b Arthur $f 1926-2003
702    $7 ba0yba0y $8 fre    $a Burgess $b Russell $f 1931-1979 $3 13939885 $9 108801
712 0  $a Wandsworth Schools Boys' Choir
712    $7 ba0yba0y $8 freeng $a London symphony chorus $3 13904703 $9 38095
712    $7 ba0yba0y $8 fre    $a London symphony orchestra $3 13904706 $9 308510
801  0 $a FR $b 595126101 $c 20110402 $g AFNOR
995    $0 0 $2 0 $4 0 $5 2005-03-23 $9 56197 $P 18.00 $b MED $c MED $e MED3C $f C0001845893 $h AMV30ZZ $k DC/3 BER REQUIEM $l Contient 2 CD et 1 livret $o 0 $p 18.00 $r PRETSON $s DC_3_000000000000000_BER_REQUIEM $w 77 $y 2020-10-23 $A 0

