00922nam a2200253   4500
001 49168
003 http://www.mediathequederoubaix.fr/ark:/20179/KH49168
005 20200611020455.0
035 00 $a HZ_RBX92094
090    $a 49168
091    $a 0
099    $t LI $c 2014-06-30 $d 2014-06-30 $x 0
100    $a 19       1900    k  y0frey5003    ba
101    $a fre
200    $a Le bout de l'oreille $f par Comba
210    $a Paris $c A. De Vresse $d [ca 1900]
215    $a 18 f. de pl. $c lith. en coul., couv. ill. $d 34 cm
300    $a Inventaire ENSAIT n ̊9563
339    $a m
606 0  $7 ba0yba0y $8 fre    $a   $9 4837
700 0  $9 168073 $a Comba $b Pierre
801  0 $a FR $b 595126101 $c 20070829 $g AFNOR
930    $5 595126101:C0000335900 $b 595126101 $a MAGL/P Fol/300 139 $e Fonds patrimonial
995    $0 0 $2 0 $4 0 $5 2005-03-23 $9 56409 $b MED $c MED $e MED3K $f C0000335900 $h PPEFGZZ $k MAGL/P Fol/300 139 $o 2 $r PRETLIV $s MAGLP_FOL300_139_0000000000000 $w 0 $y 2014-06-30

