01895cam a2200457   4500
001 49371
003 http://www.mediathequederoubaix.fr/ark:/20179/KH49371
010    $a 2-7335-0231-X $b rel. $d 120 F
020    $a FR $b 09523219
033    $a http://catalogue.bnf.fr/ark:/12148/cb35729474h
035    $a FRBNF357294740000005
039    $o OPL $a 018251184
073  0 $a 9782733502310 $2 ALS
090    $a 49371
091    $b 20240507 $c 1 $a 2
099    $t LI $c 2014-06-30 $d 2024-05-07 $x 4
100    $a 19950106d1994    m  y0frey50      ba
101 0  $a fre
102    $a FR
105    $a a   z   00|y|
106    $a r
181  0 $6 01 $a i  $b xxxe   $a b  $b xb2e  
181    $6 02 $c txt $c sti $2 rdacontent
182  0 $6 01 $a n
182    $6 02 $c n $2 rdamedia
200 1  $a Watteau $b Texte imprimé $e les fêtes galantes $f Étienne Jollet
210    $a Paris $c Herscher $d 1994 $e 25-Baume-les-Dames $g Impr. IME
215    $a 62 p. $c ill. en noir et en coul., couv. ill. en coul. $d 20 x 24 cm
225    $a Le musée miniature $x 1243-4434
300    $a Bibliogr., 1 p.
339    $a m
410  0 $0 34276492 $t Le Musée miniature (Paris) $x 1243-4434 $d 1994
600    $3 12645975 $9 10405 $a Watteau $b Antoine $f 1684-1721 $2 rameau
606    $3 11934465 $9 5892 $a Fêtes $3 11989609 $9 432 $x Dans l'art $2 rameau
608    $3 11975940 $9 430 $a Catalogues $2 rameau
608    $a Documentaires : généralités $2 CNLJ $k Avis critique donné par le Centre national de la littérature pour la jeunesse
686    $a 75  $2 Cadre de classement de la Bibliographie nationale française
700    $3 12447694 $9 38365 $o ISNI0000000116138926 $a Jollet $b Étienne $4 070
801  0 $a FR $b FR-751131015 $c 19950106 $g AFNOR $h FRBNF357294740000005 $2 intermrc
999    $a FRBNF357294740000005
995    $0 0 $2 0 $4 0 $5 2006-12-12 $9 56623 $P 18.29 $b MED $c MED $e MED1A $f C0004330130 $h AAPATAP $k Doc./751 WAT $o 0 $p 18.29 $r PRETLIV $s DOC___751_000000000000000_WAT $w 10 $y 2021-04-29

