01896nj  a2200385   4500
001 49567
003 http://www.mediathequederoubaix.fr/ark:/20179/KH49567
005 20240507073110.0
035 00 $a HZ_RBX92696
071 0  $a 16563 $b Forlane
090    $a 49567
091    $a 1 $b 20240507 $c 0
099    $t DC $c 2014-06-30 $d 2024-05-07 $x 4
100    $a 19       1987    k  y0frey5003    ba
101    $a fre
200    $a Symphonie n.̊ 4 en sol majeur $b Enr. sonore $f Gustav Mahler, mus. $g Margaret Marshall, S $g Stefan Stalanowski, vl $g Christophe Danel, cor solo $g Orchestre National de Lille $a Jean-Claude Casadesus, dir.
210    $d P 1987
215    $a 1 d.c. $e 1 brochure (n.p. ; 12 cm)
339    $a m
500    $a Symphonie $s N4̊ $u Sol majeur
606    $a Lieder $x Disques $2 rameau
606    $a Musique $y Autriche $z 19e siècle $x Disques $2 rameau
606    $a Classicisme (musique) $x Influence viennoise $z 19e siècle $2 rameau
606    $7 ba0yba0y $8 fre    $3 15010372 $9 300541 $a Symphonies (orchestre de chambre) $x Disques $2 rameau
606    $7 ba0yba0y $8 fre    $a Orchestres symphoniques $3 11946204 $9 8188 $x Disques $y France $y Lille (Nord) $2 rameau $9 8188
679    $a 3 $c 24
700    $7 ba0yba0y $8 fre    $a Mahler $b Gustav $f 1860-1911 $3 13896959 $9 6434
702 0  $a Marshall $b Margaret $f 1949-....
702 0  $a Stalanowski $b Stefan
702 0  $a Danel $b Christophe
702    $7 ba0yba0y $8 fre    $a Casadesus $b Jean-Claude $f 1935-.... $3 13892231 $9 285886
712    $7 ba0yba0y $8 fre    $a Orchestre national de Lille $3 13905441 $2 rameau $9 2640
801  0 $a FR $b 595126101 $c 20101102 $g AFNOR
995    $0 0 $2 0 $4 0 $5 2005-03-23 $9 56847 $P 1.00 $b MED $c MED $e MED3C $f C0003502849 $h PENRSZZ $k FLRSON DC/30 $o 2 $p 1.00 $r PRETSON $s FLRSON_DC30 $w 0 $y 2014-06-30
995    $0 0 $2 0 $3 0 $4 0 $5 2005-03-23 $9 56848 $P 16.00 $b MED $c MED $e MED3C $f C0001854313 $h AMV30ZZ $k DC/3 MAH 24 $o 0 $p 16.00 $r PRETSON $s DC_3_000000000000000_MAH_24 $u Artiste régional $w 40 $y 2016-08-27 $A 0

