01297nam a2200289   4500
001 49765
003 http://www.mediathequederoubaix.fr/ark:/20179/KH49765
005 20180719174531.0
035 00 $a HZ_RBX93019
090    $a 49765
091    $a 0
099    $t LI $c 2014-06-30 $d 2014-06-30 $x 0
100    $a 19       1783    k  y0frey5003    ba
101    $a fre
200    $a Oeuvres complètes de Gessner $h tome troisième
205    $a Nouvelle édition revue & corrigée avec le plus grand soin
210    $a Orléans $c Rouzeau-Montaut $d 1783
215    $a [4]-304 p. $d 12 ̊(15 cm)
300    $a Cachet de la Bibliothèque de la ville de Roubaix
306    $a A Orléans : chez Rouzeau-Montaut, imprimeur du roi, de l'evêché, &c., M. DCC. LXXXIII.
310    $a Rel. veau brun
327    $a Idylles $a Nouvelles idylles $a La jambe de bois $a Lettre de M. Gessner à M. Fueslin, sur le paysage $a Les deux amis de Bourbonne $a Entretien d'un père avec ses enfans
339    $a m
700 0  $9 279528 $a Gessner $b Salomon $f 1730-1788
801  0 $a FR $b 595126101 $c 20050323 $g AFNOR
930    $5 595126101:C0002010467 $b 595126101 $a MAG L/P 8/107 698 $e Fonds patrimonial
995    $0 0 $2 0 $4 0 $5 2005-03-23 $9 57050 $b MED $c MED $e MED3I $f C0002010467 $h PPEFGZZ $k MAG L/P 8/107 698 $o 2 $r PRETLIV $s MAG_LP_8107_698000000000000 $w 0 $y 2014-06-30

