01347nam a2200373   4500
001 49958
003 http://www.mediathequederoubaix.fr/ark:/20179/KH49958
010    $b Rel. $d 220 F
020    $a FR $b 07514347
033    $a http://catalogue.bnf.fr/ark:/12148/cb34573778t
035    $a FRBNF345737780000004
039    $o OPL $a 000279646
090    $a 49958
091    $b 20240507 $c 1 $a 2
099    $t LI $c 2014-06-30 $d 2024-05-07 $x 0
100    $a 19751021d1974    m  y0frey50      ba
101 0  $a fre
102    $a FR
105    $a a   z   00|y|
106    $a r
181  0 $6 01 $a i  $b xxxe   $a b  $b xb2e  
181    $6 02 $c txt $c sti $2 rdacontent
182  0 $6 01 $a n
182    $6 02 $c n $2 rdamedia
200 1  $a L'Irréel $b Texte imprimé $f André Malraux
210    $a [Paris] $c Gallimard $d 1974 $e Paris $g impr. G. Lang
215    $a VI-297 p. $c Ill. en noir et en coul. $d 23 puis 28 cm
225 19 $a La Métamorphose des dieux... $v 2
339    $a m
686    $a 70  $2 Cadre de classement de la Bibliographie nationale française
700    $3 11914167 $9 5605 $o ISNI0000000121326489 $a Malraux $b André $4 070
801  0 $a FR $b FR-751131015 $c 19751021 $g AFNOR $h FRBNF345737780000004 $2 intermrc
999    $a FRBNF345737780000004
995    $0 0 $2 0 $4 0 $5 2005-03-23 $9 57251 $P 13.00 $b MED $c MED $e MED1A $f C0002006832 $h ALTTLZZ $k LIT/MAL $o 0 $p 13.00 $r PRETLIV $s LITMAL $w 10 $y 2008-07-09

