01241nam a2200289   4500
001 50148
003 http://www.mediathequederoubaix.fr/ark:/20179/KH50148
005 20180720093849.0
035 00 $a HZ_RBX93629
090    $a 50148
091    $a 0
099    $t LI $c 2014-06-30 $d 2014-06-30 $x 0
100    $a 19       1859    k  y0frey5003    ba
101    $a fre
200    $a Numismatique béthunoise $e recueil historique de monnaies, méreaux, médailles et jetons de la ville de l'arrondissement de Béthune $f par L. Dancoisne,...
210    $a Arras $c A. Brissy $d 1859
215    $a XV-254 p., XXVII f. de pl. $c ill. $d 24 cm
300    $a Etiquette imprimée Lesguillon Roubaix
300    $a Cachet de la Bibliothèque de la ville de Roubaix
300    $a Inventaire ENSAIT n ̊A 441
339    $a m
606 0  $9 243284 $a Numismatique $y France $y Béthune (Nord)
700 0  $9 282381 $a Dancoisne $b Louis $f 1810-1892
702    $9 168026 $a Imprimerie Lesguillon $c Roubaix, Nord
801  0 $a FR $b 595126101 $c 20070829 $g AFNOR
930    $5 595126101:C0001969176 $b 595126101 $a MAG L/P 8/107 778 $e Fonds patrimonial
995    $0 0 $2 0 $4 0 $5 2005-03-23 $9 57450 $b MED $c MED $e MED3I $f C0001969176 $h PPEFGZZ $k MAG L/P 8/107 778 $o 2 $r PRETLIV $s MAG_LP_8107_778000000000000 $w 0 $y 2014-06-30

