01279nam a2200289   4500
001 50284
003 http://www.mediathequederoubaix.fr/ark:/20179/KH50284
005 20220608035452.0
035 00 $a HZ_RBX93799
090    $a 50284
091    $a 0
099    $t LI $c 2014-06-30 $d 2022-06-08 $x 0
100    $a 19       1751    k  y0frey5003    ba
101    $a fre
200    $a Histoire des empereurs romains, depuis Auguste jusqu'à Constantin $h tome IV $f par M. Crevier,...
210    $a Paris $c Desaint & Saillant $d 1751
215    $a [4]-518-[18] p. $d 12 ̊(17 cm)
300    $a Cachet de la Bibliothèque de la ville de Roubaix
306    $a A Paris, chez Desaint & Saillant, rue S. Jean de Beauvais, vis-à-vis le Collège, M.DCC.LI., avec approbation et privilège du roi
310    $a Rel. veau brun, dos orné
339    $a m
600    $7 ba0yba0y $8 frefre $a Néron $f 0037-0068 $c empereur romain $9 89720
606 0  $9 243303 $a Empereurs romains
700 0  $9 282387 $a Crevier $b Jean-Baptiste-Louis $f 1693-1765
801  0 $a FR $b 595126101 $c 20070829 $g AFNOR
930    $5 595126101:C0001979278 $b 595126101 $a MAG L/P 8/107 793 $e Fonds patrimonial
995    $0 0 $2 0 $4 0 $5 2005-03-23 $9 57599 $b MED $c MED $e MED3I $f C0001979278 $h PPEFGZZ $k MAG L/P 8/107 793 $o 2 $r PRETLIV $s MAG_LP_8107_793000000000000 $w 0 $y 2014-06-30

