01534nam a2200397   4500
001 50478
003 http://www.mediathequederoubaix.fr/ark:/20179/KH50478
010    $a 2-02-029454-0 $b br. $d 140 F
020    $a FR $b 09724338
033    $a http://catalogue.bnf.fr/ark:/12148/cb358659320
035    $a FRBNF358659320000001
039    $o OPL $a 022439637
090    $a 50478
091    $b 20240507 $c 1 $a 2
099    $t LI $c 2014-06-30 $d 2024-05-07 $x 4
100    $a 19970404d1997    m  y0frey50      ba
101 1  $a fre $c spa
102    $a FR
105    $a a   z   00|a|
106    $a r
181  0 $6 01 $a i  $b xxxe   $a b  $b xb2e  
181    $6 02 $c txt $c sti $2 rdacontent
182  0 $6 01 $a n
182    $6 02 $c n $2 rdamedia
200 1  $a La peau du tambour $b Texte imprimé $e roman $f Arturo Pérez-Reverte $g trad. de l'espagnol par Jean-Pierre Quijano
210    $a Paris $c Éd. du Seuil $d 1997 $e 18-Saint-Amand-Montrond $g Impr. Bussière
215    $a 453 p. $c ill. $d 22 cm
339    $a m
454  1 $t La piel del tambor
676    $a 863.64 $v 23
686    $a 823 $2 Cadre de classement de la Bibliographie nationale française
700    $3 12204556 $9 38959 $o ISNI0000000121281719 $a Pérez-Reverte $b Arturo $f 1951-.... $4 070
702    $3 11920886 $9 3508 $o ISNI0000000073602273 $a Quijano $b Jean-Pierre $4 730
801  0 $a FR $b FR-751131015 $c 19970404 $g AFNOR $h FRBNF358659320000001 $2 intermrc
999    $a FRBNF358659320000001
995    $0 0 $2 0 $4 0 $5 2005-03-23 $9 57815 $P 16.86 $b MED $c MED $e MED1A $f C0001884473 $h ALTROZZ $k R/PER $o 0 $p 16.86 $r PRETLIV $s R_PER $w 56 $y 2024-01-03

