01354nj  a2200313   4500
001 50649
003 http://www.mediathequederoubaix.fr/ark:/20179/KH50649
005 20240507073846.0
035 00 $a HZ_RBX94383
071 0  $a CDH 7 61021 2 $b EMI
090    $a 50649
091    $a 1 $b 20240507 $c 0
099    $t DC $c 2014-06-30 $d 2024-05-07 $x 2
100    $a 19       1988    k  y0frey5003    ba
101    $a fre
200    $a Impromptus D. 899, Op. 90 $b Enr. sonore $a Impromptus D. 935, Op. 142 $a Allegretto D. 915, en ut mineur $f Franz Schubert, comp. $g Artur Schnabel, p
210    $d P 1988
215    $a 1 d.c. $e 1 brochure (7 p. ; 12 cm)
339    $a m
606    $a Piano, Musique de $x Interprétation $2 rameau
606    $a Suites (piano) $x Disques $2 rameau
606    $a Variations (piano) $x Disques $2 rameau
606    $a Musique $y Autriche $x Vienne (Autriche) $z 19e siècle $2 rameau
606    $7 ba0yba0y $8 fre    $a Romantisme (musique) $3 11957153 $9 269250 $x Influence viennoise $2 rameau $9 269250
679    $a 3 $c 11.11
700 0  $7 ba0yba0y $8 fre    $a Schubert $b Franz $f 1797-1828
702    $7 ba0yba0y $8 fre    $a Schnabel $b Artur $f 1882-1951 $3 12171727 $9 3068
801  0 $a FR $b 595126101 $c 20070829 $g AFNOR
995    $0 0 $2 0 $3 0 $4 0 $5 2005-03-23 $9 57993 $P 18.00 $b MED $c MED $e MED3C $f C0002019160 $h AMV30ZZ $k DC/3 SCH PIANO $o 0 $p 18.00 $r PRETSON $s DC_3_000000000000000_SCH_PIANO $w 23 $y 2019-11-09 $A 0

