01075nam a2200277   4500
001 50874
003 http://www.mediathequederoubaix.fr/ark:/20179/KH50874
005 20160125015743.0
010    $a 3-922220-75-4
035 00 $a HZ_RBX94774
090    $a 50874
091    $a 0
099    $t LI $c 2014-06-30 $d 2014-06-30 $x 0
100    $a 19       1996    k  y0frey5003    ba
101    $a dut
200    $a Das Kaspertheater und seine Entwicklungsgeschichte $e vom Possentreiben zur Puppenspielkunst $f Johannes Minuth
210    $a Frankfurt $c Puppen & Masken $d 1996
215    $a 195 p. $c ill., couv. ill. en coul. $d 22 cm
320    $a Bibliogr.
339    $a m
600 0  $9 168691 $a Kasper (personnage fictif)
606 0  $9 240208 $a Marionnettes $y Allemagne
700 0  $9 168692 $a Minuth $b Johannes
801  0 $a FR $b 595126101 $c 20091104 $g AFNOR
930    $5 595126101:C0001876886 $b 595126101 $a MAG L/P 8/108 274 $e Fonds patrimonial
995    $0 0 $2 0 $4 0 $5 2005-03-23 $9 58228 $P 45.73 $b MED $c MED $e MED3I $f C0001876886 $h PPEFGZZ $k MAG L/P 8/108 274 $o 2 $p 45.73 $r PRETLIV $s MAG_LP_8108_274000000000000 $w 0 $y 2014-06-30

