00773nj  a2200217   4500
001 51070
003 http://www.mediathequederoubaix.fr/ark:/20179/KH51070
005 20240507074432.0
035 00 $a HZ_RBX95048
071 0  $b Gamm $a 0066
090    $a 51070
091    $a 1 $b 20240507 $c 0
099    $t DV $c 2014-06-30 $d 2024-05-07 $x 0
100    $a 19               k  y0frey5003    ba
101    $a fre
200    $a Big band $b Enr. sonore
339    $a m
710 0  $a Fabrique à Musique
801  0 $a FR $b 595126101 $c 20050323 $g AFNOR
930    $5 595126101:C0001826386 $b 595126101 $a FLRSON 30/3196 $e Fonds local et régional sonore
995    $0 0 $2 0 $4 0 $5 2005-03-23 $9 58434 $P 22.87 $b MED $c MED $e MED3C $f C0001826386 $h PENRSZZ $k FLRSON 30/3196 $o 2 $p 22.87 $r PRETSON $s FLRSON_303196_000000000000000 $w 0 $y 2014-06-30

