00781nj  a2200217   4500
001 51199
003 http://www.mediathequederoubaix.fr/ark:/20179/KH51199
005 20240507074451.0
035 00 $a HZ_RBX95216
071 0  $a RAP 00020
090    $a 51199
091    $a 1 $b 20240507 $c 0
099    $t DV $c 2014-06-30 $d 2024-05-07 $x 0
100    $a 19               k  y0frey5003    ba
101    $a fre
200    $a Il ne te manquera pas $b Enr. sonore
339    $a m
700 0  $a Hainaut $b Roselyne
801  0 $a FR $b 595126101 $c 20051205 $g AFNOR
930    $5 595126101:C0001887578 $b 595126101 $a FLRSON 17/3231 $e Fonds local et régional sonore
995    $0 0 $2 0 $4 0 $5 2005-03-23 $9 58569 $P 9.15 $b MED $c MED $e MED3C $f C0001887578 $h PENRSZZ $k FLRSON 17/3231 $o 2 $p 9.15 $r PRETSON $s FLRSON_173231_000000000000000 $w 0 $y 2014-06-30

