01784nj  a2200361   4500
001 51345
003 http://www.mediathequederoubaix.fr/ark:/20179/KH51345
005 20240507074512.0
035 00 $a HZ_RBX95391
071 0  $a 417 416-2 (coffret), 417 417-2, 417 418-2, 417 419-2 $b Decca
090    $a 51345
091    $a 1 $b 20240507 $c 0
099    $t DC $c 2014-06-30 $d 2024-05-07 $x 7
100    $a 19       1962    k  y0frey5003    ba
101    $a fre
200    $a Aïda $b Enr. sonore $f Giuseppe Verdi, comp. $g Antonio Ghislanzoni, livret $g Leontyne Price (Aida), S $g Rita Gorr (Amneris), MS $g Jon Vickers (Radames), T $g Robert Merrill (Amonasro), BAR...[et al] $g Orchestra e Coro del Teatro dell'Opera di Roma, orch. $g Sir Georg Solti, dir.
210    $d P 1962
215    $a 3 d.c. $e 1 livret (182 p. ; 12 cm)
339    $a m
604    $a Verdi $b Giuseppe $f 1813-1901 $t Aïda
606    $a Opéras $x Disques $2 rameau
606    $a Opéra $y Italie $z 19e siècle $x Disques $2 rameau
679    $a 3 $c 35
700    $7 ba0yba0y $8 fre    $a Verdi $b Giuseppe $f 1813-1901 $3 13900805 $9 3241
701 0  $7 ba0yba0y $8 fre    $3 12051250 $9 39427 $4 480 $7 ba0yba0y $8 fre    $a Ghislanzoni $b Antonio $f 1824-1893
702 0  $a Vickers $b John
702 0  $a Merrill $b Robert $f 1917-2004
702    $7 ba0yba0y $8 fre    $a Gorr $b Rita $f 1926-2012 $3 13894622 $9 70023
702    $7 ba0yba0y $8 fre    $a Price $b Leontyne $f 1927-.... $3 13898671 $9 37644
702    $7 ba0yba0y $8 fre    $a Solti $b Georg $f 1912-1997 $3 13899915 $4 250 $9 6685
712 0  $a Orchestra del Teatro dell'Opera di Roma $b Coro del Teatro dell' Opera di Roma
801  0 $a FR $b 595126101 $c 20070829 $g AFNOR
995    $0 0 $2 0 $4 0 $5 2005-03-23 $9 58733 $P 18.00 $b MED $c MED $e MED3C $f C0001888126 $h AMV30ZZ $k DC/3 VER OPERA $l 3 d.c. + 1 livret $o 0 $p 18.00 $r PRETSON $s DC_3_000000000000000_VER_OPERA $w 81 $y 2018-09-18 $A 0

