00818nj  a2200217   4500
001 51479
003 http://www.mediathequederoubaix.fr/ark:/20179/KH51479
005 20240507074528.0
035 00 $a HZ_RBX95572
071 0  $b Saphir $a 5036
090    $a 51479
091    $a 1 $b 20240507 $c 0
099    $t DV $c 2014-06-30 $d 2024-05-07 $x 0
100    $a 19               k  y0frey5003    ba
101    $a fre
200    $a Sucu sucu $b Enr. sonore
339    $a m
700    $7 ba0yba0y $8 fre    $a Level $b Charles $f 1934-2015 $3 14767098 $9 268817
801  0 $a FR $b 595126101 $c 20051114 $g AFNOR
930    $5 595126101:C0002211699 $b 595126101 $a FLRSON 17/3585 $e Fonds local et régional sonore
995    $0 0 $2 0 $4 0 $5 2005-03-23 $9 58875 $P 12.20 $b MED $c MED $e MED3C $f C0002211699 $h PENRSZZ $k FLRSON 17/3585 $o 2 $p 12.20 $r PRETSON $s FLRSON_173585_000000000000000 $w 0 $y 2014-06-30

