01669cam a2200421   4500
001 51625
003 http://www.mediathequederoubaix.fr/ark:/20179/KH51625
010    $a 2-7073-1593-1 $b br. $d 59 F
020    $a FR $b 09747875
033    $a http://catalogue.bnf.fr/ark:/12148/cb36170856n
035    $a FRBNF361708560000001
039    $o OPL $a 022668059
090    $a 51625
091    $b 20240507 $c 1 $a 2
099    $t LI $c 2014-06-30 $d 2024-05-07 $x 3
100    $a 19970626d1997    m  y0frey50      ba
101 0  $a fre
102    $a FR
105    $a ||||z   00|a|
106    $a r
181  0 $6 01 $a i  $b xxxe  
181    $6 02 $c txt $2 rdacontent
182  0 $6 01 $a n
182    $6 02 $c n $2 rdamedia
200 1  $a Les très riches heures $b Texte imprimé $f Jean Rouaud
210    $a Paris $c les Éd. de Minuit $d 1997 $e 61-Lonrai $g Impr. Normandie roto
215    $a 1 vol. (62 p.) $d 18 cm
300    $a Éd. originale
300    $a Tiré à 69 ex. sur vergé des papeteries de Vizille, numérotés de 1 à 69 + 7 ex. H. C. numérotés de H. C. I à H. C. VII
339    $a m
676    $a 843.914 $v 23
686    $a 822 $2 Cadre de classement de la Bibliographie nationale française
700    $3 12161149 $9 6997 $o ISNI0000000122771445 $a Rouaud $b Jean $f 1952-.... $4 070
703    $3 12161149 $9 6997 $o ISNI0000000122771445 $a Rouaud $b Jean $f 1952-.... $4 390
703    $3 11913061 $9 52493 $o ISNI0000000117364431 $a Lindon $b Jérôme $f 1925-2001 $4 320
801  0 $a FR $b FR-751131015 $c 19970626 $g AFNOR $h FRBNF361708560000001 $2 intermrc
999    $a FRBNF361708560000001
995    $0 0 $2 0 $4 0 $5 2005-03-23 $9 59027 $P 7.11 $b MED $c MED $e MED1A $f C0001898804 $h AMVTHTX $k T/ROU $o 0 $p 7.11 $r PRETLIV $s TROU $w 16 $y 2021-12-30

