04669nj  a2200685   4500
001 51777
003 http://www.mediathequederoubaix.fr/ark:/20179/KH51777
005 20240507075104.0
035 00 $a HZ_RBX96022
071 0  $b Virgin France $a 8 42943
090    $a 51777
091    $a 1 $b 20240507 $c 0
099    $t DC $c 2014-06-30 $d 2024-05-07 $x 20
100    $a 19       1997    k  y0frey5003    ba
101    $a fre
200    $a Blues guitar masters $b Enr. sonore $f Hound Dog Taylor $g John Lee Hooker $g BB King...[et al.]
210    $d Compil. P 1997
215    $a 2 d.c. $e 1 dépl.
327    $a Disque 1 : Ain't got nobody / Hound Dog Taylor $a Boogie at Russian hill / John Lee Hooker $a Playin' with my friends / BB King ; Robert Cray $a Born under a bad sign / Albert King $a Hide away / Freddie King $a Damn right, I've got the blues / Buddy Guy $a Bad love / Luther Allison $a Jockey / Jimmy Johnson $a Depression blues / Melvin Taylor $a Tell me why / Duke Robillard $a Trouble man / Jimmy Thackery $a Compared to what / Lucky Peterson $a The blues are mine / Monster Mike Welch $a Down / Bill Perry $a Palace of the king / Popa Chubby $a Lost in the sauce / Michael Hill's blues mob $a Draggin' my tail / Eric Clapton $a Loanshark blues / Rory Gallagher $a Disque 2 : Too tired / Gary Moore $a Frosty / Albert Collins $a T-bone schuffle / Albert Collins ; Robert Cray ; Johnny Copeland $a Catch up with the blues / Johnny Copeland $a Gangster of love / Johnny "guitar" Watson $a Johnny guitar / Johnny Winter $a Double whammy / Lonnie Mack $a Say what! / Stevie Ray Vaughan $a White boots / Vaughan Brothers $a La grange / ZZ Top $a One foot on the pass / Kenny Wayne Shepherd $a The healer / John Lee Hooker ; Carlos Santana $a Vida's place / Roy Rogers $a Ground on down / Ben harper $a Talkin' woman blues / Coco Montoya $a This soul is mine / Tommy Castro
337    $a CD Extra PC Duke Robillard : Apprenez à jouer "Tell me wh y" [sans autre indication] disque 2
339    $a m
606    $a Blues $x Anthologies $2 rameau
606    $7 ba0yba0y $8 fre    $3 12293433 $9 228 $a Guitare, Musique de (blues) $x Disques $2 rameau
679    $a 110
701 0  $a Taylor $b Melvin
701 0  $a Hill $b Michael
701 0  $a Moore $b Gary $f 1952-2011
701 0  $a Rogers $b Roy $f 1950-....
701 0  $7 ba0yba0y $8 fre    $3 14043675 $9 19628 $7 ba0yba0y $8 fre    $a Mack $b Lonnie $f 1941-....
701    $7 ba0yba0y $8 fre    $a Taylor $b Hound Dog $f 1917-1975 $3 13950087 $9 12421
701    $7 ba0yba0y $8 fre    $a King $b Freddie $f 1934-1976 $3 13945963 $9 5938
701 0  $7 ba0yba0y $8 fre    $3 14215228 $9 10016 $7 ba0yba0y $8 fre    $a Perry $b Bill
701    $7 ba0yba0y $8 fre    $a Welch $b Mike $f 1979-.... $3 13999756 $9 87606
701    $7 ba0yba0y $8 fre    $a Robillard $b Duke $f 1948-.... $3 14001852 $9 10748
701    $7 ba0yba0y $8 fre    $a King $b Albert $f 1923-1992 $3 13895990 $9 5939
701    $7 ba0yba0y $8 fre    $a Shepherd $b Kenny Wayne $f 1977-.... $3 14008127 $9 36266
701    $7 ba0yba0y $8 fre    $a Harper $b Ben $f 1969-.... $3 13970991 $9 1757
701    $7 ba0yba0y $8 fre    $a Castro $b Tommy $f 1955-.... $3 14605147 $9 10819
701 0  $7 ba0yba0y $8 fre    $3 14037126 $9 37208 $7 ba0yba0y $8 fre    $a Thackery $b Jimmy $f 1953-....
701    $7 ba0yba0y $8 fre    $a Popa Chubby $f 1960-.... $3 13977890 $9 19611
701    $7 ba0yba0y $8 fre    $a Montoya $b Coco $f 1951-.... $3 14208239 $9 11969
701    $7 ba0yba0y $8 fre    $a Vaughan $b Stevie Ray $f 1954-1990 $3 13900778 $9 328926
701    $7 ba0yba0y $8 fre    $a Cray $b Robert $f 1953-.... $3 13933198 $9 8119
701 0  $7 ba0yba0y $8 fre    $3 13892719 $9 15163 $7 ba0yba0y $8 fre    $a Copeland $b Johnny $f 1937-1997
701    $7 ba0yba0y $8 fre    $a Peterson $b Lucky $f 1964-2020 $3 13898411 $9 14070
701    $7 ba0yba0y $8 fre    $a Hooker $b John Lee $f 1917-2001 $3 13895311 $9 8237
701    $7 ba0yba0y $8 fre    $a Collins $b Albert $f 1932-1993 $3 13892642 $9 7099
701    $7 ba0yba0y $8 fre    $a Guy $b Buddy $f 1936-.... $3 13894851 $9 229
701    $7 ba0yba0y $8 fre    $a Allison $b Luther $f 1939-1997 $3 13890692 $9 3916
701    $7 ba0yba0y $8 fre    $a Gallagher $b Rory $f 1948-1995 $3 13894259 $9 26386
701    $7 ba0yba0y $8 fre    $a Johnson $b Jimmy $f 1928-.... $3 13895679 $9 16914
701    $7 ba0yba0y $8 fre    $a Clapton $b Eric $f 1945-.... $3 13892530 $9 2681
701    $7 ba0yba0y $8 fre    $a Watson $b Johnny Guitar $f 1935-1996 $3 13895667 $9 9222
710 0  $7 ba0yba0y $8 fre    $a Santana
711 0  $a Vaughan Brothers
711 0  $7 ba0yba0y $8 fre    $3 13968786 $9 39606 $7 ba0yba0y $8 fre    $a Michael Hill's blues mob
711    $7 ba0yba0y $8 fre    $a ZZ top $3 13907634 $9 19040
701 0  $a King $b B. B. $f 1925-2015
801  0 $a FR $b 595126101 $c 20110208 $g AFNOR
995    $0 0 $2 0 $4 0 $5 2005-03-23 $9 59188 $P 23.96 $b MED $c MED $e MED1A $f C0001858888 $h AMV11ZZ $k DC/110 A. $l Contient : 2 CD $o 0 $p 23.96 $r PRETSON $s DC_110_000000000000000_A $w 177 $y 2021-09-07

