01054nam a2200289   4500
001 51945
003 http://www.mediathequederoubaix.fr/ark:/20179/KH51945
005 20180720093853.0
010    $a 2-85882-358-8
033    $a http://catalogue.bnf.fr/ark:/12148/cb348598461
035 00 $a HZ_RBX96256
090    $a 51945
091    $a 0
099    $t LI $c 2014-06-30 $d 2014-06-30 $x 0
100    $a 19       1981    k  y0frey5003    ba
101    $a fre
200    $a Les automates $f Charles Rickard $g photographies de l'auteur
210    $a Rennes $c Ouest-France $d 1981
215    $a 32 p. $c ill. en coul., couv. ill. en coul. $d 23 cm
225 0  $a Objets d'art
339    $a m
410    $t Objets d'art
606    $9 28238 $7 ba0yba0y $8 fre    $a Automates
700 0  $9 282487 $a Rickard $b Charles $f 1914-1993 $4 600
801  0 $a FR $b 595126101 $c 20070829 $g AFNOR
930    $5 595126101:C0001882227 $b 595126101 $a BR 8/824 $e Fonds patrimonial
995    $0 0 $2 0 $4 0 $5 2005-03-23 $9 59360 $b MED $c MED $e MED3M $f C0001882227 $h PPEFGZZ $k BR 8/824 $o 2 $r PRETLIV $s BR_8824_000000000000000 $w 0 $y 2014-06-30

