01441nj  a2200325   4500
001 52144
003 http://www.mediathequederoubaix.fr/ark:/20179/KH52144
005 20240507075153.0
035 00 $a HZ_RBX96558
071 0  $a MK 42263 $b CBS Records
090    $a 52144
091    $a 1 $b 20240507 $c 0
099    $t DC $c 2014-06-30 $d 2024-05-07 $x 3
100    $a 19       1961    k  y0frey5003    ba
101    $a fre
200    $a Bernstein conducts Bernstein $b Enr. sonore $f Leonard Bernstein, comp., dir. $g New York Philharmonic
210    $d P 1961
215    $a 1 d.c. $e 1 brochure (14 p. ; 12 cm)
305    $a Compilation
327    $a Candide : overture $a West side story : Symphonic dances $a On the town : Three dance episodes $a On the Waterfront : Symphonic suite
339    $a m
606    $a Chefs d'orchestre $y Etats-Unis $z Représentations $x Disques $2 rameau
606    $a Suites (orchestre symphonique) $x Disques $2 rameau
606    $a Musique $y Etats-Unis $z 20e siècle $x Disques $2 rameau
606    $7 ba0yba0y $8 fre    $3 12454201 $9 409 $a Ouvertures (musique) $x Disques $2 rameau
679    $a 4 $c 25
700 0  $7 ba0yba0y $8 fre    $a Bernstein $b Leonard $f 1918-1990
712    $7 ba0yba0y $8 fre    $a New York Philharmonic $3 13905367 $9 18335
801  0 $a FR $b 595126101 $c 20070829 $g AFNOR
995    $0 0 $2 0 $4 0 $5 2005-03-23 $9 59565 $P 18.00 $b MED $c MED $e MED1A $f C0001899779 $h AMV39ZZ $k DC/4 BER OUVERTURE $o 0 $p 18.00 $r PRETSON $s DC_4_000000000000000_BER_OUVERTURE $w 35 $y 2020-10-21 $A 0

