01138nam a2200277   4500
001 52283
003 http://www.mediathequederoubaix.fr/ark:/20179/KH52283
005 20160125015754.0
010    $a 3-88317-013-5
035 00 $a HZ_RBX96734
090    $a 52283
091    $a 0
099    $t LI $c 2014-06-30 $d 2014-06-30 $x 0
100    $a 19       1985    k  y0frey5003    ba
101    $a ger
200    $a Puppenspiel 1933-1945 in Deutschland $e das Puppenspiel im Dienste der Nationalsozialistischen Idéologie in Deutschland $f Gerd Bohlmeier
210    $a Bochum (Allemagne) $c Deutsches Institut für Puppenspiel $d 1985
215    $a 197 p. $c ill. $d 21 cm
315    $a Puppenspielkundliche Quellen und Forschungen, n ̊9, juin 1985
320    $a Bibliogr. Index
339    $a m
606 0  $9 243720 $a National-socialisme et théâtre
700 0  $9 169171 $a Bohlmeier $b Gerd
801  0 $a FR $b 595126101 $c 20070829 $g AFNOR
930    $5 595126101:C0001873016 $b 595126101 $a MAG L/P 8/108 068 $e Fonds patrimonial
995    $0 0 $2 0 $4 0 $5 2005-03-23 $9 59709 $b MED $c MED $e MED3I $f C0001873016 $h PPEFGZZ $k MAG L/P 8/108 068 $o 2 $r PRETLIV $s MAG_LP_8108_068000000000000 $w 0 $y 2014-06-30

