01644nj  a2200325   4500
001 52480
003 http://www.mediathequederoubaix.fr/ark:/20179/KH52480
005 20240507075242.0
035 00 $a HZ_RBX96998
071 0  $b Virgin $a 5 45266 2
090    $a 52480
091    $a 1 $b 20240507 $c 0
099    $t DC $c 2014-06-30 $d 2024-05-07 $x 2
100    $a 19       1997    k  y0frey5003    ba
101    $a fre
200    $a Pièces de viole $b Enr. sonore $f Marin Marais, mus. $g Jérôme Hantaï, Alix Verzier, basse de vle $g Pierre Hantaï, clav.
210    $d P 1997
215    $a 1 d.c. $e 1 brochure (15 p. ; 12 cm)
327    $a Suite en do mineur du Troisième livre $a Suite en sol mineur du Troisième livre $a Suite en la majeur du Deuxième livre $a Suite en fa majeur du Troisième livre
339    $a m
606    $a Musique de chambre $y France $z 17e siècle $x Disques $2 rameau
606    $7 ba0yba0y $8 fre    $3 12363827 $9 300567 $a Suites (viole de gambe et clavecin) $x Disques $2 rameau
606    $7 ba0yba0y $8 fre    $3 12287531 $9 300568 $a Viole de gambe et clavecin, Musique de $x Disques $2 rameau
679    $a 3 $c 11.46
700    $7 ba0yba0y $8 fre    $a Marais $b Marin $f 1656-1728 $3 13897062 $9 9647
702 0  $7 ba0yba0y $8 fre    $3 13941634 $9 40083 $7 ba0yba0y $8 fre    $a Hantaï $b Jérome $f 1961-....
702 0  $7 ba0yba0y $8 fre    $3 14236361 $9 40084 $7 ba0yba0y $8 fre    $a Verzier $b Alix
702    $7 ba0yba0y $8 fre    $a Hantaï $b Pierre $f 1964-.... $3 13941636 $9 29665
801  0 $a FR $b 595126101 $c 20070829 $g AFNOR
995    $0 0 $2 0 $3 0 $4 0 $5 2005-03-23 $9 59915 $P 18.95 $b MED $c MED $e MED1A $f C0001889025 $h AMV30ZZ $k DC/3 MAR VIOLE $o 0 $p 18.95 $r PRETSON $s DC_3_000000000000000_MAR_VIOLE $w 17 $y 2022-12-30 $A 0

