01130nam a2200277   4500
001 52686
003 http://www.mediathequederoubaix.fr/ark:/20179/KH52686
005 20160125023614.0
035 00 $a HZ_RBX97318
090    $a 52686
091    $a 0
099    $t LI $c 2014-06-30 $d 2014-06-30 $x 0
100    $a 19       1915    k  y0frey5003    ba
101    $a fre
200    $a Sténographie Prévost-Delaunay $e méthode simplifiée pour en faciliter l'étude $e avec exercices et lectures graduées $f par A. Roussel,... $g avec la collab. de Melle Dufossé $g préf. de J. Pratte,...
205    $a Deuxième éd. rev. et augm.
210    $a Lille $c Impr. Lefebvre-Ducrocq $d 1915
215    $a 88 p. $d 28 cm
339    $a m
606 0  $9 241692 $a Sténographie $x Manuels d'enseignement
700 0  $9 169326 $a Roussel $b A.
702 0  $9 169327 $4 070 $a Dufossé
702 0  $9 169328 $4 080 $a Pratte $b J.
801  0 $a FR $b 595126101 $c 20090926 $g AFNOR
930    $5 595126101:C0001873105 $b 595126101 $a BR 4/583 $e Fonds patrimonial
995    $0 0 $2 0 $4 0 $5 2005-03-23 $9 60139 $b MED $c MED $e MED3N $f C0001873105 $h PPEFGZZ $k BR 4/583 $o 2 $r PRETLIV $s BR_4583_000000000000000 $w 0 $y 2014-06-30

