01873cam a2200433   4500
001 52882
003 http://www.mediathequederoubaix.fr/ark:/20179/KH52882
010    $a 2-85088-069-8 $b rel. $d 1200 F
020    $a FR $b 00022803
033    $a http://catalogue.bnf.fr/ark:/12148/cb37069396f
035    $a FRBNF370693960000006
039    $o OPL $a 024083816
090    $a 52882
091    $b 20240508 $c 1 $a 2
099    $t LI $c 2014-06-30 $d 2024-05-08 $x 0
100    $a 19981228d1997    m  y0frey50      ba
101 1  $a fre $c eng
102    $a FR
105    $a a   z   00|y|
106    $a r
181  0 $6 01 $a i  $b xxxe   $a b  $b xb2e  
181    $6 02 $c txt $c sti $2 rdacontent
182  0 $6 01 $a n
182    $6 02 $c n $2 rdamedia
200 1  $a L'art de la Chine $b Texte imprimé $f William Watson $g [trad. de l'anglais]
205    $a Nouv. éd. $f rev. et augm. par Marie-Catherine Rey $g avec la collab. de Huei-Chung Tsao, Hélène Chollet
210    $a Paris $c Citadelles & Mazenod $d 1997 $e impr. en Espagne
215    $a 633 p. dont 6 dépl. $c ill. en noir et en coul., couv. et jaquette ill. en coul. $d 32 cm
225    $a L'art et les grandes civilisations $x 0066-7951 $v 9
300    $a Bibliogr. p. 611-616. Index
339    $a m
410  0 $0 34225771 $t L'Art et les grandes civilisations $x 0066-7951 $v 9
606    $3 11976749 $9 40328 $a Art $y Chine $2 rameau
686    $a 70 $2 Cadre de classement de la Bibliographie nationale française
700    $3 11928933 $9 40329 $o ISNI0000000115707955 $a Watson $b William $f 1917-2007 $c sinologue $4 070
702    $3 13483010 $9 40330 $o ISNI0000000081061569 $a Rey $b Marie-Catherine $4 340
801  0 $a FR $b FR-751131015 $c 19981228 $g AFNOR $h FRBNF370693960000006 $2 intermrc
999    $a FRBNF370693960000006
995    $0 0 $2 0 $4 0 $5 2005-03-23 $9 60344 $P 141.78 $b MED $c MED $e MED3F $f C0001926673 $h AAPATAP $k Mag 4/6 648 $o 0 $p 141.78 $r PRETLIV $s MAG_4_600000000000000_648 $w 2 $y 2014-06-30

