01369nj  a2200325   4500
001 53039
003 http://www.mediathequederoubaix.fr/ark:/20179/KH53039
005 20240508052308.0
035 00 $a HZ_RBX97846
071 0  $b Vogue $a 74321483812
090    $a 53039
091    $a 1 $b 20240508 $c 0
099    $t DC $c 2014-06-30 $d 2024-05-08 $x 1
100    $a 19       1952    k  y0frey5003    ba
101    $a fre
200    $a On parade $b Enr. sonore $f Sidney Bechet $g Claude Luter et son orchestre
210    $d P 1952 ; cop. 1997
215    $a 1 d.c.
327    $a Le marchand de poisson $a Si tu vois ma mère $a Wabash blues $a Dans les rues d'Antibes $a Strike up the band $a As-tu le cafard ? $a Pattes de mouche $a Ghost of the blues
339    $a m
606    $a Jazz $y Etats-Unis $x Disques $2 rameau
606    $a Saxophone soprano, Musique de (jazz) $x Disques $2 rameau
606    $a Jazz New-Orleans $x Disques $2 rameau
606    $a Jazz $y France $x Disques $2 rameau
606    $7 ba0yba0y $8 fre    $a Orchestres de jazz $3 11968650 $9 1811 $x Disques $2 rameau $9 1811
679    $a 1 $b 20
700 0  $a Bechet $b Sidney $f 1897-1959
701    $7 ba0yba0y $8 fre    $a Luter $b Claude $f 1923-2006 $3 13896876 $9 5029
801  0 $a FR $b 595126101 $c 20070829 $g AFNOR
995    $0 0 $2 0 $4 0 $5 2005-03-23 $9 60504 $P 0.15 $b MED $c MED $e MED1A $f C0002072566 $h AMV13ZZ $k DC/1 BEC 20 $o 0 $p 0.15 $r PRETSON $s DC_1_000000000000000_BEC_20 $w 25 $y 2022-07-05

