01621nam a2200421   4500
001 53236
003 http://www.mediathequederoubaix.fr/ark:/20179/KH53236
010    $a 2-02-031221-2 $b br. $d 95 F
020    $a FR $b 09800004
033    $a http://catalogue.bnf.fr/ark:/12148/cb361685556
035    $a FRBNF361685550000000
039    $o OPL $a 022613721
090    $a 53236
091    $b 20240508 $c 1 $a 2
099    $t LI $c 2014-06-30 $d 2024-05-08 $x 0
100    $a 19970610d1997    m  y0frey50      ba
101 0  $a fre
102    $a FR
105    $a ||||z   00|y|
106    $a r
181  0 $6 01 $a i  $b xxxe  
181    $6 02 $c txt $2 rdacontent
182  0 $6 01 $a n
182    $6 02 $c n $2 rdamedia
200 1  $a Le carnaval des hypocrites $b Texte imprimé $f Albert Du Roy
210    $a Paris $c Éd. du Seuil $d 1997 $e 18-Saint-Amand $g Bussière Camedan impr.
215    $a 219 p. $d 21 cm
300    $a La couv. porte en plus : "vie privée : qui l'achète ? qui la vend ? qui la vole ?"
339    $a m
606    $3 11950919 $9 28217 $a Sensationnalisme dans la presse $2 rameau
606    $3 11935924 $9 35625 $a Droit à la vie privée $2 rameau
676    $a 302.232 0944 $v 23
676    $a 074 $v 23
686    $a 0   $2 Cadre de classement de la Bibliographie nationale française
700    $3 11900732 $9 20039 $o ISNI0000000022084752 $a Du Roy $b Albert $4 070
801  0 $a FR $b FR-751131015 $c 19970610 $g AFNOR $h FRBNF361685550000000 $2 intermrc
999    $a FRBNF361685550000000
995    $0 0 $2 0 $4 0 $5 2005-03-23 $9 60710 $P 11.44 $b MED $c MED $e MED3E $f C0001934498 $h ACFSSZZ $k Mag. in-8/42 059 $o 0 $p 11.44 $r PRETLIV $s MAG___IN8_42_059000000000000 $w 11 $y 2014-06-30

