01527cam a2200397   4500
001 53481
003 http://www.mediathequederoubaix.fr/ark:/20179/KH53481
010    $a 2-234-04787-0 $b br. $d 98 F
020    $a FR $b 09732328
033    $a http://catalogue.bnf.fr/ark:/12148/cb361706203
035    $a FRBNF361706200000008
039    $o OPL $a 022662608
090    $a 53481
091    $b 20240508 $c 1 $a 2
099    $t LI $c 2014-06-30 $d 2024-05-08 $x 11
100    $a 19970617d1997    m  y0frey50      ba
101 0  $a fre
102    $a FR
105    $a ||||z   00|a|
106    $a r
181  0 $6 01 $a i  $b xxxe  
181    $6 02 $c txt $2 rdacontent
182  0 $6 01 $a n
182    $6 02 $c n $2 rdamedia
200 1  $a Un bouquet de violettes $b Texte imprimé $f Madeleine Chapsal
210    $a Paris $c Stock $d 1997 $e 72-La Flèche $g Impr. Brodard et Taupin
215    $a 1 vol. (224 p.) $c couv. ill. en coul. $d 23 cm
300    $a La couv. porte en plus : "suspense"
339    $a m
686    $a 840 $2 Cadre de classement de la Bibliographie nationale française
686    $a 823 $2 Cadre de classement de la Bibliographie nationale française
700    $3 11896088 $9 8320 $o ISNI0000000109101447 $a Chapsal $b Madeleine $f 1925-2024 $4 070
801  0 $a FR $b FR-751131015 $c 19970617 $g AFNOR $h FRBNF361706200000008 $2 intermrc
856 4  $u http://gallica.bnf.fr/ark:/12148/bpt6k4808234p
999    $a FRBNF361706200000008
995    $0 0 $2 0 $4 0 $5 2005-03-23 $9 61003 $P 11.95 $b MED $c MED $e MED1A $f C0001935012 $h ALTROPL $k RP/CHA $o 0 $p 11.95 $r PRETLIV $s RP_CHA $w 74 $y 2020-01-30

