01288nj  a2200301   4500
001 53779
003 http://www.mediathequederoubaix.fr/ark:/20179/KH53779
005 20240508053127.0
035 00 $a HZ_RBX99045
071 0  $a M3K 39672 (coffret) (disques) $b CBS Records Masterworks
090    $a 53779
091    $a 1 $b 20240508 $c 0
099    $t DC $c 2014-06-30 $d 2024-05-08 $x 5
100    $a 19       1985    k  y0frey5003    ba
101    $a fre
200    $a Satyagraha $b Enr. sonore $e opéra en trois actes $f Philip Glass, mus. $g Constance DeJong, livret $g The new York City Opera & Chorus $g Christopher Keene, dir.
210    $d P 1985
215    $a 3 d.c.
339    $a m
606    $a Opéras $x Disques $2 rameau
606    $a Musique $y Etats-Unis $z 1970-.... $x Disques $2 rameau
679    $a 4 $c 35
700    $7 ba0yba0y $8 fre    $a Glass $b Philip $f 1937-.... $3 13894531 $9 6155
701 0  $a De Jong $b Constance $4 520
702 0  $7 ba0yba0y $8 fre    $3 13939444 $9 40895 $4 250 $7 ba0yba0y $8 fre    $a Keene $b Christopher $f 1946-1995
712 0  $a The new York City Opera Orchestra and Chorus
801  0 $a FR $b 595126101 $c 20110519 $g AFNOR
995    $0 0 $2 0 $4 0 $5 2005-03-23 $9 61347 $P 18.00 $b MED $c MED $e MED1A $f C0001892036 $h AMV39ZZ $k DC/4 GLA OPERA $l Contient : 3 CD $o 0 $p 18.00 $r PRETSON $s DC_4_000000000000000_GLA_OPERA $w 89 $y 2023-12-02 $A 0

