01399cam a2200397   4500
001 53950
003 http://www.mediathequederoubaix.fr/ark:/20179/KH53950
010    $a 2-08-067402-1 $b br. $d 95 F
020    $a FR $b 09720514
033    $a http://catalogue.bnf.fr/ark:/12148/cb358615249
035    $a FRBNF35861524000000X
039    $o OPL $a 022297216
090    $a 53950
091    $b 20240508 $c 1 $a 2
099    $t LI $c 2014-06-30 $d 2024-05-08 $x 0
100    $a 19970218d1996    m  y0frey50      ba
101 0  $a fre
102    $a FR
105    $a ||||z   00|a|
106    $a r
181  0 $6 01 $a i  $b xxxe  
181    $6 02 $c txt $2 rdacontent
182  0 $6 01 $a n
182    $6 02 $c n $2 rdamedia
200 1  $a Entre-temps $b Texte imprimé $f Bernard Chambaz
210    $a [Paris] $c Flammarion $d 1996 $e 53-Mayenne $g Impr. Floch
215    $a 201 p. $c couv. ill. $d 20 cm
225    $a Poésie
339    $a m
410  0 $0 34234570 $t Poésie (Paris. 1966) $x 0768-1038 $d 1996
676    $a 841.914 $v 23
686    $a 821 $2 Cadre de classement de la Bibliographie nationale française
700    $3 12013712 $9 406 $o ISNI000000008158698X $a Chambaz $b Bernard $f 1949-.... $4 070
801  0 $a FR $b FR-751131015 $c 19970218 $g AFNOR $h FRBNF35861524000000X $2 intermrc
999    $a FRBNF35861524000000X
995    $0 0 $2 0 $4 0 $5 2005-03-23 $9 61527 $P 10.86 $b MED $c MED $e MED1A $f C0002084385 $h ALTPOZZ $k P/CHA $o 0 $p 10.86 $r PRETLIV $s PCHA $w 8 $y 2008-07-16

