01770cam a2200421   4500
001 54254
003 http://www.mediathequederoubaix.fr/ark:/20179/KH54254
010    $a 2-85920-260-9 $b br. $d 140 F
020    $a FR $b 09616225
033    $a http://catalogue.bnf.fr/ark:/12148/cb35808923h
035    $a FRBNF358089230000004
039    $o OPL $a 021295130
039    $o OPP $a 37489440 $d 20111014
090    $a 54254
091    $b 20240508 $c 1 $a 2
099    $t LI $c 2014-06-30 $d 2024-05-08 $x 7
100    $a 19960426d1996    m  y0frey50      ba
101 1  $a fre $c swe
102    $a FR
105    $a ||||z   00|a|
106    $a r
181  0 $6 01 $a i  $b xxxe  
181    $6 02 $c txt $2 rdacontent
182  0 $6 01 $a n
182    $6 02 $c n $2 rdamedia
200 1  $a OEuvres complètes $b Texte imprimé $e poèmes, 1954-1996 $f Thomas Tranströmer $g trad. du suédois et préf. par Jacques Outin $g avertissement de Kjell Espmark,... $g postf. de Renaud Ego
210    $a [Bègles] $c le Castor astral $d 1996 $e 53-Mayenne $g Impr. Floch
215    $a 322 p. $d 23 cm
339    $a m
501 0  $a Oeuvres complètes $m français $k 1996
686    $a 821 $2 Cadre de classement de la Bibliographie nationale française
700    $3 12138718 $9 273774 $o ISNI0000000122824391 $a Tranströmer $b Tomas $f 1931-2015 $4 070
702    $3 12071100 $9 1773 $o ISNI000000007359981X $a Outin $b Jacques $f 1947-.... $4 730
702    $3 12052043 $9 811 $o ISNI000000010913592X $a Espmark $b Kjell $f 1930-2022 $4 080
702    $3 12513096 $9 15232 $o ISNI0000000033467783 $a Ego $b Renaud $f 1963-.... $4 075
801  0 $a FR $b FR-751131015 $c 19960426 $g AFNOR $h FRBNF358089230000004 $2 intermrc
999    $a FRBNF358089230000004
995    $0 0 $2 0 $4 0 $5 2005-03-23 $9 61865 $P 21.04 $b MED $c MED $e MED1A $f C0002031489 $h ALTPOZZ $k P/TRA $o 0 $p 21.04 $r PRETLIV $s PTRA $w 9 $y 2018-11-07

