00794nj  a2200217   4500
001 54448
003 http://www.mediathequederoubaix.fr/ark:/20179/KH54448
005 20240508053930.0
035 00 $a HZ_RBX100285
071 0  $b Germinal $a 45.024
090    $a 54448
091    $a 1 $b 20240508 $c 0
099    $t DV $c 2014-06-30 $d 2024-05-08 $x 0
100    $a 19               k  y0frey5003    ba
101    $a fre
200    $a Quand les orgues joueront $b Enr. sonore
339    $a m
700 0  $a Marsat $b Juliette
801  0 $a FR $b 595126101 $c 20050323 $g AFNOR
930    $5 595126101:C0001893040 $b 595126101 $a FLRSON 17/3382 $e Fonds local et régional sonore
995    $0 0 $2 0 $4 0 $5 2005-03-23 $9 62075 $P 12.20 $b MED $c MED $e MED3C $f C0001893040 $h PENRSZZ $k FLRSON 17/3382 $o 2 $p 12.20 $r PRETSON $s FLRSON_173382_000000000000000 $w 0 $y 2014-06-30

