01400nam a2200325   4500
001 54625
003 http://www.mediathequederoubaix.fr/ark:/20179/KH54625
005 20220924061654.0
035 00 $a HZ_RBX100518
090    $a 54625
091    $a 0
099    $t LI $c 2014-06-30 $d 2022-09-24 $x 0
100    $a 19       1846    k  y0frey5003    ba
101    $a fre
200    $a Traité théorique et pratique de l'impression des tissus $e ouvrage avec 165 figures et 429 échantillons intercallés dans le texte, et accompagné d'un atlas in-4 de 20 planches $h tome premier $f par J. Persoz,...
210    $a Paris $c V. Masson $d 1846
215    $a [10]-LX-569 p. $c ill. $d 22 cm
225 0  $a Bibliothèque des arts industriels $e arts chimiques
300    $a Inventaire ENSAIT n1̊/12
310    $a Demi-rel. maroquin
320    $a Index
339    $a m
410    $t Bibliothèque des arts industriels. arts chimiques
606    $7 ba0yba0y $8 fre    $a Industries textiles $9 25685
606    $7 ba0yba0y $8 fre    $a Impression sur étoffes $9 49061
606 0  $9 65110 $7 ba0yba0y $8 fre    $a Chimie textile
700 0  $9 170054 $a Persoz $b Jules
801  0 $a FR $b 595126101 $c 20120107 $g AFNOR
930    $5 595126101:C0002049505 $b 595126101 $a MAG L/P 8/108 354 $e Fonds patrimonial
995    $0 0 $2 0 $4 0 $5 2005-03-23 $9 62261 $b MED $c MED $e MED3I $f C0002049505 $h PPEFGZZ $k MAG L/P 8/108 354 $o 2 $r PRETLIV $s MAG_LP_8108_354000000000000 $w 0 $y 2014-06-30

