01838cam a2200469   4500
001 54855
003 http://www.mediathequederoubaix.fr/ark:/20179/KH54855
010    $a 2-13-048127-2 $b br. $d 42 F
020    $a FR $b 09745235
033    $a http://catalogue.bnf.fr/ark:/12148/cb36181175f
035    $a FRBNF361811750000007
039    $o OPL $a 022911486
090    $a 54855
091    $b 20240508 $c 1 $a 2
099    $t LI $c 2014-06-30 $d 2024-05-08 $x 1
100    $a 19970930d1997    m  y0frey50      ba
101 0  $a fre
102    $a FR
105    $a ||||z   00|y|
106    $a r
181  0 $6 01 $a i  $b xxxe  
181    $6 02 $c txt $2 rdacontent
182  0 $6 01 $a n
182    $6 02 $c n $2 rdamedia
200 1  $a Le grotesque $b Texte imprimé $f Dominique Iehl,...
210    $a Paris $c Presses universitaires de France $d 1997 $e 41-Vendôme $g Impr. des PUF
215    $a 1 vol. (127 p.) $d 18 cm
225    $a Que sais-je ? $v 3228
300    $a Bilbiogr. p. 124-125
339    $a m
410  0 $0 34234478 $t Que sais-je ? $x 0768-0066 $v 3228
606    $3 11931605 $9 41483 $a Grotesque $2 rameau
606    $3 11931606 $9 41484 $a Grotesque (littérature) $2 rameau
606    $3 11939456 $9 4649 $a Littérature $3 11975676 $9 3577 $x Thèmes, motifs $2 rameau
676    $a 809.915 $v 23
686    $a 800 $2 Cadre de classement de la Bibliographie nationale française
686    $a 820 $2 Cadre de classement de la Bibliographie nationale française
700    $3 12939309 $9 41485 $o ISNI0000000109363543 $a Iehl $b Dominique $f 1924-2015 $4 070
801  0 $a FR $b FR-751131015 $c 19970930 $g AFNOR $h FRBNF361811750000007 $2 intermrc
856 4  $u http://gallica.bnf.fr/ark:/12148/bpt6k4815585c
999    $a FRBNF361811750000007
995    $0 0 $2 0 $4 0 $5 2005-03-23 $9 62499 $P 5.06 $b MED $c MED $e MED1A $f C0002066654 $h ALTDCZZ $k Doc./809 H $o 0 $p 5.06 $r PRETLIV $s DOC__809_000000000000000_H $w 8 $y 2018-05-18

