01127nj  a2200277   4500
001 55056
003 http://www.mediathequederoubaix.fr/ark:/20179/KH55056
005 20240508054022.0
035 00 $a HZ_RBX101135
071 0  $b Columbia $a 488292 2
090    $a 55056
091    $a 1 $b 20240508 $c 0
099    $t DC $c 2014-06-30 $d 2024-05-08 $x 2
100    $a 19       1997    k  y0frey5003    ba
101    $a fre
200    $a MTV unplugged $b Enr. sonore $f Maxwell
210    $d P 1997
215    $a 1 d.c. $e 1 dépl.
327    $a The suite urban theme : the hush $a Mello : sumthin : the hush $a The Lady suite $a This woman work $a Whenever wherever whatever $a Ascension : don't ever wonder $a Gotta get : closer $a ...Til the cops come knockin'
339    $a m
606    $a Funk $y Etats-Unis $x Disques $2 rameau
606    $7 ba0yba0y $8 fre    $3 11933300 $9 225 $a Soul music $x Disques $y Etats-Unis $2 rameau
679    $a 180
700 0  $a Maxwell $f 1973-....
801  0 $a FR $b 595126101 $c 20110525 $g AFNOR
995    $0 0 $2 0 $4 0 $5 2005-03-23 $9 62716 $P 13.54 $b MED $c MED $e MED3C $f C0002042189 $h AMV14ZZ $k DC/180 MAX $o 0 $p 13.54 $r PRETSON $s DC_180_000000000000000_MAX $w 102 $y 2021-04-03

