01085na  a2200277   4500
001 55355
003 http://www.mediathequederoubaix.fr/ark:/20179/KH55355
005 20240508054106.0
010    $a 2-286-04712-X
035 00 $a HZ_RBX101617
090    $a 55355
091    $a 2 $b 20240508 $c 0
099    $t LI $c 2014-06-30 $d 2024-05-08 $x 6
100    $a 19       1994    k  y0frey5003    ba
101    $a fre
200    $a L'os à mœlle $e 1938-1940 $f Pierre Dac $g préf. d'Antoine de Caunes
210    $a Paris $c Le Grand livre du mois $d 1994
215    $a 261 p. $c ill., couv. ill. $d 21 cm
225 0  $a La substantifique moëlle de Pierre Dac $v 1
339    $a m
410    $t La substantifique moëlle de Pierre Dac $v 1
676    $a 847
700    $7 ba0yba0y $8 fre    $a Dac $b Pierre $f 1893-1975 $3 11898396 $9 289404
702    $7 ba0yba0y $8 fre    $a Caunes $b Antoine de $f 1953-.... $3 11895602 $4 080 $9 34900
801  0 $a FR $b 595126101 $c 20110510 $g AFNOR
995    $0 0 $2 0 $4 0 $5 2005-03-23 $9 63043 $P 16.00 $b MED $c MED $e MED1A $f C0002068347 $h AAPPLHU $k Doc./682 DAC $o 0 $p 16.00 $r PRETLIV $s DOC___682_000000000000000_DAC $w 53 $y 2024-04-18

