01057nam a2200253   4500
001 55585
003 http://www.mediathequederoubaix.fr/ark:/20179/KH55585
005 20160125023709.0
035 00 $a HZ_RBX101956
090    $a 55585
091    $a 0
099    $t LI $c 2014-06-30 $d 2014-06-30 $x 0
100    $a 19               k  y0frey5003    ba
101    $a jpn $a eng
200    $a [Marionnettes $e document en japonais] $f [National Bunraku Theatre of Japan] $g [photographs by Seisuke Miyake] $g [translated by Yoshiki Hattori]
210    $a [S.l.] $c [s.n.] $d [s.d.]
215    $a 1 f. vol. $c 10 cartes post. ill. en coul., jacq. ill. en coul. $d 26 cm
339    $a m
702 0  $9 170362 $a Miyake $b Seisuke
702 0  $9 170363 $4 730 $a Hattori $b Yoshiki
710 0  $9 127741 $a National Bunraku Theatre of Japan
801  0 $a FR $b 595126101 $c 20050323 $g AFNOR
930    $5 595126101:C0002067692 $b 595126101 $a BR 4/604 $e Fonds patrimonial
995    $0 0 $2 0 $4 0 $5 2005-03-23 $9 63290 $P 14.48 $b MED $c MED $e MED3N $f C0002067692 $h PPEFGZZ $k BR 4/604 $o 2 $p 14.48 $r PRETLIV $s BR_4604_000000000000000 $w 0 $y 2014-06-30

