01007nj  a2200265   4500
001 55801
003 http://www.mediathequederoubaix.fr/ark:/20179/KH55801
005 20240508054826.0
035 00 $a HZ_RBX102308
071 0  $b Arista $a 07822 18986 2
090    $a 55801
091    $a 1 $b 20240508 $c 0
099    $t DC $c 2014-06-30 $d 2024-05-08 $x 15
100    $a 19       1997    k  y0frey5003    ba
101    $a fre
200    $a Peace and noise $b Enr. sonore $f Patti Smith
210    $d P 1997
215    $a 1 d.c.
327    $a Waiting underground $a Whirl away $a 1959 $a Spell $a Don't say nothing $a Dead city $a Blue poles $a Death singing $a Memento mori $a Last call
339    $a m
606    $a Rock (musique) $y Etats-Unis $x Disques $2 rameau
679    $a 2
700    $7 ba0yba0y $8 fre    $a Smith $b Patti $f 1946-.... $3 11925038 $9 15696
801  0 $a FR $b 595126101 $c 20110115 $g AFNOR
995    $0 0 $2 0 $4 0 $5 2005-03-23 $9 63522 $P 14.85 $b MED $c MED $e MED1A $f C0002073546 $h AMV20ZZ $k DC/2 SMI $o 0 $p 14.85 $r PRETSON $s DC_2_000000000000000_SMI $w 96 $y 2024-05-17 $A 0

