01725nam a2200445   4500
001 55991
003 http://www.mediathequederoubaix.fr/ark:/20179/KH55991
010    $a 2-01-235336-3 $b br. $d 98 F
020    $a FR $b 09803308
033    $a http://catalogue.bnf.fr/ark:/12148/cb361864655
035    $a FRBNF36186465000000X
039    $o OPL $a 023032669
090    $a 55991
091    $b 20240508 $c 1 $a 2
099    $t LI $c 2014-06-30 $d 2024-05-08 $x 3
100    $a 19971107d1997    m  y0frey50      ba
101 0  $a fre
102    $a FR
105    $a a   z   00|y|
106    $a r
181  0 $6 01 $a i  $b xxxe   $a b  $b xb2e  
181    $6 02 $c txt $c sti $2 rdacontent
182  0 $6 01 $a n
182    $6 02 $c n $2 rdamedia
200 1  $a Les Chouans $b Texte imprimé $f Roger Dupuy
210    $a Paris $c Hachette littératures $d 1997 $e 18-Saint-Amand-Montrond $g Impr. Bussière Camedan
215    $a 287 p. $c ill., couv. ill. en coul. $d 20 cm
225    $a La vie quotidienne
300    $a Bibliogr. p. 277-280
339    $a m
410  0 $0 34234479 $t La Vie quotidienne (Paris. 193?) $x 0768-0074 $d 1997
606    $3 11959641 $9 42229 $a Chouans $2 rameau
606    $3 11940982 $9 21902 $a Guerre de Vendée (1793-1800) $2 rameau
606    $3 12556489 $9 42230 $a Chouannerie $2 rameau
676    $a 944.104 $v 23
686    $a 93  $2 Cadre de classement de la Bibliographie nationale française
700    $3 11901274 $9 42231 $o ISNI0000000109101551 $a Dupuy $b Roger $f 1934-.... $4 070
801  0 $a FR $b FR-751131015 $c 19971107 $g AFNOR $h FRBNF36186465000000X $2 intermrc
999    $a FRBNF36186465000000X
995    $0 0 $2 0 $4 0 $5 2005-03-23 $9 63736 $P 11.95 $b MED $c MED $e MED3A $f C0002091219 $h ACFHSZZ $k Doc./945 ABC $o 0 $p 11.95 $r PRETLIV $s DOC___945_000000000000000_ABC $w 17 $y 2021-11-23

