00890nc  a2200253   4500
001 56276
003 http://www.mediathequederoubaix.fr/ark:/20179/KH56276
005 20240508054934.0
035 00 $a HZ_RBX102985
090    $a 56276
091    $a 2 $b 20240508 $c 0
099    $t PA $c 2014-06-30 $d 2024-05-08 $x 0
100    $a 19       1912    k  y0frey5003    ba
101    $a fre
200    $a Grande méthode de basse et tuba $b Musique imprimée $f par Jules Watelle,...
210    $a Paris $c Salabert $d cop. 1912
215    $a 1 partition $d 32 cm
301    $a 4966 E.G.
339    $a m
606    $a Tuba, Musique de $x Partitions $2 rameau
606    $a Tuba $x Méthodes $2 rameau
700 0  $a Watelle $b Jules
801  0 $a FR $b 595126101 $c 20071006 $g AFNOR
995    $0 0 $2 0 $4 0 $5 2005-03-23 $9 64032 $P 20.00 $b MED $c MED $e MED3C $f C0002087032 $h AMV00MM $k PA/841.84 WAT $o 0 $p 20.00 $r PRETPAR $s PA_841_840000000000000_WAT $w 4 $y 2014-06-30

