01204nj  a2200289   4500
001 56457
003 http://www.mediathequederoubaix.fr/ark:/20179/KH56457
005 20240508055600.0
035 00 $a HZ_RBX103240
071 0  $a DPX 812 $b Déesse
090    $a 56457
091    $a 1 $b 20240508 $c 0
099    $t DV $c 2014-06-30 $d 2024-05-08 $x 0
100    $a 19       1985    k  y0frey5003    ba
101    $a frd
200    $a Bisous futaies d'eul bonne année $b Enr. sonore $f Tit louis d'Peuplingles $g André Balle, texte $g Robert Lambert, acc. mus.
210    $a Paris $c Disques Déesse $c CBS [distrib.] $d [1985]
215    $a 1 disque $c 45 t. $d 17 cm
327    $a aussi : Face 2 : On a vu pire : noël patoisant
339    $a m
606    $7 ba0yba0y $8 fre    $3 12573221 $9 1398 $a Chansons picardes $x Disques $2 rameau
700 0  $a Tit Louis d'Peuplingue
701 0  $a Balle $b André
801  0 $a FR $b 595126101 $c 20070829 $g AFNOR
801  0 $a fr $b Médiathèque de Roubaix
930    $5 595126101:C0002031918 $b 595126101 $a FLRSON 17/314 $e Fonds local et régional sonore
995    $0 0 $2 0 $4 0 $5 2005-03-23 $9 64264 $P 10.00 $b MED $c MED $e MED3C $f C0002031918 $h PENRSZZ $k FLRSON 17/314 $o 2 $p 10.00 $r PRETSON $s FLRSON_17314_000000000000000 $w 0 $y 2014-06-30

