00880na  a2200241   4500
001 56634
003 http://www.mediathequederoubaix.fr/ark:/20179/KH56634
005 20240508055626.0
010    $a 0-14-043097-0
035 00 $a HZ_RBX103495
090    $a 56634
091    $a 2 $b 20240508 $c 0 $s http://www.sudoc.fr/007505582 $m 3
099    $t LI $c 2014-06-30 $d 2024-05-08 $x 3
100    $a 19       1986    k  y0frey5003    ba
101    $a eng
200    $a The narrative of Arthur Gordon Pym of Nantucket $f Edgar Allan Pœ
210    $c Penguin Books $d 1986
225 0  $a Penguin Classics
339    $a m
410    $t Penguin Classics
700    $3 11920094 $7 ba0yba0y $8 fre    $a Poe $b Edgar Allan $f 1809-1849 $9 450
801  0 $a FR $b 595126101 $c 20130209 $g AFNOR
995    $0 0 $2 0 $4 0 $5 2005-03-23 $9 64485 $P 8.29 $b MED $c MED $e MED3A $f C0002245038 $h ACFLALE $k ANGLAIS/R POE $o 0 $p 8.29 $r PRETLIV $s ANGLAISR_POE $w 11 $y 2023-01-21

