00979nc  a2200265   4500
001 56820
003 http://www.mediathequederoubaix.fr/ark:/20179/KH56820
005 20240508055651.0
035 00 $a HZ_RBX103751
071 0  $b P.H. 77
090    $a 56820
091    $a 2 $b 20240508 $c 0
099    $t PA $c 2014-06-30 $d 2024-05-08 $x 0
100    $a 19               k  y0frey5003    ba
101    $a fre
200    $a IIIe suite $b musique imprimée $e ré majeur $f J.S. Bach
210    $a Paris $c Heugel et cie $d [s.d.]
215    $a 1 partition (38 p.) $d 19 cm
301    $a H. 31477
339    $a m
606    $a Suites (orchestre) $x Partitions $2 rameau
606    $a Musique $y Allemagne $z 18e siècle $x Partitions $2 rameau
700    $3 11889790 $7 ba0yba0y $8 fre    $a Bach $b Johann Sebastian $f 1685-1750 $9 680
801  0 $a FR $b 595126101 $c 20071006 $g AFNOR
995    $0 0 $2 0 $4 0 $5 2005-03-23 $9 64687 $P 20.00 $b MED $c MED $e MED3C $f C0002250813 $h AMV30ZZ $k PA/3 BAC 23 $o 0 $p 20.00 $r PRETPAR $s PA_3_BAC_230000000000000 $w 8 $y 2014-06-30

