01163nc  a2200289   4500
001 57029
003 http://www.mediathequederoubaix.fr/ark:/20179/KH57029
005 20240508055723.0
035 00 $a HZ_RBX104049
090    $a 57029
091    $a 2 $b 20240508 $c 0
099    $t PA $c 2014-06-30 $d 2024-05-08 $x 2
100    $a 19       1967    k  y0frey5003    ba
101    $a fre
200    $a The rite of spring $d Le sacre du printemps $b musique imprimée $e pictures from pagan russia in two parts $f by Igor Stravinsky and Nicolas Rœrich
210    $a London $c Boosey & Hawkes $d 1967
215    $a 1 partition (153 p.) $d 28 cm
225 0  $a Hawkes pocket scores
301    $a B.& H. 19441
339    $a m
410    $t Hawkes pocket scores
606    $a Ballet, Musique de $z 20e siècle $x Partitions $2 rameau
606    $a Musique $y Russie $z 20e siècle $x Partitions $2 rameau
700    $7 ba0yba0y $8 freeng $a Stravinsky $b Igor $f 1882-1971 $3 12405560 $9 1828
701 0  $a Rœrich $b Nicolas
801  0 $a FR $b 595126101 $c 20071006 $g AFNOR
995    $0 0 $2 0 $4 0 $5 2005-03-23 $9 64918 $P 20.00 $b MED $c MED $e MED3C $f C0002087870 $h AMV30ZZ $k PA/3 STR 28 $o 0 $p 20.00 $r PRETPAR $s PA_3_STR_280000000000000 $w 18 $y 2015-03-14

