01223nc  a2200265   4500
001 57162
003 http://www.mediathequederoubaix.fr/ark:/20179/KH57162
005 20240514044204.0
035 00 $a HZ_RBX104222
090    $a 57162
091    $a 2 $b 20240514 $c 0
099    $t PA $c 2014-06-30 $d 2024-05-14 $x 0
100    $a 19               k  y0frey5003    ba
101    $a fre
200    $a La Damoiselle Elue $b musique imprimée $e poème lyrique d'après D.-G. Rossetti $e pour voix de femmes, solo, chœur et orchestre $f musique de Claude Debussy $g trad. française de Gabriel Sarrazin
210    $a Paris $c Durand $d [s.d.]
215    $a 1 partition (74 p.) $d 22 cm
301    $a D.&F. 6138
339    $a m
606    $a Musique $y France $z 1870-1914 $x Partitions $2 rameau
606    $7 ba0yba0y $8 fre    $3 12289219 $9 270280 $a Cantates pour soliste profanes (voix aiguë) $x Partitions $2 rameau
700    $7 ba0yba0y $8 fre    $a Debussy $b Claude $f 1862-1918 $3 13893072 $9 28988
702 0  $7 ba0yba0y $8 fre    $3 12113484 $9 295124 $4 730 $a Sarrazin $b Gabriel $f 1853-....
801  0 $a FR $b 595126101 $c 20071006 $g AFNOR
995    $0 0 $2 0 $4 0 $5 2005-03-23 $9 65062 $P 20.00 $b MED $c MED $e MED3C $f C0002087684 $h AMV30ZZ $k PA/3 DEB 34 $o 0 $p 20.00 $r PRETPAR $s PA_3_DEB_340000000000000 $y 2014-06-30

