00967nc  a2200253   4500
001 57295
003 http://www.mediathequederoubaix.fr/ark:/20179/KH57295
005 20240514044207.0
035 00 $a HZ_RBX104397
090    $a 57295
091    $a 2 $b 20240514 $c 0
099    $t PA $c 2014-06-30 $d 2024-05-14 $x 0
100    $a 19       1912    k  y0frey5003    ba
101    $a fre
200    $a Valses nobles et sentimentales $b musique imprimée $e pour orchestre $f Maurice Ravel
210    $a Paris $c Durand $d cop. 1912
215    $a 1 partition (74 p.) $d 22 cm
301    $a D&F 8476
339    $a m
606    $a Suites (orchestre) $x Partitions $2 rameau
606    $a Musique $y France $z 1900-1945 $x Partitions $2 rameau
700    $7 ba0yba0y $8 fre    $a Ravel $b Maurice $f 1875-1937 $3 13898840 $9 3443
801  0 $a FR $b 595126101 $c 20071006 $g AFNOR
995    $0 0 $2 0 $4 0 $5 2005-03-23 $9 65212 $P 20.00 $b MED $c MED $e MED3C $f C0002256584 $h AMV30ZZ $k PA/3 RAV 23 $o 0 $p 20.00 $r PRETPAR $s PA_3_RAV_230000000000000 $w 4 $y 2014-06-30

