01156nc  a2200289   4500
001 57476
003 http://www.mediathequederoubaix.fr/ark:/20179/KH57476
005 20240514044211.0
035 00 $a HZ_RBX104658
090    $a 57476
091    $a 2 $b 20240514 $c 0
099    $t PA $c 2014-06-30 $d 2024-05-14 $x 2
100    $a 19       1965    k  y0frey5003    ba
101    $a fre
200    $a Rumanian dance $b musique imprimée $d Rumänischer Tanz $e for orchestra $f Béla Bartok $g edited by D. Dille
210    $a Budapest $c Ed. Musica $c Boosey & Hawkes [distrib.] $a London $d cop. 1965
215    $a 1 partition (38 p.) $d 19 cm
225 0  $a Hawkes pocket scores
301    $a Z 4692
339    $a m
410    $t Hawkes pocket scores
606    $a Musique $y Hongrie $z 1900-1945 $x Partitions $2 rameau
606    $a Musique de danse $z 20e siècle $x Partitions $2 rameau
700    $7 ba0yba0y $8 fre    $a Bartók $b Béla $f 1881-1945 $4 230 $3 13891198 $9 308590
702 0  $4 340 $a Dille $b D.
801  0 $a FR $b 595126101 $c 20071006 $g AFNOR
995    $0 0 $2 0 $4 0 $5 2005-03-23 $9 65420 $P 20.00 $b MED $c MED $e MED3C $f C0002254752 $h AMV30ZZ $k PA/3 BAR 22 $o 0 $p 20.00 $r PRETPAR $s PA_3_BAR_220000000000000 $w 6 $y 2015-09-25 $A 0

