01030na  a2200277   4500
001 57662
003 http://www.mediathequederoubaix.fr/ark:/20179/KH57662
005 20240508060508.0
010    $a 972-210-780-1
035 00 $a HZ_RBX104977
090    $a 57662
091    $a 2 $b 20240508 $c 0
099    $t LI $c 2014-06-30 $d 2024-05-08 $x 1
100    $a 19       1992    k  y0frey5003    ba
101    $a por
200    $a Desanda, cacete ! $f Alice Vieira $g ill. de Carlos Jarnac
210    $a Lisbonne (Portugal) $c Caminho $d 1992
215    $a 14 p. $c ill. en coul., couv. ill. en coul. $d 22 cm
225 0  $a Historias tradicionais portuguesas
305    $a Texte en Portugais
339    $a a
410    $t Historias tradicionais portuguesas
700 0  $7 ba0yba0y $8 fre    $3 12226435 $9 43141 $7 ba0yba0y $8 fre    $a Vieira $b Alice $f 1943-....
702 0  $4 440 $a Jarnac $b Carlos
801  0 $a FR $b 595126101 $c 20050323 $g AFNOR
995    $0 0 $2 0 $4 0 $5 2005-03-23 $9 65641 $P 12.83 $b MED $c MED $e MED2C $f C0002100644 $h JABLAFI $k E POR A $o 0 $p 12.83 $r PRETLIV $s E_POR_A $w 6 $y 2014-07-05

