02375cam a2200505   4500
001 58131
003 http://www.mediathequederoubaix.fr/ark:/20179/KH58131
010    $a 2-253-08772-6 $b br. $d 40 F
020    $a FR $b 09814380
033    $a http://catalogue.bnf.fr/ark:/12148/cb36197781p
035    $a FRBNF361977810000008
039    $o OPL $a 023310428
090    $a 58131
091    $b 20240508 $c 1 $a 2
099    $t LI $c 2014-06-30 $d 2024-05-08 $x 2
100    $a 19980219d1998    m  y0frey50      ba
101 1  $a fre $a ger $c ger $g ger
102    $a FR
105    $a ||||z   00|a|
106    $a r
181  0 $6 01 $a i  $b xxxe  
181    $6 02 $c txt $2 rdacontent
182  0 $6 01 $a n
182    $6 02 $c n $2 rdamedia
200 1  $a Romantische Spukgeschichten $b Texte imprimé $f préf. d'Erika Tunner $g trad. et notes de Jörn Cambreleng
210    $a Paris $c Librairie générale française $d 1998 $e 72-La Flèche $g Impr. Brodard et Taupin
215    $a 220 p. $c couv. ill. en coul. $d 18 cm
225    $a Les langues modernes-bilingue $i Série allemande
300    $a Réunit : "La mendiante de Locarno" / H. von Kleist, trad. de : "Das Bettelweib von Locarno". "La maison déserte" / E. T. A. Hoffmann, trad. de :"Das öde Haus". "Sortilège en automne" / J. von Eichendorf, trad. de : "Die Zauberei in Herbste"
304    $a Mention parallèle de titre ou de responsabilité : Fantômes romantiques
308    $a Collection principale : Le livre de poche. Numérotation dans la collection principale : 8772
339    $a m
410  0 $0 34228560 $t Le Livre de poche $x 0248-3653 $v 8772
510 1  $z fre $a Fantômes romantiques
606    $3 11942298 $9 11107 $a Fantômes $2 rameau
608    $3 11934772 $9 736 $a Anthologies $2 rameau
608    $3 12026055 $9 43429 $a Nouvelles allemandes $3 11975999 $9 1596 $z 19e siècle $2 rameau
676    $a 833.708 $v 23
676    $a 833.087 6608 $v 23
686    $a 823 $2 Cadre de classement de la Bibliographie nationale française
702    $3 11927243 $9 43430 $o ISNI0000000117669454 $a Tunner $b Erika $4 080
702    $3 13085460 $9 43431 $o ISNI0000000001946632 $a Cambreleng $b Jörn $f 1965-.... $4 730
801  0 $a FR $b FR-751131015 $c 19980219 $g AFNOR $h FRBNF361977810000008 $2 intermrc
999    $a FRBNF361977810000008
995    $0 0 $2 0 $4 0 $5 2005-03-23 $9 66141 $P 4.88 $b MED $c MED $e MED3A $f C0002267894 $h ACFLALE $k ALLEMAND/R FAN $o 0 $p 4.88 $r PRETLIV $s ALLEMANDR_FAN $w 24 $y 2019-03-26

