01064nam a2200289   4500
001 58327
003 http://www.mediathequederoubaix.fr/ark:/20179/KH58327
005 20220511064914.0
035 00 $a HZ_RBX106041
090    $a 58327
091    $a 0
099    $t LI $c 2014-06-30 $d 2022-05-11 $x 0
100    $a 19       1968    k  y0frey5003    ba
101    $a fre
200    $a La révolution trahie de 1968 $f André Barjonet
210    $a Paris $c J. Didier $d 1968
215    $a 44 p. $d 21 cm
225 0  $a Contreverses $v 1
300    $a Ex dono Bernard Grelle
339    $a m
410    $t Contreverses $v 1
607    $7 ba0yba0y $8 fre    $a France $z 1968 (Journées de mai) $2 rameau
702    $7 ba0yba0y $8 fre    $a Grelle $b Bernard $f 1943-.... $4 320 $9 81239
700    $7 ba0yba0y $8 fre    $a Barjonet $b André $f 1921-2005 $9 56127
801  0 $a FR $b 595126101 $c 20070903 $g AFNOR
930    $5 595126101:C0001472763 $b 595126101 $a BR 8/360 $e Fonds patrimonial
995    $0 0 $2 0 $4 0 $5 2005-03-23 $9 66366 $b MED $c MED $e MED3M $f C0001472763 $h PPEFGZZ $k BR 8/360 $o 2 $r PRETLIV $s BR_8360_000000000000000 $w 0 $y 2014-06-30

