02367nj  a2200373   4500
001 58543
003 http://www.mediathequederoubaix.fr/ark:/20179/KH58543
005 20240508061310.0
035 00 $a HZ_RBX106373
071 0  $b LUC 3093
090    $a 58543
091    $a 1 $b 20240508 $c 0
099    $t DC $c 2014-06-30 $d 2024-05-08 $x 0
100    $a 19               k  y0frey5003    ba
101    $a fre
200    $a L'orgue de l'abbaye de la Lucerne d'Outremer $b Enr. sonore $f François Lombard $g Louis Marchand $g Grigny, Nicolas de $g Daquin, Louis-Claude, [et al]...
215    $a 1 d.c.
327    $a 7 versets du 1er livre : Plein jeu ; Fugue ; Tierce en Taille ; Duo ; Basse de Cromorne ; Fond d'orgue ; Dialogue sur les grands jeux / Louis Marchand $a 3 versets de la Messe : Premier agnus ; Dialogue ; Dialogue à deux Tailles de Cromorne et deux Dessus de Cornet pour la Communion / Nicolas de Grigny $a Noël n6̊ sur les jeux d'anches, sans tremblant et en duo / Louis-Claude Daquin $a Prélude et fugue en sol mineur / Vincent Lübeck $a 4 chorals : Ach Gott, vom Himmel, sieh darein ; Ein fest'Burg ist unser Gott ; Erbarm dich mein, O Herre Gotte ; War Gott nicht mit uns diese Zeit / Johann Nicolaus Hanff $a Magnificat Primi Toni Bux WV 203 / Dietrich Buxtehude $a Trio en sol majeur : Adagio ; Allegro ; Prélude et fugue en sol majeur BWV 550 / Jean-Sébastien Bach
339    $a m
606    $a Orgue, Musique d' $x Disques $2 rameau
606    $a Préludes de chorals $x Disques $2 rameau
606    $a Concerts $x Disques $2 rameau
679    $a 3.11
701 0  $a Hanff $b Johan Nicolaus $f 1665-1711
701    $7 ba0yba0y $8 fre    $a Buxtehude $b Dietrich $f 1637?-1707 $3 13892030 $9 6393
701 0  $7 ba0yba0y $8 fre    $3 13896833 $9 2248 $7 ba0yba0y $8 fre    $a Lübeck $b Vincent $f 1654-1740
701    $7 ba0yba0y $8 fre    $a Grigny $b Nicolas de $f 1672-1703 $3 14816770 $9 11331
701    $3 11889790 $7 ba0yba0y $8 fre    $a Bach $b Johann Sebastian $f 1685-1750 $9 680
701    $7 ba0yba0y $8 fre    $a Daquin $b Louis-Claude $f 1694-1772 $3 13892969 $9 5675
702 0  $a Lombard $b François
701 0  $a Marchand $b Louis $f 1791-1876
801  0 $a FR $b 595126101 $c 20080513 $g AFNOR
930    $5 595126101:C0002295114 $b 595126101 $a FLRSON DC/844 $e Fonds local et régional sonore
995    $0 0 $2 0 $4 0 $5 2005-03-23 $9 66604 $P 18.29 $b MED $c MED $e MED3C $f C0002295114 $h PENRSZZ $k FLRSON DC/844 $o 2 $p 18.29 $r PRETSON $s FLRSON_DC844 $w 0 $y 2014-06-30

