01423nj  a2200301   4500
001 58823
003 http://www.mediathequederoubaix.fr/ark:/20179/KH58823
005 20240508062014.0
035 00 $a HZ_RBX106838
071 0  $b Thunderbolt $a 083
090    $a 58823
091    $a 1 $b 20240508 $c 0
099    $t DC $c 2014-06-30 $d 2024-05-08 $x 13
100    $a 19       1990    k  y0frey5003    ba
101    $a fre
200    $a Living in the blues $b Enr. sonore $f Johnny Winter
210    $d P 1990
215    $a 1 d.c. $e 1 brochure
327    $a Coming up fast $a Living in the blues $a Suicide won't satisfy $a Easy loving girl $a Gone for bad $a Reeling and rocking $a Tramp $a Ice cube $a Birds can't row boats $a Blue suede shœs $a Out of sight $a You'll be the death of me $a Night ride $a Leaving blues $a Ease my pain $a Broke and lonely $a Goin' down slow
339    $a m
606    $a Blues $y Etats-Unis $x Disques $2 rameau
606    $a Rock (musique) $y Etats-Unis $x Disques $2 rameau
606    $7 ba0yba0y $8 fre    $3 12293433 $9 228 $a Guitare, Musique de (blues) $x Disques $2 rameau
606    $7 ba0yba0y $8 fre    $3 12293449 $9 165 $a Guitare, Musique de (rock) $x Disques $2 rameau
679    $a 2 $c 30
700    $7 ba0yba0y $8 fre    $a Winter $b Johnny $f 1944-2014 $3 13901246 $9 9433
801  0 $a FR $b 595126101 $c 20070829 $g AFNOR
995    $0 0 $2 0 $4 0 $5 2005-03-23 $9 66918 $P 10.68 $b MED $c MED $e MED1A $f C0002281783 $h AMV20ZZ $k DC/2 WIN 30 $o 0 $p 10.68 $r PRETSON $s DC_2_WIN_300000000000000 $w 63 $y 2022-09-10

