00803nj  a2200205   4500
001 58972
003 http://www.mediathequederoubaix.fr/ark:/20179/KH58972
005 20240508062032.0
035 00 $a HZ_RBX107015
090    $a 58972
091    $a 1 $b 20240508 $c 0
099    $t DV $c 2014-06-30 $d 2024-05-08 $x 0
100    $a 19               k  y0frey5003    ba
101    $a fre
200    $a Oh papa v'là les gilles $b Enr. sonore
339    $a m
700    $7 ba0yba0y $8 fre    $a Jarrett $b Jean $f 1922-1996 $3 13193816 $9 12624
801  0 $a FR $b 595126101 $c 20050323 $g AFNOR
930    $5 595126101:C0002179805 $b 595126101 $a FLRSON 17/3537 $e Fonds local et régional sonore
995    $0 0 $2 0 $4 0 $5 2005-03-23 $9 67102 $P 22.87 $b MED $c MED $e MED3C $f C0002179805 $h PENRSZZ $k FLRSON 17/3537 $o 2 $p 22.87 $r PRETSON $s FLRSON_173537_000000000000000 $w 0 $y 2014-06-30

