01379nj  a2200301   4500
001 59266
003 http://www.mediathequederoubaix.fr/ark:/20179/KH59266
005 20240508062109.0
035 00 $a HZ_RBX107616
071 0  $a CBS 84318 $b CBS
090    $a 59266
091    $a 1 $b 20240508 $c 0
099    $t DV $c 2014-06-30 $d 2024-05-08 $x 4
100    $a 19       1980    k  y0frey5003    ba
101    $a fre
200    $a Repression $b Enr. sonore $f Trust
210    $d P 1980
215    $a 1 disque $c 33 tours $d 30 cm $e textes
327    $a face 1 : Antisocial $a M comédie $a Instinct de mort $a Au nom de la race $a Passe $a face 2 : Fatalité $a Saumur $a Le mitard $a Sors tes griffes $a Les sectes
339    $a m
606    $a Rock (musique) $y France $x Disques $2 rameau
606    $7 ba0yba0y $8 fre    $3 12471027 $9 166 $a Hard rock $x Disques $y France $2 rameau
606    $7 ba0yba0y $8 fre    $3 12293449 $9 165 $a Guitare, Musique de (rock) $x Disques $2 rameau
679    $a 2 $c 50
710 0  $a Trust
801  0 $a FR $b 595126101 $c 20070829 $g AFNOR
995    $0 0 $2 0 $4 0 $5 2006-03-17 $9 67445 $b MED $c MED $e MED2D $f F DESD 30/1901 $h PENPDZZ $k F DESD 30/1901 $o 0 $r PRETSON $s F_DESD_30_190100000000000 $w 0 $y 2014-06-30
995    $0 0 $2 0 $4 0 $5 2005-03-23 $9 67446 $P 10.00 $b MED $c MED $e MED1A $f C0002075441 $h AMV25ZZ $k DISQ 30/2 TRU 50 $l Contient : 1 disque 33 tours + textes $o 0 $p 10.00 $r PRETSON $s DISQ_30_200000000000000_TRU_50 $u Coup de coeur $w 8 $y 2018-03-30 $A 0

