01542cam a2200409   4500
001 59561
003 http://www.mediathequederoubaix.fr/ark:/20179/KH59561
010    $a 2-7210-0270-8 $b Br. $d 78 F
020    $a FR $b 08523381
033    $a http://catalogue.bnf.fr/ark:/12148/cb34780376v
035    $a FRBNF347803760000003
039    $o OPL $a 002677314
090    $a 59561
091    $b 20240508 $c 1 $a 2
099    $t LI $c 2014-06-30 $d 2024-05-08 $x 4
100    $a 19840420d1985    m  y0frey50      ba
101 1  $a fre $c por
102    $a FR
105    $a ||||z   00|a|
106    $a r
181  0 $6 01 $a i  $b xxxe  
181    $6 02 $c txt $2 rdacontent
182  0 $6 01 $a n
182    $6 02 $c n $2 rdamedia
200 1  $a L'heure de l'étoile $b Texte imprimé $f Clarice Lispector $g trad. par Marguerite Wünscher...
210    $a Paris $c des Femmes $d 1985 $e 54-Nancy $g Impr. Berger Levrault
215    $a 109 p. $d 18 cm
339    $a m
454  1 $t A hora da estrela
500 11 $3 15737024 $9 320834 $a A hora da estrela $m français $2 lien automatique
676    $a 869.3 $v 23
686    $a 83 $2 Cadre de classement de la Bibliographie nationale française
700    $3 12401724 $9 273821 $o ISNI0000000123213998 $a Lispector $b Clarice $4 070
702    $3 11929437 $9 44274 $o ISNI000000007972567X $a Wünscher $b Marguerite $4 730
801  0 $a FR $b FR-751131015 $c 19840420 $g AFNOR $h FRBNF347803760000003 $2 intermrc
999    $a FRBNF347803760000003
995    $0 0 $2 0 $4 0 $5 2005-03-23 $9 67757 $P 9.38 $b MED $c MED $e MED1A $f C0002613304 $h ALTROZZ $k R/LIS $o 0 $p 9.38 $r PRETLIV $s RLIS $w 12 $y 2023-04-14

