01006nam a2200265   4500
001 59760
003 http://www.mediathequederoubaix.fr/ark:/20179/KH59760
005 20220902053218.0
010    $a 2-258-04559-2
033    $a http://catalogue.bnf.fr/ark:/12148/cb36971161x
035 00 $a HZ_RBX108399
090    $a 59760
091    $a 0
099    $t LI $c 2014-06-30 $d 2022-09-02 $x 0
100    $a 19       1998    k  y0frey5003    ba
101    $a fre
200    $a Nouvelles du Nord $f Marie-Paul Armand
210    $a Paris $c Presses de la Cité $d 1998
215    $a 389 p. $c couv. ill. en coul. $d 23 cm
339    $a m
607    $9 141463 $a Nord (France) $x Nouvelles
700    $7 ba0yba0y $8 fre    $a Armand $b Marie-Paul $9 102996
801  0 $a FR $b 595126101 $c 20070829 $g AFNOR
930    $5 595126101:C0001813820 $b 595126101 $a MAG L/P 8/106 795 $e Fonds patrimonial
995    $0 0 $2 0 $4 0 $5 2005-03-23 $9 67996 $P 13.42 $b MED $c MED $e MED3I $f C0001813820 $h PPEFGZZ $k MAG L/P 8/106 795 $o 2 $p 13.42 $r PRETLIV $s MAG_LP_8106_795000000000000 $w 0 $y 2014-06-30

