01155ng  a2200289   4500
001 59879
003 http://www.mediathequederoubaix.fr/ark:/20179/KH59879
005 20160125023827.0
035 00 $a HZ_RBX108576
090    $a 59879
091    $a 0
099    $t VI $c 2014-06-30 $d 2014-06-30 $x 0
100    $a 19       1988    k  y0frey5003    ba
101    $a fre
200    $a L'envol de Lilith $b Vidéocassette $f Jacques Hœpffner, réal. $g Cécile Proust, chorégraphe
210    $a [France?] $c Productions Bagheera - Arcanal $d 1988
215    $a 1 vidéocassette (56mn) $c n.b., sonore $d vhs
225 0  $a Danse
330    $a Le grand matador Pablo Enrique del Amor de la Madona vient, comme chaque soir, voir Lilith danser le flamenco.
339    $a m
345    $a Cité de la musique
410    $t Danse
606 0  $9 244870 $a Flamenco (musique) $x Bandes vidéos
700 0  $9 171862 $4 370 $a Hœppfner $b Jacques
702 0  $9 171863 $4 200 $a Proust $b Cécile
801  0 $a FR $b 595126101 $c 20110525 $g AFNOR
995    $0 0 $2 0 $4 0 $5 2005-03-23 $9 68117 $P 3.05 $b MED $c MED $e MED3C $f C0002545064 $h PPAFIZZ $k VHS/PLACE/Video 207 $o 2 $p 3.05 $r PRETDVD $s VHSPLACEVIDEO_207_000000000000 $w 0 $y 2014-06-30

