01165ncm a2200289   4500
001 60069
003 http://www.mediathequederoubaix.fr/ark:/20179/KH60069
005 20160125023831.0
035 00 $a HZ_RBX108871
090    $a 60069
091    $a 0
099    $t PA $c 2014-06-30 $d 2014-06-30 $x 0
100    $a 19       1955    k  y0frey5003    ba
101    $a fre
200    $a Espanola $b Musique imprimée $e paso-doble $a Albahaca $e paso-doble $f paroles et musique Luis Araque
210    $a Madrid $c Ed. musicales L. Araque $d cop. 1955
215    $a 11 parties (pagination multiple [20] f.) $d 27 cm
300    $a Don de M. Hibon
307    $a Parties : p, batt., vl ou acrdn, saxo. a, saxo. t, saxo. a, saxo. t, cb, trb, trp, 2 trp
339    $a m
606    $9 244865 $a Paso-doble (musique) $x Parties
700 0  $9 171774 $4 230 $a Araque $b Luis
702    $9 171633 $4 320 $a Hibon $b Francis
801  0 $a FR $b 595126101 $c 20070829 $g AFNOR
930    $5 595126101:C0002021125 $b 595126101 $a BR 4/672 $e Fonds patrimonial
317    $a Collection Francis Hibon
995    $0 0 $2 0 $4 0 $5 2005-03-23 $9 68319 $b MED $c MED $e MED3N $f C0002021125 $h PPEPMZZ $k BR 4/672 $o 2 $r PRETLIV $s BR_4672_000000000000000 $w 0 $y 2014-06-30

