01211nj  a2200277   4500
001 60325
003 http://www.mediathequederoubaix.fr/ark:/20179/KH60325
005 20240508062947.0
035 00 $a HZ_RBX109395
071 0  $b Enfance et Musique $a DCCD 997
090    $a 60325
091    $a 1 $b 20240508 $c 0
099    $t DC $c 2014-06-30 $d 2024-05-08 $x 6
100    $a 19       1997    k  y0frey5003    ba
101    $a fre
200    $a Boule de gomme $b Enr. sonore $f Samir Kacel, par., mus., chant
210    $d P 1997
215    $a 1 d.c. $e 1 brochure
327    $a Pierrot de la lune $a POuce, pouce $a Rencontres $a Boule de gomme $a Rêves $a Non, non, non $a Petits pas $a Dans ma maison $a Trois petits lapins $a Ribambelle $a Pomme d'api $a La rime des prénoms $a Au château du roi $a Au pays des enfants sages $a Quand je serai grand
339    $a a
606    $a Chansons enfantines $x Disques $2 rameau
606    $a Comptines $x Disques $2 rameau
679    $a 712
700 0  $7 ba0yba0y $8 fre    $3 14191859 $9 44684 $7 ba0yba0y $8 fre    $a Kacel $b Samir
801  0 $a FR $b 595126101 $c 20070829 $g AFNOR
995    $0 0 $2 0 $4 0 $5 2005-03-23 $9 68612 $P 16.82 $b MED $c MED $e MED2A $f C0002280761 $h JMUEFZZ $k DC/712 KAC $o 0 $p 16.82 $r PRETSON $s DC_712_000000000000000_KAC $w 81 $y 2021-01-09

