01656nam a2200421   4500
001 60547
003 http://www.mediathequederoubaix.fr/ark:/20179/KH60547
010    $a 2-264-02565-4 $b br. $d 44 F
020    $a FR $b 09827743
033    $a http://catalogue.bnf.fr/ark:/12148/cb369826414
035    $a FRBNF369826410000002
039    $o OPL $a 023559582
090    $a 60547
091    $b 20240508 $c 1 $a 2
099    $t LI $c 2014-06-30 $d 2024-05-08 $x 24
100    $a 19980609d1998    m  y0frey50      ba
101 1  $a fre $c eng
102    $a FR
105    $a ||||z   00|a|
106    $a r
181  0 $6 01 $a i  $b xxxe  
181    $6 02 $c txt $2 rdacontent
182  0 $6 01 $a n
182    $6 02 $c n $2 rdamedia
200 1  $a La corde au cou $b Texte imprimé $f par Kate Sedley $g trad. de l'anglais par Claude Bonnafont
210    $a Paris $c 10-18 $d 1998 $e 27-Mesnil-sur-l'Estrée $g Impr. Firmin-Didot
215    $a 254 p. $c couv. ill. en coul. $d 18 cm
225    $a Grands détectives
308    $a Collection principale : 10-18. Numérotation dans la collection principale : 2956
339    $a m
410  0 $0 34227635 $t 10-18 $x 0240-2300 $v 2956
454  1 $t The hanged man
686    $a 823 $2 Cadre de classement de la Bibliographie nationale française
700    $3 13204714 $9 43165 $o ISNI0000000116666606 $a Sedley $b Kate $f 1926-.... $4 070
702    $3 11892778 $9 4587 $o ISNI0000000110302094 $a Bonnafont $b Claude $f 1934-.... $4 730
801  0 $a FR $b FR-751131015 $c 19980609 $g AFNOR $h FRBNF369826410000002 $2 intermrc
999    $a FRBNF369826410000002
995    $0 0 $2 0 $4 0 $5 2005-03-23 $9 68849 $P 5.30 $b MED $c MED $e MED1A $f C0002170380 $h ALTROPL $k RP/SED $o 0 $p 5.30 $r PRETLIV $s RP_SED $w 88 $y 2024-04-18

