01321nam a2200361   4500
001 60745
003 http://www.mediathequederoubaix.fr/ark:/20179/KH60745
010    $a 2-213-02871-0 $b br. $d 120 F
020    $a FR $b 09210586
033    $a http://catalogue.bnf.fr/ark:/12148/cb355000060
035    $a FRBNF35500006000000X
039    $o OPL $a 013839995
090    $a 60745
091    $b 20240508 $c 1 $a 2
099    $t LI $c 2014-06-30 $d 2024-05-08 $x 12
100    $a 19920305d1992    m  y0frey50      ba
101 0  $a fre
102    $a FR
105    $a ||||z   00|a|
106    $a r
181  0 $6 01 $a i  $b xxxe  
181    $6 02 $c txt $2 rdacontent
182  0 $6 01 $a n
182    $6 02 $c n $2 rdamedia
200 1  $a Mère et filles $b Texte imprimé $e roman $f Madeleine Chapsal
210    $a [Paris] $c Fayard $d 1992 $e 72-La Flèche $g Impr. Brodard et Taupin
215    $a 393 p. $c couv. ill. en coul. $d 24 cm
339    $a m
686    $a 823 $2 Cadre de classement de la Bibliographie nationale française
700    $3 11896088 $9 8320 $o ISNI0000000109101447 $a Chapsal $b Madeleine $f 1925-2024 $4 070
801  0 $a FR $b FR-751131015 $c 19920305 $g AFNOR $h FRBNF35500006000000X $2 intermrc
999    $a FRBNF35500006000000X
995    $0 1 $2 0 $4 1 $5 2005-03-23 $9 69080 $P 25.00 $b MED $c MED $e MED1A $f C0002618257 $h ALTROZZ $k R/CHA $o 4 $p 25.00 $r PRETLIV $s RCHA $w 59 $y 2023-01-06

