01174nam a2200289   4500
001 60992
003 http://www.mediathequederoubaix.fr/ark:/20179/KH60992
005 20220927033540.0
035 00 $a HZ_RBX110478
090    $a 60992
091    $a 0
099    $t LI $c 2014-06-30 $d 2022-09-27 $x 0
100    $a 19               k  y0frey5003    ba
101    $a fre
200    $a Histoire de la révolution française $h tome premier $f par J. Michelet $g avec ill. par Vierge
205    $a Nouv. éd., rev. et augm.
210    $a Paris $c Librairie Abel Pilon $c A. Le Vasseur $d [s.d.]
215    $a XLVII- 384 p. $c ill. $d 24 cm
300    $a Inventaire communal ı 2, n ̊470
310    $a Demi-rel. maroquin rouge
339    $a m
607    $7 ba0yba0y $8 fre    $a France $z 1789-1799 (Révolution) $2 rameau
702 0  $9 172320 $4 440 $a Vierge
700    $7 ba0yba0y $8 fre    $a Michelet $b Jules $f 1798-1874 $3 11916021 $9 23985
801  0 $a FR $b 595126101 $c 20070903 $g AFNOR
930    $5 595126101:C0002021395 $b 595126101 $a MAG L/P 8/108 680 $e Fonds patrimonial
995    $0 0 $2 0 $4 0 $5 2005-03-23 $9 69339 $b MED $c MED $e MED3I $f C0002021395 $h PPEFGZZ $k MAG L/P 8/108 680 $o 2 $r PRETLIV $s MAG_LP_8108_680000000000000 $w 0 $y 2014-06-30

