01293nam a2200277   4500
001 61199
003 http://www.mediathequederoubaix.fr/ark:/20179/KH61199
005 20160125011715.0
035 00 $a HZ_RBX110780
090    $a 61199
091    $a 0
099    $t LI $c 2014-06-30 $d 2014-06-30 $x 0
100    $a 19       1838    k  y0frey5003    ba
101    $a fre
200    $a Guide pittoresque du voyageur en France, contenant la statistique et la description complète des 86 départements $h Tome troisième $i [Route de Bâle, Route de Strasbourg, Route de Nice] $f par une société de gens de lettres, de géographes et d'artistes $g Eusèbe Girault de Saint-Fargeau
210    $a Paris $c F. Didot frères $d 1838
215    $a Pagination multiple $c ill., cartes $d 21 cm
300    $a Inventaire communal & XIIIa, n ̊17
307    $a Contient 120 f. de pl. et 14 cartes dépl.
310    $a Demi-rel.
339    $a m
607    $9 141364 $a France $x Géographie historique
700 0  $9 172384 $a Girault de Saint-Fargeau $b Eusèbe
801  0 $a FR $b 595126101 $c 20070829 $g AFNOR
930    $5 595126101:C0002174423 $b 595126101 $a MAG L/P 8/108 713 $e Fonds patrimonial
995    $0 0 $2 0 $4 0 $5 2005-03-23 $9 69567 $b MED $c MED $e MED3I $f C0002174423 $h PPEFGZZ $k MAG L/P 8/108 713 $o 2 $r PRETLIV $s MAG_LP_8108_713000000000000 $w 0 $y 2014-06-30

