01363ncm a2200313   4500
001 61502
003 http://www.mediathequederoubaix.fr/ark:/20179/KH61502
005 20180724121614.0
035 00 $a HZ_RBX111263
071 0  $a 437 $b CAL
090    $a 61502
091    $a 0
099    $t PA $c 2014-06-30 $d 2014-06-30 $x 0
100    $a 19       1943    k  y0frey5003    ba
101    $a fre
200    $a Madame la terre ... arrêtez-vous $b Musique imprimée $d So schön wie heut', so müsst'es bleiben... $e fox-trot du film "La danse avec l'empereur" $f musique de Franz Grothe $g paroles françaises de François LLenas $g paroles allemandes de Willy Dehmel $g Marika Rökk, interpr.
210    $a Paris $c Ed. Continental $d 1943
215    $a 1 partition ([2] f.) $d 27 cm
300    $a Don de M. Hibon
339    $a m
606    $a Musique de film $x Partitions $2 rameau
700 0  $9 286738 $a Grothe $b Franz $f 1908-1982 $4 230
701 0  $9 280804 $a Llenas $b François $f 19..-1970 $4 520
701 0  $9 286740 $a Dehmel $b Willy $4 520
702    $9 171633 $4 920 $a Hibon $b Francis
702 0  $9 35432 $7 ba0yba0y $8 fre    $a Rökk $b Marika $f 1913-2004
801  0 $a FR $b 595126101 $c 20070829 $g AFNOR
930    $5 595126101:C0002253544 $b 595126101 $a BR 4/701 $e Fonds patrimonial
995    $0 0 $2 0 $4 0 $5 2005-03-23 $9 69885 $b MED $c MED $e MED3N $f C0002253544 $h PPEPMZZ $k BR 4/701 $o 2 $r PRETLIV $s BR_4701_000000000000000 $w 0 $y 2014-06-30

