01078nj  a2200277   4500
001 61644
003 http://www.mediathequederoubaix.fr/ark:/20179/KH61644
005 20240508063826.0
035 00 $a HZ_RBX111487
071 0  $b Aladin $a AM2244
090    $a 61644
091    $a 1 $b 20240508 $c 0
099    $t DC $c 2014-06-30 $d 2024-05-08 $x 2
100    $a 19       1998    k  y0frey5003    ba
101    $a fre
200    $a Singin' Raï $b Enr. sonore $f Fella
210    $d [1998]
215    $a 1 d.c.
327    $a Rani jaï / A. Fella $a Ya rayt / A. Fella $a Lawah / N. Belhali, A. Fella $a Ghazali / A. Fella $a Wah danya / H. Djilali, A. Fella $a Mazal / Lili Abassi, A. Fella $a Singin' Raï / A. Fella
339    $a m
606    $a Musique $y Algérie $x Disques $2 rameau
606    $7 ba0yba0y $8 fre    $3 12201050 $9 4133 $a Raï (musique) $x Disques $2 rameau
679    $a 021.2
700    $a Fella
801  0 $a FR $b 595126101 $c 20070829 $g AFNOR
995    $0 0 $2 0 $3 0 $4 1 $5 2005-03-23 $9 70041 $P 12.62 $b MED $c MED $e MED1A $f C0002289406 $h AMV90ZZ $k DC/021.2 FEL $o 4 $p 12.62 $r PRETSON $s DC_021_200000000000000_FEL $w 107 $y 2019-09-12 $A 0

