01447nam a2200385   4500
001 61804
003 http://www.mediathequederoubaix.fr/ark:/20179/KH61804
010    $a 2-7021-2769-X $b br. $d 129 F
020    $a FR $b 09831561
033    $a http://catalogue.bnf.fr/ark:/12148/cb36985211t
035    $a FRBNF369852110000005
039    $o OPL $a 023646279
090    $a 61804
091    $b 20240508 $c 1 $a 2
099    $t LI $c 2014-06-30 $d 2024-05-08 $x 10
100    $a 19980706d1998    m  y0frey50      ba
101 1  $a fre $c ger
102    $a FR
105    $a ||||z   00|a|
106    $a r
181  0 $6 01 $a i  $b xxxe  
181    $6 02 $c txt $2 rdacontent
182  0 $6 01 $a n
182    $6 02 $c n $2 rdamedia
200 1  $a Chéri, je te quitte ! $b Texte imprimé $e roman $f Hera Lind $g trad. de l'allemand par Françoise Toraille
210    $a Paris $c Calmann-Lévy $d 1998 $e 72-La Flèche $g Impr. Brodard et Taupin
215    $a 345 p. $c couv. ill. en coul. $d 24 cm
339    $a m
454  1 $t Das Superweib
686    $a 823 $2 Cadre de classement de la Bibliographie nationale française
700    $3 13208751 $9 320864 $a Lind $b Hera $4 070
702    $3 12145842 $9 1396 $o ISNI0000000000794796 $a Toraille $b Françoise $4 730
801  0 $a FR $b FR-751131015 $c 19980706 $g AFNOR $h FRBNF369852110000005 $2 intermrc
999    $a FRBNF369852110000005
995    $0 0 $2 0 $4 0 $5 2005-03-23 $9 70214 $P 15.73 $b MED $c MED $e MED1A $f C0002193223 $h ALTROZZ $k R/LIN $o 0 $p 15.73 $r PRETLIV $s R_LIN $w 86 $y 2021-01-29

