01531nam a2200397   4500
001 61953
003 http://www.mediathequederoubaix.fr/ark:/20179/KH61953
010    $a 2-02-030160-1 $b br. $d 130 F
020    $a FR $b 09840141
033    $a http://catalogue.bnf.fr/ark:/12148/cb369922490
035    $a FRBNF369922490000002
039    $o OPL $a 023836645
090    $a 61953
091    $b 20240508 $c 1 $a 2
099    $t LI $c 2014-06-30 $d 2024-05-08 $x 3
100    $a 19980924d1998    m  y0frey50      ba
101 1  $a fre $c dan
102    $a FR
105    $a ||||z   00|a|
106    $a r
181  0 $6 01 $a i  $b xxxe  
181    $6 02 $c txt $2 rdacontent
182  0 $6 01 $a n
182    $6 02 $c n $2 rdamedia
200 1  $a La femme et le singe $b Texte imprimé $e roman $f Peter Høeg $g trad. du danois par Frédéric Durand
210    $a Paris $c Éd. du Seuil $d 1998 $e 27-Mesnil-sur-l'Estrée $g Impr. Firmin-Didot
215    $a 301 p. $c jaquette ill. en coul. $d 22 cm
339    $a m
454  1 $t Kvinden og aben
676    $a 839.813 74 (oeuvre) $v 23
686    $a 823 $2 Cadre de classement de la Bibliographie nationale française
700    $3 12237949 $9 2564 $o ISNI0000000109378833 $a Høeg $b Peter $f 1957-.... $4 070
702    $3 11901304 $9 2581 $o ISNI0000000114680965 $a Durand $b Frédéric $f 1920-2002 $4 730
801  0 $a FR $b FR-751131015 $c 19980924 $g AFNOR $h FRBNF369922490000002 $2 intermrc
999    $a FRBNF369922490000002
995    $0 0 $2 0 $4 0 $5 2005-03-23 $9 70368 $P 20.60 $b MED $c MED $e MED1A $f C0001991034 $h ALTROZZ $k R/HOE $o 0 $p 20.60 $r PRETLIV $s RHOE $w 12 $y 2022-02-19

