01502cam a2200385   4500
001 62146
003 http://www.mediathequederoubaix.fr/ark:/20179/KH62146
010    $a 2-253-04758-9 $b br. $d 27 F
020    $a FR $b 08904949
033    $a http://catalogue.bnf.fr/ark:/12148/cb349880540
035    $a FRBNF349880540000001
039    $o OPL $a 006562341
090    $a 62146
091    $b 20240508 $c 1 $a 2
099    $t LI $c 2014-06-30 $d 2024-05-08 $x 5
100    $a 19881222d1988    m  y0frey50      ba
101 0  $a fre
102    $a FR
105    $a ||||z   00|a|
106    $a r
181  0 $6 01 $a i  $b xxxe  
181    $6 02 $c txt $2 rdacontent
182  0 $6 01 $a n
182    $6 02 $c n $2 rdamedia
200 1  $a Histoires piégées $b Texte imprimé $f [présentées par] Alfred Hitchcock...
210    $a Paris $c Librairie générale française $d 1988 $e 72-La Flèche $g Impr. Brodard et Taupin
215    $a 319 p. $c couv. ill. en coul. $d 17 cm
225    $a Le Livre de poche $v 3005
339    $a m
410  0 $0 34228560 $t Le Livre de poche $x 0248-3653 $v 3005 bis
686    $a 823 $2 Cadre de classement de la Bibliographie nationale française
702    $3 11907571 $9 2541 $o ISNI0000000121318219 $a Hitchcock $b Alfred $f 1899-1980 $4 340
801  0 $a FR $b FR-751131015 $c 19881222 $g AFNOR $h FRBNF349880540000001 $2 intermrc
999    $a FRBNF349880540000001
995    $0 0 $2 0 $4 0 $5 2005-03-23 $9 70569 $P 3.05 $b MED $c MED $e MED3E $f C0002301101 $h AZZMAZZ $k Mag. in - 8/46 486 $o 0 $p 3.05 $r PRETLIV $s MAG___IN__8_460000000000000_486 $w 43 $y 2020-03-06

