01100nam a2200265   4500
001 62323
003 http://www.mediathequederoubaix.fr/ark:/20179/KH62323
005 20180320140825.0
033    $a http://catalogue.bnf.fr/ark:/12148/cb30381986t
035 00 $a HZ_RBX112552
090    $a 62323
091    $a 0
099    $t LI $c 2014-06-30 $d 2014-06-30 $x 0
100    $a 19       1754    k  y0frey5003    ba
101    $a fre
200    $a Histoire des conjurations, conspirations et révolutions célèbres, tant anciennes que modernes. Par M. Du Port Du Tertre $h Tome troisième
210    $a A Paris $c Chez Duchesne $d 1754
215    $a [2]-424-[4] p. $d 17 cm (12)̊
310    $a Rel. veau brun, dos à 5 nerfs
339    $a m
606 0  $9 245203 $a Conspirations $x Histoire
700 0  $9 172942 $a Duport Du Tertre $b François-Joachim
801  0 $a FR $b 595126101 $c 20070829 $g AFNOR
930    $5 595126101:C0001874151 $b 595126101 $a MAG L/P 8/108 778 $e Fonds patrimonial
995    $0 0 $2 0 $4 0 $5 2005-03-23 $9 70778 $b MED $c MED $e MED3I $f C0001874151 $h PPEFGZZ $k MAG L/P 8/108 778 $o 2 $r PRETLIV $s MAG_LP_8108_778000000000000 $w 0 $y 2014-06-30

