01222nam a2200289   4500
001 62517
003 http://www.mediathequederoubaix.fr/ark:/20179/KH62517
005 20220913032045.0
035 00 $a HZ_RBX112861
090    $a 62517
091    $a 0
099    $t LI $c 2014-06-30 $d 2022-09-13 $x 0
100    $a 19       1969    k  y0frey5003    ba
101    $a fre
200    $a Histoire générale des techniques $h 1 $i Des origines au XVe siècle $f C. de La Calle, E.-M. Castagnol, G. Contenau...[etal.] $g publ. sous la dir. de Maurice Daumas
210    $a Paris $c PUF $d 1969
215    $a 884 p. $c ill. , couv. ill. en coul. $d 24 cm
320    $a Bibliogr. Index
339    $a m
606 0  $7 ba0yba0y $8 fre    $a Technique $x Histoire $2 rameau
700 0  $9 172994 $a La Calle $b C. de
701 0  $9 172995 $a Castagnol $b E.-M.
702    $7 ba0yba0y $8 fre    $a Daumas $b Maurice $f 1948-2022 $4 340 $9 23028
701 0  $9 60647 $7 ba0yba0y $8 fre    $a Contenau $b Georges $f 1877-1964
801  0 $a FR $b 595126101 $c 20070903 $g AFNOR
930    $5 595126101:C0002212603 $b 595126101 $a MAG L/P 8/108 838 $e Fonds patrimonial
995    $0 0 $2 0 $4 0 $5 2005-03-23 $9 71033 $b MED $c MED $e MED3I $f C0002212603 $h PPEFGZZ $k MAG L/P 8/108 838 $o 2 $r PRETLIV $s MAG_LP_8108_838000000000000 $w 0 $y 2014-06-30

