01187nam a2200289   4500
001 62678
003 http://www.mediathequederoubaix.fr/ark:/20179/KH62678
005 20220511064901.0
010    $a 2-85036-002-3
033    $a http://catalogue.bnf.fr/ark:/12148/cb342938691
035 00 $a HZ_RBX113141
090    $a 62678
091    $a 0
099    $t LI $c 2014-06-30 $d 2022-05-11 $x 0
100    $a 19       1976    k  y0frey5003    ba
101    $a fre
200    $a Dictionnaire universel de la peinture $h 5 $i Mon-Rou $f sous la dir. de Robert Maillard
210    $a Paris $c S.N.L. Dictionnaires Robert $d 1976
215    $a 499 p. $c ill. en coul., couv. ill. en coul. $d 29 cm
225 0  $a Dictionnaire universel de la peinture $v 5
339    $a m
410    $t Dictionnaire universel de la peinture $v 5
606 0  $a Peinture $x Dictionnaires $2 rameau
702    $7 ba0yba0y $8 fre    $a Maillard $b Robert $f 1924-2011 $4 340 $9 28511
801  0 $a FR $b 595126101 $c 20070829 $g AFNOR
930    $5 595126101:C0002214922 $b 595126101 $a MAG L/P 4/207 852 $e Fonds patrimonial
995    $0 0 $2 0 $4 0 $5 2005-03-23 $9 71212 $b MED $c MED $e MED3J $f C0002214922 $h PPEFGZZ $k MAG L/P 4/207 852 $o 2 $r PRETLIV $s MAG_LP_4207_852000000000000 $w 0 $y 2014-06-30

