01086nam a2200277   4500
001 62793
003 http://www.mediathequederoubaix.fr/ark:/20179/KH62793
005 20190411041929.0
035 00 $a HZ_RBX113306
090    $a 62793
091    $a 0
099    $t LI $c 2014-06-30 $d 2014-06-30 $x 0
100    $a 19       1973    k  y0frey5003    ba
101    $a fre
200    $a Dictionnaire analogique de la chasse historique et contemporaine $f Pierre-Louis Duchartre $g préf. du duc de Brissac
210    $a Paris $c Chêne $d 1973
215    $a 575 p. $c ill. en noir et en coul. $d 30 cm
310    $a Cartonnage d'éditeur
320    $a Index
339    $a m
606 0  $a Chasse $x Dictionnaires $2 rameau
702 0  $9 173098 $4 080 $a Brissac $c duc de
700 0  $7 ba0yba0y $8 fre    $a Duchartre $b Pierre-Louis $f 1894-1983 $9 60977
801  0 $a FR $b 595126101 $c 20070829 $g AFNOR
930    $5 595126101:C0002220096 $b 595126101 $a MAG L/P 4/207 880 $e Fonds patrimonial
995    $0 0 $2 0 $4 0 $5 2005-03-23 $9 71348 $b MED $c MED $e MED3J $f C0002220096 $h PPEFGZZ $k MAG L/P 4/207 880 $o 2 $r PRETLIV $s MAG_LP_4207_880000000000000 $w 0 $y 2014-06-30

