01159ncm a2200301   4500
001 62937
003 http://www.mediathequederoubaix.fr/ark:/20179/KH62937
005 20220912071454.0
035 00 $a HZ_RBX113589
071 0  $a 278 $b E.M.
090    $a 62937
091    $a 0
099    $t PA $c 2014-06-30 $d 2022-09-12 $x 0
100    $a 19               k  y0frey5003    ba
101    $a fre
200    $a Elle et lui $b Musique imprimée $f musique de Alix Combelle $g paroles de Louis Gasté $g Raymond Legrand, orch.
210    $a Paris $c Ed. Micro $d [ca 194-?]
215    $a 1 partition ([2] f.) $d 27 cm
300    $a Don de M. Hibon
339    $a m
702    $9 171633 $4 320 $a Hibon $b Francis
710 0  $9 128345 $a Orchestre Raymond Legrand
701    $7 ba0yba0y $8 fre    $a Gasté $b Loulou $f 1908-1995 $4 520 $9 766
700    $7 ba0yba0y $8 fre    $a Combelle $b Alix $f 1912-1978 $4 230 $9 9494
801  0 $a FR $b 595126101 $c 20051114 $g AFNOR
930    $5 595126101:C0002173558 $b 595126101 $a BR 4/885 $e Fonds patrimonial
317    $a Collection Francis Hibon
995    $0 0 $2 0 $4 0 $5 2005-03-23 $9 71505 $b MED $c MED $e MED3N $f C0002173558 $h PPEPMZZ $k BR 4/885 $o 2 $r PRETLIV $s BR_4885_000000000000000 $w 0 $y 2014-06-30

