01451ncm a2200337   4500
001 63087
003 http://www.mediathequederoubaix.fr/ark:/20179/KH63087
005 20220714053427.0
035 00 $a HZ_RBX113779
071 0  $a 108 $b CAL
090    $a 63087
091    $a 0
099    $t PA $c 2014-06-30 $d 2022-07-14 $x 0
100    $a 19       1939    k  y0frey5003    ba
101    $a fre
200    $a Hawaï, paradis du monde $b Musique imprimée $d Eine Insel aus Träumen geboren $e du film "Fille d'Eve" $f musique de Peter Kreuder et F. Schröder $g paroles de Henry Lemarchand et R. Chamfleury $g Claude Daltys, interpr.
210    $a Paris $c Ed. Continental $d [ca 1939]
215    $a 1 partition ([2] f.) $d 27 cm
300    $a Don de M. Hibon
300    $a Cachet de Robert Desbonnet de Roubaix
339    $a m
606    $a Musique de film $x Partitions $2 rameau
701 0  $9 172688 $4 230 $a Schröder $b F.
701 0  $9 286739 $a Lemarchand $b Henry $f 19..-.... $c accordéoniste $4 520
701    $4 520 $7 ba0yba0y $8 fre    $a Champfleury $b Robert $f 1900-1972 $9 100160
702 0  $9 160956 $a Daltys $b Claude
702    $9 171633 $4 320 $a Hibon $b Francis
701    $7 ba0yba0y $8 fre    $a Kreuder $b Peter $f 1905-1981 $4 230 $9 107874
801  0 $a FR $b 595126101 $c 20070829 $g AFNOR
930    $5 595126101:C0002222917 $b 595126101 $a BR 4/965 $e Fonds patrimonial
995    $0 0 $2 0 $4 0 $5 2005-03-23 $9 71659 $b MED $c MED $e MED3N $f C0002222917 $h PPEPMZZ $k BR 4/965 $o 2 $r PRETLIV $s BR_4965_000000000000000 $w 0 $y 2014-06-30

