00804na  a2200241   4500
001 63264
003 http://www.mediathequederoubaix.fr/ark:/20179/KH63264
005 20240508065404.0
010    $a 2-290-01318-8 $d 4.73 EUR.
035 00 $a HZ_RBX114051
090    $a 63264
091    $a 2 $b 20240508 $c 0
099    $t LI $c 2014-06-30 $d 2024-05-08 $x 9
100    $a 19       1998    k  y0frey5003    ba
101    $a fre
200    $a Viou $f Henri Troyat,...
210    $c Éd. J'ai Lu $a Paris $d 1998
225 0  $a J'ai lu $v 1318
339    $a m
410    $t J'ai lu $v 1318
700    $7 ba0yba0y $8 fre    $a Troyat $b Henri $f 1911-2007 $3 11927164 $c pseud. $9 124
801  0 $a FR $b 595126101 $c 20050323 $g AFNOR
995    $0 0 $2 0 $4 0 $5 2005-03-23 $9 71843 $P 2.90 $b MED $c MED $e MED1A $f C0002577613 $h ALTROZZ $k R/TRO $o 0 $p 2.90 $r PRETLIV $s RTRO $w 40 $y 2023-11-28

