01587nam a2200361   4500
001 63419
003 http://www.mediathequederoubaix.fr/ark:/20179/KH63419
005 20220511070154.0
035 00 $a HZ_RBX114261
090    $a 63419
091    $a 0
099    $t LI $c 2014-06-30 $d 2022-05-11 $x 0
100    $a 19       1850    k  y0frey5003    ba
101    $a fre
200    $a Guide de la ville de Lille $f par Henri Bruneel
210    $a Lille $c Librairie ancienne et moderne de Vanackère $d 1850
215    $a XII-275 p. $d 18 cm
300    $a Annotations ms.
300    $a Cachet Archives de Roubaix (Ex. Mag. L/P 8-108 960)
300    $a Bibliothèque d'Albert Dupuis (Ex. Mag L/P 8-113 847)
300    $a Etiquette impr. "A. Arnold, relieur, Lille (Ex. L/P 8- 113 847)
307    $a Contient un dépl.: plan de Lille (Ex. L/P 8-113 847)
307    $a les pages 75 à 82 sont manquantes (Ex. L/P 8-108 960)
320    $a Bibliogr.
339    $a m
607    $9 141909 $a Lille (Nord) $x Guides
700 0  $9 280811 $a Bruneel $b Henri $f 1807-1858
702 0  $9 169333 $4 110 $a Arnold $b A.
702    $7 ba0yba0y $8 fre    $a Dupuis $b Albert $f 1817-1885 $4 390 $9 285114
801  0 $a FR $b 595126101 $c 20070928 $g AFNOR
930    $5 595126101:C0002224561 $b 595126101 $a MAG L/P 8/108 960 $e Fonds patrimonial
995    $0 0 $2 0 $4 0 $5 2005-03-23 $9 72004 $b MED $c MED $e MED3I $f C0003650993 $h PPEFGZZ $k MAG L/P 8/113 847 $o 2 $r PRETLIV $s MAG_LP_8113_847000000000000 $w 0 $y 2014-06-30
995    $0 0 $2 0 $4 0 $5 2005-03-23 $9 72005 $b MED $c MED $e MED3I $f C0002224561 $h PPEFGZZ $k MAG L/P 8/108 960 $o 2 $r PRETLIV $s MAG_LP_8108_960000000000000 $w 0 $y 2014-06-30

