01499na  a2200313   4500
001 63617
003 http://www.mediathequederoubaix.fr/ark:/20179/KH63617
005 20190703212003.0
010    $a 2-9512285-0-3
033    $a http://catalogue.bnf.fr/ark:/12148/cb36987653b
035 00 $a HZ_RBX114575
090    $a 63617
091    $a 0
099    $t LI $c 2014-06-30 $d 2014-06-30 $x 2
100    $a 19       1998    k  y0frey5003    ba
101    $a fre
200    $a "Le régiment de Roubaix-Tourcoing" $e historique de la Campagne 1939-1940 du 100ème régiment d'infanterie $f Marcel Malfait
210    $a Neuville en Ferrain (Nord) $c M. Malfait $d 1998
215    $a 155 p. $c ill., couv. ill. $d 21 cm
320    $a Bibliogr.
339    $a m
601 0  $9 128393 $a France $b Armée $b Régiment d'infanterie (100e)
606 0  $9 245403 $a Normandie, Bataille de (1944) $x Objets de collections
606 0  $9 245404 $a Guerre mondiale (1939-1945) $x Histoire des unités $y France $y Lille (Nord ; agglomération)
700 0  $9 282982 $a Malfait $b Marcel $4 650
801  0 $a FR $b 595126101 $c 20070829 $g AFNOR
930    $5 595126101:C0002611857 $b 595126101 $a FR/944.081 6 MAL $e Fonds régional de prêt
995    $0 0 $2 0 $4 0 $5 2005-03-23 $9 72209 $P 12.20 $b MED $c MED $e MED3I $f C0002214477 $h PPEFGZZ $k MAG L/P 8/109 318 $o 2 $p 12.20 $r PRETLIV $s MAG_LP_8109_318000000000000 $w 0 $y 2014-06-30
995    $0 0 $2 0 $4 0 $5 2005-03-23 $9 72210 $P 12.20 $b MED $c MED $e MED0C $f C0002611857 $h PRRRGZZ $k FR/944.081 6 MAL $o 0 $p 12.20 $r PRETLIV $s FR_944_081000000000000_6_MAL $w 8 $y 2019-07-23

