01524nam a2200385   4500
001 63904
003 http://www.mediathequederoubaix.fr/ark:/20179/KH63904
033    $a http://catalogue.bnf.fr/ark:/12148/cb37402978x
035    $a FRBNF374029780000008
039    $o GEA $a 001144473
090    $a 63904
091    $a 2 $b 20240508 $c 1
099    $t LI $c 2014-06-30 $d 2024-05-08 $x 2
100    $a 19931108d1976    m  y0frey50      ba
101 1  $a fre $c ger
102    $a FR
105    $a ||||z   00|||
106    $a r
181  0 $6 01 $a i  $b xxxe  
181    $6 02 $c txt $2 rdacontent
182  0 $6 01 $a n
182    $6 02 $c n $2 rdamedia
200 1  $a Poèmes $b Texte imprimé $h 1 $i 1918-1929 $f Bertolt Brecht
210    $a Paris $c l'Arche $d 1976
215    $a 198 p. $d 18 cm
300    $a Réunit : "Sermons domestiques de Bertolt Brecht" ; "Extraits d'un manuel pour habitants des villes" ; "Histoires de la révolution"
327    $a Sermons domestiques de Bertold Brecht $a Extraits d'un manuel pour habitants des villes $a Histoires de la Révolution
339    $a m
454  1 $t Gedichte 1
501 1  $a Oeuvres choisies $m français $k 1976
676    $a 831.91 $v 23
700    $3 11893857 $9 6431 $o ISNI0000000121178009 $a Brecht $b Bertolt $f 1898-1956 $4 070
801  0 $a FR $b FR-751131015 $c 19931108 $g AFNOR $h FRBNF374029780000008 $2 intermrc
999    $a FRBNF374029780000008
995    $0 0 $2 0 $4 0 $5 2005-03-24 $9 72510 $P 12.96 $b MED $c MED $e MED3E $f C0002611865 $h ALTPOZZ $k Mag 8/46 395 $o 0 $p 12.96 $r PRETLIV $s MAG_8_460000000000000_395 $w 5 $y 2018-07-26 $7  $8  $A  $m  $z 

