01333nam a2200373   4500
001 64061
003 http://www.mediathequederoubaix.fr/ark:/20179/KH64061
010    $a 2-246-49351-X $b br. $d 138 F
020    $a FR $b 09836521
033    $a http://catalogue.bnf.fr/ark:/12148/cb36709300d
035    $a FRBNF367093000000000
039    $o OPL $a 023781412
090    $a 64061
091    $b 20240509 $c 1 $a 2
099    $t LI $c 2014-06-30 $d 2024-05-09 $x 4
100    $a 19980903d1998    m  y0frey50      ba
101 0  $a fre
102    $a FR
105    $a ||||z   00|a|
106    $a r
181  0 $6 01 $a i  $b xxxe  
181    $6 02 $c txt $2 rdacontent
182  0 $6 01 $a n
182    $6 02 $c n $2 rdamedia
200 1  $a Le loup mongol $b Texte imprimé $e roman $f Homéric
210    $a Paris $c B. Grasset $d 1998 $e 27-Mesnil-sur-l'Estrée $g Impr. Firmin-Didot
215    $a 454 p. $c cartes $d 23 cm
300    $a Bibliogr. p. 451-452
339    $a m
686    $a 823 $2 Cadre de classement de la Bibliographie nationale française
700    $3 12113628 $9 46260 $o ISNI0000000115930321 $a Homéric $f 1954-.... $4 070
801  0 $a FR $b FR-751131015 $c 19980903 $g AFNOR $h FRBNF367093000000000 $2 intermrc
999    $a FRBNF367093000000000
995    $0 0 $2 0 $4 0 $5 2005-03-24 $9 72680 $P 16.83 $b MED $c MED $e MED1A $f C0002614130 $h ALTROZZ $k R/HOM $o 0 $p 16.83 $r PRETLIV $s R_HOM $w 25 $y 2022-11-16

