01045nam a2200265   4500
001 64220
003 http://www.mediathequederoubaix.fr/ark:/20179/KH64220
005 20160125023944.0
035 00 $a HZ_RBX115441
090    $a 64220
091    $a 0
099    $t LI $c 2014-06-30 $d 2014-06-30 $x 0
100    $a 19       1843    k  y0frey5003    ba
101    $a fre
200    $a Percival Keene $h Tome second $f par le Capitaine Marryat $g trad. de l'anglais par A.-J.-B. Defauconpret
210    $a Paris $c C. Gosselin $d 1843
215    $a 330 p. $d 21 cm
225 0  $a Oeuvres complètes du Capitaine Marryat
339    $a m
410    $t Oeuvres complètes du Capitaine Marryat
700 0  $9 153198 $a Marryat $b Frédérick
702 0  $9 173593 $4 730 $a Defauconpret $b Auguste Jean Baptiste
801  0 $a FR $b 595126101 $c 20051114 $g AFNOR
930    $5 595126101:C0002221199 $b 595126101 $a MAG L/P 8/109 092 $e Fonds patrimonial
995    $0 0 $2 0 $4 0 $5 2005-03-24 $9 72853 $b MED $c MED $e MED3I $f C0002221199 $h PPEFGZZ $k MAG L/P 8/109 092 $o 2 $r PRETLIV $s MAG_LP_8109_092000000000000 $w 0 $y 2014-06-30

