01205nj  a2200277   4500
001 64404
003 http://www.mediathequederoubaix.fr/ark:/20179/KH64404
005 20240509061447.0
035 00 $a HZ_RBX115718
071 0  $b AIM Records $a 2009 CD
090    $a 64404
091    $a 1 $b 20240509 $c 0
099    $t DC $c 2014-06-30 $d 2024-05-09 $x 2
100    $a 19       1996    k  y0frey5003    ba
101    $a fre
200    $a Knock on wood $b Enr. sonore $e Best of $f Eddie Floyd
210    $d Cop. 1996
215    $a 1 d.c.
327    $a California girl $a Knock on wood $a Bring it on home to me $a Mr. Blue $a When I'm with you $a On a saturday night $a Got to make a comeback $a I've never found a girl : to love me like you do $a I've got a reason to smile $a Raise your hand
339    $a m
606    $a Rhythm and blues $y Etats-Unis $x Disques $2 rameau
606    $7 ba0yba0y $8 fre    $3 11933300 $9 225 $a Soul music $x Disques $y Etats-Unis $2 rameau
679    $a 180
700    $7 ba0yba0y $8 fre    $a Floyd $b Eddie $f 1935-.... $3 13893988 $9 8978
801  0 $a FR $b 595126101 $c 20070829 $g AFNOR
995    $0 0 $2 0 $4 0 $5 2005-03-24 $9 73044 $P 18.19 $b MED $c MED $e MED3C $f C0002539330 $h AMV14ZZ $k DC/180 FLO $o 0 $p 18.19 $r PRETSON $s DC_180_000000000000000_FLO $w 69 $y 2021-06-05

