01093nam a2200289   4500
001 64605
003 http://www.mediathequederoubaix.fr/ark:/20179/KH64605
005 20220927023303.0
035 00 $a HZ_RBX116029
090    $a 64605
091    $a 0
099    $t LI $c 2014-06-30 $d 2022-09-27 $x 0
100    $a 19       1959    k  y0frey5003    ba
101    $a fre
200    $a Le monde de Tintin $f Pol Vandromme $g ill. de Hergé
210    $a Paris $c Gallimard $d 1959
215    $a 286 p. $c ill., couv. ill. $d 21 cm
225 1  $a L'Air du temps
339    $a m
410    $t L'Air du temps
600    $a Hergé $f 1907-1983 $x Personnages $2 rameau
712 0  $9 123140 $a Editions Gallimard $c Paris
702    $7 ba0yba0y $8 fre    $a Hergé $f 1907-1983 $4 440 $c pseud. $9 830
700    $7 ba0yba0y $8 fre    $a Vandromme $b Pol $f 1927-2009 $9 13569
801  0 $a FR $b 595126101 $c 20070829 $g AFNOR
930    $5 595126101:C0002617510 $b 595126101 $a MAG L/P 8/109 211 $e Fonds patrimonial
995    $0 0 $2 0 $4 0 $5 2005-03-24 $9 73278 $b MED $c MED $e MED3I $f C0002617510 $h PPEFGZZ $k MAG L/P 8/109 211 $o 2 $r PRETLIV $s MAG_LP_8109_211000000000000 $w 0 $y 2014-06-30

