00855na  a2200265   4500
001 64784
003 http://www.mediathequederoubaix.fr/ark:/20179/KH64784
005 20240514044330.0
010    $a 2-7434-0000-5
035 00 $a HZ_RBX116310
090    $a 64784
091    $a 2 $b 20240514 $c 0
099    $t LI $c 2014-06-30 $d 2024-05-14 $x 8
100    $a 19       1993    k  y0frey5003    ba
101    $a fre
200    $a Fables $f La Fontaine
210    $c [s.n.] $d 1993
225 0  $a Grands textes classiques
339    $a m
410    $t Grands textes classiques
676    $a 841
700    $7 ba0yba0y $8 fre    $a La Fontaine $b Jean de $f 1621-1695 $3 11910267 $9 2851
712 0  $a Profrance $c Paris
801  0 $a FR $b 595126101 $c 20110301 $g AFNOR
995    $0 0 $2 0 $4 0 $5 2005-03-24 $9 73492 $P 11.00 $b MED $c MED $e MED1A $f C0002046117 $h ALTPOZZ $k P/LAF $o 0 $p 11.00 $r PRETLIV $s P_LAF $w 56 $y 2021-08-06

