01984nam a2200457   4500
001 64956
003 http://www.mediathequederoubaix.fr/ark:/20179/KH64956
010    $a 2-84260-026-6 $b br. $d 130 F
020    $a FR $b 09907727
033    $a http://catalogue.bnf.fr/ark:/12148/cb369984506
035    $a FRBNF369984500000001
039    $o OPL $a 024033208
090    $a 64956
091    $b 20240509 $c 1 $a 2
099    $t LI $c 2014-06-30 $d 2024-05-09 $x 0
100    $a 19981207d1998    m  y0frey50      ba
101 1  $a fre $c spa
102    $a FR
105    $a a   z   00|a|
106    $a r
181  0 $6 01 $a i  $b xxxe   $a b  $b xb2e  
181    $6 02 $c txt $c sti $2 rdacontent
182  0 $6 01 $a n
182    $6 02 $c n $2 rdamedia
200 1  $a La savetière prodigieuse $b Texte imprimé $a Mademoiselle Rose ou Le langage des fleurs $f Federico García Lorca $g trad. de Carlos Pradal et Jean-Jacques Préau
210    $a Paris $c Éd. théâtrales $a [Montpellier] $c Maison Antoine Vitez $d 1998 $e 14-Condé-sur-Noireau $g Impr. Corlet
215    $a 126 p. $c ill., couv. ill. $d 21 cm
225    $a [Des classiques]
300    $a Trad. de : "La zapatera prodigiosa" ; "Doña Rosita la soltera"
300    $a Contient un choix de documents
300    $a Bibliogr. française p. 125-126
339    $a m
410  0 $0 34290981 $t Des Classiques (Paris. 1996) $x 1950-2303 $d 1998
454  0 $t La zapatera prodigiosa
686    $a 822 $2 Cadre de classement de la Bibliographie nationale française
700    $3 11904091 $9 12487 $o ISNI0000000122781811 $a García Lorca $b Federico $f 1898-1936 $4 070
702    $3 11920525 $9 46606 $o ISNI0000000034637895 $a Pradal $b Carlos $f 1932-1988 $4 730
702    $3 12188380 $9 32128 $o ISNI0000000059287684 $a Préau $b Jean-Jacques $f 1950?-1997 $4 730
801  0 $a FR $b FR-751131015 $c 19981207 $g AFNOR $h FRBNF369984500000001 $2 intermrc
999    $a FRBNF369984500000001
995    $0 0 $2 0 $4 0 $5 2005-03-24 $9 73725 $P 15.85 $b MED $c MED $e MED1A $f C0002233497 $h AMVTHTX $k T/GAR $o 0 $p 15.85 $r PRETLIV $s TGAR $w 5 $y 2008-07-18

