02022cam a2200481   4500
001 65136
003 http://www.mediathequederoubaix.fr/ark:/20179/KH65136
010    $a 2-264-00552-1 $b Br. $d 32 F
020    $a FR $b 08400623
033    $a http://catalogue.bnf.fr/ark:/12148/cb34723839h
035    $a FRBNF347238390000009
039    $o OPL $a 001996017
039    $o OPP $a 37495706 $d 20201105
090    $a 65136
091    $b 20240509 $c 1 $a 2
099    $t LI $c 2014-06-30 $d 2024-05-09 $x 14
100    $a 19831209d1983    m  y0frey50      ba
101 1  $a fre $c eng
102    $a FR
105    $a ||||z   00|a|
106    $a r
181  0 $6 01 $a i  $b xxxe  
181    $6 02 $c txt $2 rdacontent
182  0 $6 01 $a n
182    $6 02 $c n $2 rdamedia
200 1  $a Les beaux mariages $b Texte imprimé $f par Edith Wharton $g traduit de l'américain par Suzanne Mayoux $g introduction de Marilyn French...
210    $a Paris $c Union générale d'éditions $d 1983 $e impr. en Suède
215    $a XXVII-419 p. $c couv. ill. en coul. $d 18 cm
225    $a 10-18 $i Domaine étranger
308    $a Collection principale : 10-18. Numérotation dans la collection principale : 1584
339    $a m
410  0 $0 34227635 $t 10-18 $x 0240-2300 $v 1584
410  0 $0 34228544 $t 10-18. Série Domaine étranger $x 0248-3424 $d 1983
454  1 $t The custom of the country
500 11 $3 13567884 $9 320911 $a The custom of the country $m français $2 lien automatique
676    $a 813.52 $v 23
686    $a 83 $2 Cadre de classement de la Bibliographie nationale française
700    $3 11929115 $9 8123 $o ISNI000000012122241X $a Wharton $b Edith $f 1862-1937 $4 070
702    $3 11915358 $9 2693 $o ISNI0000000073599000 $a Mayoux $b Suzanne V. $4 730
702    $3 11903557 $9 8124 $o ISNI0000000114948204 $a French $b Marilyn $f 1929-2009 $4 080
801  0 $a FR $b FR-751131015 $c 19831209 $g AFNOR $h FRBNF347238390000009 $2 intermrc
999    $a FRBNF347238390000009
995    $0 0 $2 0 $4 0 $5 2005-03-24 $9 73953 $P 4.57 $b MED $c MED $e MED1A $f C0002584068 $h ALTROZZ $k R/WHA $o 0 $p 4.57 $r PRETLIV $s R_WHA $w 33 $y 2024-03-22

