01872cam a2200397   4500
001 65338
003 http://www.mediathequederoubaix.fr/ark:/20179/KH65338
010    $a 2-85088-141-4 $b rel. sous coffret $d 2200 F
020    $a FR $b 09916340
033    $a http://catalogue.bnf.fr/ark:/12148/cb37003555q
035    $a FRBNF370035550000005
039    $o OPL $a 024152575
090    $a 65338
091    $b 20240509 $c 1 $a 2
099    $t LI $c 2014-06-30 $d 2024-05-09 $x 0
100    $a 19990125d1998    m  y0frey50      ba
101 1  $a fre $c heb $c grc
102    $a FR
105    $a a   z   00|||
106    $a r
181  0 $6 01 $a i  $b xxxe   $a b  $b xb2e  
181    $6 02 $c txt $c sti $2 rdacontent
182  0 $6 01 $a n
182    $6 02 $c n $2 rdamedia
200 1  $a La Bible $b Texte imprimé $e texte de la Bible de Jérusalem $e enluminures du VIe au XIIe siècle $f programme iconographique conçu par Gabrielle Sed-Rajna,...
210    $a [Paris] $c Éd. Citadelles et Mazenod $d 1998 $e 37-Tours $g Impr. Mame
215    $a 2 vol. (1096, 449 p.) $c ill. en coul., cartes $d 31 cm $e 1 fasc. de 15 p.
339    $a m
493    $1 La Bible : texte de la Bible de Jérusalem : enluminures du VIe au XIIe siècle / programme iconographique conçu par Gabrielle Sed-Rajna,... . $1 Citadelles : Mazenod : Ed. du Cerf , 1998 .
500 11 $3 12008248 $9 25093 $a Bible $m français $k 1998
605    $3 12008248 $9 25093 $a Bible $3 11975832 $9 20159 $x Illustrations $2 rameau
686    $a 2 $2 Cadre de classement de la Bibliographie nationale française
702    $3 11924274 $9 267624 $o ISNI0000000110269538 $a Sed-Rajna $b Gabrielle $f 1927-2008 $4 570
801  0 $a FR $b FR-751131015 $c 19990125 $g AFNOR $h FRBNF370035550000005 $2 intermrc
999    $a FRBNF370035550000005
995    $0 0 $2 0 $4 0 $5 2005-03-24 $9 74182 $P 335.39 $b MED $c MED $e MED3F $f C0002233895 $h ACFREZZ $k Mag. in-4/7 144 $o 0 $p 335.39 $r PRETLIV $s MAG___IN4_7_144000000000000 $w 1 $y 2014-06-30

