02374ncm a2200505   4500
001 65481
003 http://www.mediathequederoubaix.fr/ark:/20179/KH65481
005 20220927021912.0
035 00 $a HZ_RBX117308
071 0  $a 328 $b E.V.
071 0  $a 2672 $b R.B.
090    $a 65481
091    $a 0
099    $t PA $c 2014-06-30 $d 2022-09-27 $x 0
100    $a 19       1953    k  y0frey5003    ba
101    $a fre
200    $a Yo no se que sera $b Musique imprimée $e mambo $f lettra y musica Ruben Calzado $g Xavier Cugat, Eddie Warner, Henri Leca,... [et al.], interpr. $g Rico's créole band, orch. $c Viens $e boléro $f musique de Gilbert Bécaud $g paroles de Charles Aznavour $g arrangement de Yvon Alain $g Jacques Pills, Gilbert Bécaud, Paulette Rollin,... [et al.], interpr.
210    $a New-York $a Paris $c France music $c Ed. R. Breton $d cop. 1953
215    $a 10 parties (pagination multiple [20] f.) $d 27 cm
300    $a Don de M. Hibon
307    $a Parties : cb, fl., p, vl, saxo, saxo, saxo, trp, trb, acrdn
339    $a m
606    $a Mambo (danse) $x Parties $2 rameau
606    $a Boléros (musique) $x Parties $2 rameau
701    $4 230 $7 ba0yba0y $8 fre    $a Calzado $b Rubén $9 21713
701    $7 ba0yba0y $8 fre    $a Aznavour $b Charles $f 1924-2018 $4 520 $9 280462
701 0  $9 286683 $a Alain $b Yvon $f 19..?-1961 $4 030
701    $4 230 $7 ba0yba0y $8 fre    $a Bécaud $b Gilbert $f 1927-2001 $9 3939
702 0  $9 286751 $a Warner $b Eddie $f 1917-1982
702 0  $9 172499 $a Leca $b Henri
702    $7 ba0yba0y $8 fre    $a Calzado $b Rubén $9 21713
702 0  $9 171457 $a Rollin $b Paulette
702 0  $9 174039 $a Darmont $b Marie
702    $7 ba0yba0y $8 fre    $a Aznavour $b Charles $f 1924-2018 $9 280462
702 0  $9 282932 $a Stern $b Emil $f 1913-1997
702 0  $9 286683 $a Alain $b Yvon $f 19..?-1961
702    $9 171633 $4 320 $a Hibon $b Francis
702    $7 ba0yba0y $8 fre    $a Bécaud $b Gilbert $f 1927-2001 $9 3939
710 0  $9 125221 $a Rico's Creole Band
702    $7 ba0yba0y $8 fre    $a Pills $b Jacques $f 1910-1970 $9 4224
702 0  $7 ba0yba0y $8 fre    $a Chiboust $b Noël $f 1909-1994 $9 51808
702    $7 ba0yba0y $8 fre    $a Cugat $b Xavier $f 1900-1990 $9 17833
801  0 $a FR $b 595126101 $c 20070829 $g AFNOR
930    $5 595126101:C0002470659 $b 595126101 $a BR 4/1064 $e Fonds patrimonial
995    $0 0 $2 0 $4 0 $5 2005-03-24 $9 74346 $b MED $c MED $e MED3N $f C0002470659 $h PPEPMZZ $k BR 4/1064 $o 2 $r PRETLIV $s BR_41064_000000000000000 $w 0 $y 2014-06-30

