00957na  a2200229   4500
001 65615
003 http://www.mediathequederoubaix.fr/ark:/20179/KH65615
005 20240509062220.0
035 00 $a HZ_RBX117476
090    $a 65615
091    $a 2 $b 20240509 $c 0
099    $t LI $c 2014-06-30 $d 2024-05-09 $x 0
100    $a 19       1968    k  y0frey5003    ba
101    $a fre
200    $a Le Mendiant de Jérusalem $e récit $f Elie Wiesel
210    $a Paris $c Ed. du Seuil $d 1968
215    $a 187 p. $d 20 cm
339    $a m
700    $7 ba0yba0y $8 fre    $a Wiesel $b Élie $f 1928-2016 $3 11929172 $9 8131
801  0 $a FR $b 595126101 $c 20100827 $g AFNOR
995    $0 0 $2 0 $4 0 $5 2005-03-24 $9 74495 $P 24.00 $b MED $c MED $e MED3E $f C0002495316 $h ALTROZZ $k Mag. in-8/32 796 $o 0 $p 24.00 $r PRETLIV $s MAG___IN8_32_796000000000000 $w 0 $y 2014-06-30
995    $0 0 $2 0 $4 0 $5 2005-03-24 $9 74496 $P 24.00 $b MED $c MED $e MED3E $f C0002656221 $h ALTROZZ $k Mag. in-8/28 362 $o 0 $p 24.00 $r PRETLIV $s MAG___IN8_28_362000000000000 $w 1 $y 2014-06-30

