01256nam a2200313   4500
001 65759
003 http://www.mediathequederoubaix.fr/ark:/20179/KH65759
005 20180720094004.0
010    $a 2-7427-1257-7
033    $a http://catalogue.bnf.fr/ark:/12148/cb37174983x
035 00 $a HZ_RBX117675
090    $a 65759
091    $a 0
099    $t LI $c 2014-06-30 $d 2014-06-30 $x 0
100    $a 19       1997    k  y0frey5003    ba
101    $a fre
200    $a Cap Gris-Nez et cap Blanc-Nez $f Benoît Lobez $g ill. d'Alan Johnston
210    $a Arles $c Actes Sud $c Ed. locales de France $a Paris $d 1997
215    $a 47 p. $c ill., couv. ill. en coul. $d 19 cm
225    $a Conservatoire du littoral
339    $a m
410    $t Conservatoire du littoral
607    $9 142046 $a Blanc-Nez, Cap (Pas-de-Calais) $x Guides
607    $9 142047 $a Gris-Nez, Cap (France) $x Guides
700 0  $9 283120 $a Lobez $b Benoît $f 1956-....
702 0  $9 283121 $a Johnston $b Alan $f 1959-.... $4 440
801  0 $a FR $b 595126101 $c 20070903 $g AFNOR
930    $5 595126101:C0002476833 $b 595126101 $a MAG L/P 8/109 380 $e Fonds patrimonial
995    $0 0 $2 0 $4 0 $5 2005-03-24 $9 74672 $P 4.76 $b MED $c MED $e MED3I $f C0002476833 $h PPEFGZZ $k MAG L/P 8/109 380 $o 2 $p 4.76 $r PRETLIV $s MAG_LP_8109_380000000000000 $w 0 $y 2014-06-30

