01075nam a2200265   4500
001 65928
003 http://www.mediathequederoubaix.fr/ark:/20179/KH65928
005 20210102044516.0
035 00 $a HZ_RBX117911
090    $a 65928
091    $a 0
099    $t LI $c 2014-06-30 $d 2014-06-30 $x 0
100    $a 19       1995    k  y0frey5003    ba
101    $a fre
200    $a Apprentissage et initiatives patronales à Roubaix-Tourcoing sous Vichy $f Renversez Stéphane
210    $a Lille $c Université Charles de Gaulle (Lille) $d 1995
215    $a 114 p. $d 31 cm
328    $a Mém. de maîtrise : Hist. : Lille III : 1995
339    $a m
606 0  $9 245668 $a Apprentissage $y France $y Roubaix (Nord) $z 1900-1945
700 0  $9 174277 $a Renversez $b Stéphane
702    $7 ba0yba0y $8 fre    $a Marchand $b Philippe $f 1938-.... $9 280033
801  0 $a FR $b 595126101 $c 20110108 $g AFNOR
930    $5 595126101:C0002474027 $b 595126101 $a RES 4/403 $e Fonds patrimonial
995    $0 0 $2 0 $4 0 $5 2005-03-24 $9 74860 $b MED $c MED $e MED3P $f C0002474027 $h PPEFGZZ $k RES 4/403 $o 2 $r PRETLIV $s RES_4403_000000000000000 $w 0 $y 2014-06-30

