01028na  a2200253   4500
001 66034
003 http://www.mediathequederoubaix.fr/ark:/20179/KH66034
005 20240511060821.0
010    $a 975-363-274-6
035 00 $a HZ_RBX118055
090    $a 66034
091    $a 2 $b 20240511 $c 0
099    $t LI $c 2014-06-30 $d 2024-05-11 $x 0
100    $a 19       1996    k  y0frey5003    ba
101    $a tur
200    $a Gökdelene giren bulut $f Behiç Ak
210    $a Istanbul $c Yapi kredi Yayinlari $d 1996
215    $a [28] p. $c ill. en coul. , couv. ill. en coul. $d 21x24 cm
305    $a Texte en turc
339    $a a
700 0  $7 ba0yba0y $8 fre    $3 15645144 $9 47039 $7 ba0yba0y $8 fre    $a Ak $b Behiç $f 1956-....
801  0 $a FR $b 595126101 $c 20050324 $g AFNOR
995    $0 0 $2 0 $4 0 $5 2005-03-24 $9 74971 $P 12.83 $b MED $c MED $e MED2C $f C0002518805 $h JABLAFI $k E TUR A $o 0 $p 12.83 $r PRETLIV $s E_TUR_A $w 10 $y 2009-07-11
995    $0 0 $2 0 $4 0 $5 2005-03-24 $9 74972 $P 12.83 $b MED $c MED $e MED0A $f C0002519429 $h JABLAFI $k EXT E TURC/A AK $o 0 $p 12.83 $r PRETLIV $s EXT_E_TURCA_AK $w 5 $y 2014-06-30

