01993nam a2200409   4500
001 66169
003 http://www.mediathequederoubaix.fr/ark:/20179/KH66169
010    $a 2-211-05146-4 $b rel. $d 80 F
020    $a FR $b 09903035
033    $a http://catalogue.bnf.fr/ark:/12148/cb36713242t
035    $a FRBNF367132420000001
039    $o OPL $a 023978648
073  0 $a 9782211051460 $2 ALS
090    $a 66169
091    $b 20240511 $c 1 $a 2
099    $t LI $c 2014-06-30 $d 2024-05-11 $x 16
100    $a 19981125d1998    a  y0frey50      ba
101 0  $a fre
102    $a FR
105    $a a   z   00|a|
106    $a r
181  0 $6 01 $a i  $b xxxe   $a b  $b xb2e  
181    $6 02 $c txt $c sti $2 rdacontent
182  0 $6 01 $a n
182    $6 02 $c n $2 rdamedia
200 1  $a Toute seule $b Texte imprimé $f Grégoire Solotareff
210    $a Paris $c l'École des loisirs $d 1998 $e 54-Maxéville $g Impr. Jean-Lamour
215    $a 37 p. $c ill. en coul., couv. ill. en coul. $d 30 cm
321    $a Escales en littérature de jeunesse
329    $a Une petite fille lapin se pose l'une des questions fondamentales de l'existence : est-on seul ou non dans la vie ? Parmi ceux qu'elle interroge, certains revendiquent la solitude, d'autres la nient ; qui croire ? L'ours qui l'accompagne dans sa quête lui permettra de faire sa propre expérience et de trouver une réponse. Les illustrations sont autant de tableaux, pleins d'espace et de lumière. $d 20060801 $f BA
339    $a a
608    $a Albums $2 CNLJ $k Avis critique donné par le Centre national de la littérature pour la jeunesse
686    $a 823 $2 Cadre de classement de la Bibliographie nationale française
700    $3 12039035 $9 3259 $o ISNI0000000121356303 $a Solotareff $b Grégoire $f 1953-.... $4 070
801  0 $a FR $b FR-751131015 $c 19981125 $g AFNOR $h FRBNF367132420000001 $2 intermrc
999    $a FRBNF367132420000001
995    $0 1 $2 0 $4 0 $5 2005-03-24 $9 75135 $P 9.76 $b MED $c MED $e MED0A $f C0002137887 $h JABPFAF $k EXT PE A/SOL $o 4 $p 9.76 $r PRETLIV $s EXT_PE_A_SOL $w 17 $y 2021-06-15

