00842na  a2200229   4500
001 66369
003 http://www.mediathequederoubaix.fr/ark:/20179/KH66369
005 20240511061259.0
035 00 $a HZ_RBX118597
090    $a 66369
091    $a 2 $b 20240511 $c 0
099    $t LI $c 2014-06-30 $d 2024-05-11 $x 0
100    $a 19       1967    k  y0frey5003    ba
101    $a fre
200    $a Mémoires politiques $f François Mauriac
210    $c B. Grasset $d 1967
339    $a m
600    $7 ba0yba0y $8 fre    $a Mauriac $b François $f 1885-1970 $3 11915247 $9 1623
676    $a 320.944
700    $7 ba0yba0y $8 fre    $a Mauriac $b François $f 1885-1970 $3 11915247 $9 1623
801  0 $a FR $b 595126101 $c 20070829 $g AFNOR
995    $0 0 $2 0 $4 0 $5 2005-03-24 $9 75391 $P 15.55 $b MED $c MED $e MED3E $f C0002979352 $h ALTDCZZ $k Mag 8/20 457 $o 0 $p 15.55 $r PRETLIV $s MAG_8_200000000000000_457 $w 0 $y 2014-06-30

