01440na  a2200325   4500
001 66530
003 http://www.mediathequederoubaix.fr/ark:/20179/KH66530
005 20220927043228.0
010    $a 2-904538-62-3
033    $a http://catalogue.bnf.fr/ark:/12148/cb37041322j
035 00 $a HZ_RBX118832
090    $a 66530
091    $a 0
099    $t LI $c 2014-06-30 $d 2022-09-27 $x 3
100    $a 19       1999    k  y0frey5003    ba
101    $a fre
200    $a Blanquart-Evrard $f Jean-Claude Gautrand, Alain Buisine
210    $a Douchy-les-Mines (Nord) $c Centre Régional de la Photographie Nord Pas-de-Calais $d 1999
215    $a 177 p. $c ill., couv. ill. $d 25 cm
310    $a Tirage à 1500 ex.
320    $a Index. Bibliogr.
339    $a m
600    $9 165884 $a Blanquart-Évrard $b Louis-Désiré $f 1802-1872
676    $a 779
700    $7 ba0yba0y $8 fre    $a Gautrand $b Jean-Claude $f 1932-2019 $9 28812
712    $7 ba0yba0y $8 fre    $a Centre régional de la photographie $c Nord-Pas-de-Calais $9 28783
701    $7 ba0yba0y $8 fre    $a Buisine $b Alain $f 1949?-2009 $9 5269
801  0 $a FR $b 595126101 $c 20101222 $g AFNOR
995    $0 0 $2 0 $4 0 $5 2005-03-24 $9 75614 $P 34.30 $b MED $c MED $e MED3J $f C0002597451 $h PPEFGZZ $k MAG L/P 4/208 007 $o 2 $p 34.30 $r PRETLIV $s MAG_LP_4208_007000000000000 $w 0 $y 2014-06-30
995    $0 0 $2 0 $4 0 $5 2005-03-24 $9 75615 $P 35.06 $b MED $c MED $e MED1A $f C0002356423 $h AAPATAP $k Doc./770 HIS $o 0 $p 35.06 $r PRETLIV $s DOC___770_000000000000000_HIS $w 11 $y 2021-04-23

