01209nam a2200289   4500
001 66739
003 http://www.mediathequederoubaix.fr/ark:/20179/KH66739
005 20220925055033.0
035 00 $a HZ_RBX119125
090    $a 66739
091    $a 0
099    $t LI $c 2014-06-30 $d 2022-09-25 $x 0
100    $a 19       1858    k  y0frey5003    ba
101    $a fre
200    $a Mémoires scientifiques $h Tome premier $f François Arago,... $g publ. d'après son ordre sous la dir. de M. J.-A. Barral,...
210    $a Paris $c Gide et J. Baudry $c T.O. Weigel $a Leipzig (Allemagne) $d 1858
215    $a 602 p. $c ill. $d 22 cm
225 0  $a Oeuvres complètes de François Arago $v 10
310    $a Demi-rel. maroquin brun
339    $a m
410    $t Oeuvres complètes de François Arago $v 10
606    $7 ba0yba0y $8 fre    $a Optique $9 27283
700 0  $9 282548 $a Arago $b François $f 1786-1853
702 0  $9 282549 $a Barral $b Jean-Augustin $f 1819-1884 $4 340
801  0 $a FR $b 595126101 $c 20070829 $g AFNOR
930    $5 595126101:C0002516683 $b 595126101 $a MAG L/P 8/109 473 $e Fonds patrimonial
995    $0 0 $2 0 $4 0 $5 2005-03-24 $9 75832 $b MED $c MED $e MED3I $f C0002516683 $h PPEFGZZ $k MAG L/P 8/109 473 $o 2 $r PRETLIV $s MAG_LP_8109_473000000000000 $w 0 $y 2014-06-30

