01337cam a2200301   4500
001 66934
003 http://www.mediathequederoubaix.fr/ark:/20179/KH66934
005 20220918070949.0
035 00 $a HZ_RBX119390
090    $a 66934
091    $a 0
099    $t LI $c 2014-06-30 $d 2022-09-18 $x 0
100    $a 19       1882    k  y0frey5003    ba
101    $a fre
200    $a Mémoires du Marquis de Sourches sur le règne de Louis XIV $h Tome premier $i Septembre 1681- Décembre 1686 $f publ. par le Cte de Cosnac (Gabriel-Jules) et Arthur Bertrand,...
210    $a Paris $c Librairie Hachette $d 1882
215    $a XLIII-472 p. $d 23 cm
300    $a Ex-libris impr. Edouard Pilastre
310    $a Demi-rel. maroquin noir
339    $a m
600    $2 rameau $7 ba0yba0y $8 fre    $a Louis $d XIV $f 1638-1715 $c roi de France $9 11026
700 0  $9 283190 $a Sourches $b Louis François de Bouschet Mis de
702 0  $9 283191 $a Cosnac $b Gabriel-Jules de $f 1819-1893 $4 340
702 0  $9 283192 $a Bertrand de Broussillon $b Arthur $f 1841-1915 $4 340
702    $9 174188 $4 390 $a Pilastre $b Edouard
801  0 $a FR $b 595126101 $c 20120721 $g AFNOR
930    $5 595126101:C0002516772 $b 595126101 $a MAG L/P 8/109 491 $e Fonds patrimonial
995    $0 0 $2 0 $4 0 $5 2005-03-24 $9 76036 $b MED $c MED $e MED3I $f C0002516772 $h PPEFGZZ $k MAG L/P 8/109 491 $o 2 $r PRETLIV $s MAG_LP_8109_491000000000000 $w 0 $y 2014-06-30

