01644cam a2200409   4500
001 67339
003 http://www.mediathequederoubaix.fr/ark:/20179/KH67339
010    $a 2-207-24549-7 $b br. $d 125 F
020    $a FR $b 09914053
033    $a http://catalogue.bnf.fr/ark:/12148/cb370050685
035    $a FRBNF370050680000005
039    $o OPL $a 024192032
073  0 $a 9782207245491 $2 ALS
090    $a 67339
091    $b 20240511 $c 1 $a 2
099    $t LI $c 2014-06-30 $d 2024-05-11 $x 0
100    $a 19990208d1999    m  y0frey50      ba
101 0  $a fre
102    $a FR
105    $a ||||z   00|a|
106    $a r
181  0 $6 01 $a i  $b xxxe  
181    $6 02 $c txt $2 rdacontent
182  0 $6 01 $a n
182    $6 02 $c n $2 rdamedia
200 1  $a Debout dans le ventre blanc du silence $b Texte imprimé $e roman $f Pierre Pelot $g collab. scientifique, Yves Coppens
210    $a Paris $c Denoël $d 1999 $e 27-Mesnil-sur-l'Estrée $g Impr. Firmin-Didot
215    $a 349 p. $c couv. ill. en coul. $d 23 cm
225 19 $a Sous le vent du monde. $v 3
339    $a m
608    $a Romans $2 CNLJ $k Avis critique donné par le Centre national de la littérature pour la jeunesse
686    $a 823 $2 Cadre de classement de la Bibliographie nationale française
700    $3 11919021 $9 8778 $o ISNI0000000122825415 $a Pelot $b Pierre $f 1945-.... $4 070
702    $3 11897615 $9 31808 $o ISNI0000000121265858 $a Coppens $b Yves $f 1934-2022 $4 205
801  0 $a FR $b FR-751131015 $c 19990208 $g AFNOR $h FRBNF370050680000005 $2 intermrc
999    $a FRBNF370050680000005
995    $0 0 $2 0 $4 0 $5 2005-03-24 $9 76472 $P 19.06 $b MED $c MED $e MED1A $f C0002511714 $h ALTROZZ $k R/PEL $o 0 $p 19.06 $r PRETLIV $s RPEL $w 3 $y 2016-08-05

