01631cam a2200421   4500
001 67542
003 http://www.mediathequederoubaix.fr/ark:/20179/KH67542
010    $a 2-207-30-468-X $b br. $d 47 F
020    $a FR $b 08913436
033    $a http://catalogue.bnf.fr/ark:/12148/cb35003084n
035    $a FRBNF350030840000006
039    $o OPL $a 006775624
090    $a 67542
091    $b 20240511 $c 1 $a 2
099    $t LI $c 2014-06-30 $d 2024-05-11 $x 3
100    $a 19890317d1989    m  y0frey50      ba
101 0  $a fre
102    $a FR
105    $a ||||z   00|a|
106    $a r
181  0 $6 01 $a i  $b xxxe  
181    $6 02 $c txt $2 rdacontent
182  0 $6 01 $a n
182    $6 02 $c n $2 rdamedia
200 1  $a Le Signe du chaos $b Texte imprimé $f Roger Zelazny $g trad. de l'américain par Jean-Pierre Pugi
210    $a Paris $c Denoël $d 1989 $e 18-Saint-Amand-Montrond $g Impr. Bussière
215    $a 276 p. $c couv. ill. en coul. $d 18 cm
225 19 $a Cycle d'Ambre. $v [8]
225    $a Présence du futur $v 468
339    $a m
410  0 $0 34232115 $t Présence du futur $x 0551-9934 $v 468
454  1 $t Sign of chaos
686    $a 823 $2 Cadre de classement de la Bibliographie nationale française
700    $3 11929636 $9 42352 $o ISNI0000000121318593 $a Zelazny $b Roger $f 1937-1995 $4 070
702    $3 11920768 $9 11185 $o ISNI0000000355898965 $a Pugi $b Jean-Pierre $4 730
801  0 $a FR $b FR-751131015 $c 19890317 $g AFNOR $h FRBNF350030840000006 $2 intermrc
999    $a FRBNF350030840000006
995    $0 0 $2 0 $4 0 $5 2005-03-24 $9 76681 $P 33.69 $b MED $c MED $e MED3E $f C0002510742 $h AZZMAZZ $k Mag in 8/46 506 $o 0 $p 33.69 $r PRETLIV $s MAG_IN_8_460000000000000_506 $w 6 $y 2019-01-05

