01208nam a2200277   4500
001 67683
003 http://www.mediathequederoubaix.fr/ark:/20179/KH67683
005 20170212115743.0
035 00 $a HZ_RBX120516
090    $a 67683
091    $a 0
099    $t LI $c 2014-06-30 $d 2014-06-30 $x 0
100    $a 19       1893    k  y0frey5003    ba
101    $a fre
200    $a Mémoires de Madame la duchesse d'Abrantès $e souvenirs historiques sur Napoléon, la Révolution, le Directoire, le Consulat, l'Empire et la Restauration $h Tome premier
210    $a Paris $c Librairie Garnier frères $d [1893]
215    $a 469 p. $d 19 cm
300    $a Inv. communal & 2, n ̊482
305    $a [1893] d'après la fiche 3, col. 113 du cat. de la BN
310    $a Demi-rel. veau brun, dos orné
339    $a m
607    $a France $z 1789-1815 $x Anecdotes $2 rameau
700 0  $9 67381 $7 ba0yba0y $8 fre    $a Abrantès $b Laure Junot $f 1784-1838 $c duchesse d'
801  0 $a FR $b 595126101 $c 20070829 $g AFNOR
930    $5 595126101:C0002507977 $b 595126101 $a MAG L/P 8/109 613 $e Fonds patrimonial
995    $0 0 $2 0 $4 0 $5 2005-03-24 $9 76826 $b MED $c MED $e MED3I $f C0002507977 $h PPEFGZZ $k MAG L/P 8/109 613 $o 2 $r PRETLIV $s MAG_LP_8109_613000000000000 $w 0 $y 2014-06-30

