01501nam a2200289   4500
001 67867
003 http://www.mediathequederoubaix.fr/ark:/20179/KH67867
005 20180720092311.0
035 00 $a HZ_RBX120757
090    $a 67867
091    $a 0
099    $t LI $c 2014-06-30 $d 2014-06-30 $x 0
100    $a 19       1902    k  y0frey5003    ba
101    $a fre
200    $a La Belle au bois dormant $b Musique imprimée $e féerie chantée en 19 tableaux lumineux $f musique de Jane Vieu $g poème & images de Lucien Métivet
210    $a Paris $c Enoch et Co $c Flammarion $d cop. 1902
215    $a 1 partition (45 p.) $c ill., couv. ill. $d 25 x 33 cm
305    $a Dédié à Madame Massenet
310    $a Cartonnage d'éditeur
310    $a Pages de garde ill.
327    $a Prélude et berceuse $a La forêt $a Le manoir endormi $a La cour $a Les gardes $a Les pages $a La belle au bois dormant $a Le réveil $a Cortège $a Le départ $a La forêt coupée $a Les usines et les moulins $a La route $a Les carrosses $a La ville moderne $a Vieilles cités $a La mer $a Les cuirassés $a La belle se rendort...
339    $a m
700 0  $9 280976 $a Vieu $b Jane $f 1871-1955 $4 230
702 0  $9 50783 $4 440 $4 070 $7 ba0yba0y $8 fre    $a Métivet $b Lucien $f 1863-1932
801  0 $a FR $b 595126101 $c 20050324 $g AFNOR
930    $5 595126101:C0002477928 $b 595126101 $a MAGL/P Fol/300 688 $e Fonds patrimonial
995    $0 0 $2 0 $4 0 $5 2005-03-24 $9 77016 $P 304.90 $b MED $c MED $e MED3K $f C0002477928 $h PPEFGZZ $k MAGL/P Fol/300 688 $o 2 $p 304.90 $r PRETLIV $s MAGLP_FOL300_688_0000000000000 $w 0 $y 2014-06-30

