01398ncm a2200337   4500
001 68007
003 http://www.mediathequederoubaix.fr/ark:/20179/KH68007
005 20220708035042.0
035 00 $a HZ_RBX120942
090    $a 68007
091    $a 0
099    $t PA $c 2014-06-30 $d 2022-07-08 $x 0
100    $a 19       1956    k  y0frey5003    ba
101    $a fre
200    $a Artifice musette $b Musique imprimée $e valse musette $f musique de Robert Lannes $c Pêche en famille $e java chantée $f musique de Roselto $g René Sigot, Roselto, interpr. $g Jo Moutet, acrdn
210    $a Paris $c Productions générales de musique de danse $d cop. 1956
215    $a 3 parties ([1, 1, 2] f.) $c couv. ill. $d 25 cm
300    $a Don de M. Hibon
307    $a Parties : acrdn ou guit., saxo.a, p
339    $a m
606    $a Valses (accordéon) $x Parties $2 rameau
606    $a Javas (accordéon) $x Parties $2 rameau
701 0  $9 175103 $4 230 $a Roselto
701 0  $9 175104 $4 230 $a Lannes $b Robert
702 0  $9 175105 $a Sigot $b René
702 0  $9 175103 $a Roselto
702    $9 171633 $4 320 $a Hibon $b Francis
702    $7 ba0yba0y $8 fre    $a Moutet $b Jo $f 1926-2002 $9 34757
801  0 $a FR $b 595126101 $c 20070829 $g AFNOR
930    $5 595126101:C0002556772 $b 595126101 $a BR 4/1200 $e Fonds patrimonial
995    $0 0 $2 0 $4 0 $5 2005-03-24 $9 77181 $b MED $c MED $e MED3N $f C0002556772 $h PPEPMZZ $k BR 4/1200 $o 2 $r PRETLIV $s BR_41200_000000000000000 $w 0 $y 2014-06-30

