01401ncm a2200325   4500
001 68150
003 http://www.mediathequederoubaix.fr/ark:/20179/KH68150
005 20220927042724.0
035 00 $a HZ_RBX121122
071 0  $a 3410 $b P.F.D.
090    $a 68150
091    $a 0
099    $t PA $c 2014-06-30 $d 2022-09-27 $x 0
100    $a 19       1938    k  y0frey5003    ba
101    $a fre
200    $a Souviens-toi de ce dimanche $b Musique imprimée $e valse musette $a Sans y penser $e valse $f musique de N. Glanzberg $c La garce $e valse $c L'heure du rêve $f musique de Joseph Kosma $g Lys Gauty, interpr.
210    $a Paris $c F. Day $d cop. 1938
215    $a 7 parties (pagination multiple [17] f.) $c couv. ill. $d 25 cm
300    $a Don de M. Hibon
307    $a Parties : trb ou vlc, 2 trp, 2 saxo.a, batt., saxo. t.
339    $a m
606    $a Valses (accordéon) $x Parties $2 rameau
701    $4 230 $7 ba0yba0y $8 fre    $a Kosma $b Joseph $f 1905-1969 $9 4036
701 0  $9 282789 $a Glanzberg $b Norbert $f 1910-2001 $4 230
702    $9 171633 $4 320 $a Hibon $b Francis
702    $7 ba0yba0y $8 fre    $a Gauty $b Lys $f 1910-1994 $9 17065
801  0 $a FR $b 595126101 $c 20070829 $g AFNOR
930    $5 595126101:C0002477203 $b 595126101 $a BR 4/1230 $e Fonds patrimonial
317    $a Collection Francis Hibon
995    $0 0 $2 0 $4 0 $5 2005-03-24 $9 77331 $b MED $c MED $e MED3N $f C0002477203 $h PPEPMZZ $k BR 4/1230 $o 2 $r PRETLIV $s BR_41230_000000000000000 $w 0 $y 2014-06-30

