01075ncm a2200301   4500
001 68292
003 http://www.mediathequederoubaix.fr/ark:/20179/KH68292
005 20160125024056.0
035 00 $a HZ_RBX121345
071 0  $a 621 $b F.G.
090    $a 68292
091    $a 0
099    $t PA $c 2014-06-30 $d 2014-06-30 $x 0
100    $a 19               k  y0frey5003    ba
101    $a fre
200    $a Brasileiras $b Musique imprimée $e samba $f musique de Ch. Naudy et Le Cunff
210    $a Paris $c F. Galifer $d [ca 194-?]
215    $a 1 partition ([2] f.) $c couv. ill. $d 28 cm
300    $a Don de M. Hibon
339    $a m
606    $9 244019 $a Sambas $x Partitions
701 0  $9 172111 $4 230 $a Naudy $b Charles
701 0  $9 175259 $4 230 $a Le Cunff
702    $9 171633 $4 320 $a Hibon $b Francis
801  0 $a FR $b 595126101 $c 20070829 $g AFNOR
930    $5 595126101:C0002477758 $b 595126101 $a BR 4/1268 $e Fonds patrimonial
317    $a Collection Francis Hibon
995    $0 0 $2 0 $4 0 $5 2005-03-24 $9 77474 $b MED $c MED $e MED3N $f C0002477758 $h PPEPMZZ $k BR 4/1268 $o 2 $r PRETLIV $s BR_41268_000000000000000 $w 0 $y 2014-06-30

