01210ncm a2200301   4500
001 68479
003 http://www.mediathequederoubaix.fr/ark:/20179/KH68479
005 20220927054212.0
035 00 $a HZ_RBX121606
071 0  $a 716bis $b E.F.W.
090    $a 68479
091    $a 0
099    $t PA $c 2014-06-30 $d 2022-09-27 $x 0
100    $a 19       1939    k  y0frey5003    ba
101    $a fre
200    $a C'était trop beau $b Musique imprimée $f musique de Jimmy Van Heusen $g paroles de Louis Poterat $g Léo Marjane, interpr.
210    $a Paris $c Feldman $d cop. 1939
215    $a 1 partition ([2] f.) $c couv. ill. $d 27 cm
300    $a Don de M. Hibon
300    $a Cachet de Etienne Stepczak
339    $a m
702    $9 171633 $4 320 $a Hibon $b Francis
700 0  $7 ba0yba0y $8 fre    $a Van Heusen $b Jimmy $f 1913-1990 $4 230 $9 98728
701    $7 ba0yba0y $8 fre    $a Poterat $b Louis $f 1901-1982 $4 520 $9 17061
702    $7 ba0yba0y $8 fre    $a Marjane $b Léo $f 1912-2016 $9 2646
801  0 $a FR $b 595126101 $c 20051114 $g AFNOR
930    $5 595126101:C0002525145 $b 595126101 $a BR 4/1299 $e Fonds patrimonial
995    $0 0 $2 0 $4 0 $5 2005-03-24 $9 77679 $b MED $c MED $e MED3N $f C0002525145 $h PPEPMZZ $k BR 4/1299 $o 2 $r PRETLIV $s BR_41299_000000000000000 $w 0 $y 2014-06-30

