01309nam a2200349   4500
001 68619
003 http://www.mediathequederoubaix.fr/ark:/20179/KH68619
010    $a 2-246-58311-X $b br. $d 80 F
020    $a FR $b 00001385
033    $a http://catalogue.bnf.fr/ark:/12148/cb36977361x
035    $a FRBNF369773610000008
039    $o OPL $a 024481873
090    $a 68619
091    $b 20240511 $c 1 $a 2
099    $t LI $c 2014-06-30 $d 2024-05-11 $x 4
100    $a 19990528d1999    m  y0frey50      ba
101 0  $a fre
102    $a FR
105    $a ||||z   00|a|
106    $a r
181  0 $6 01 $a i  $b xxxe  
181    $6 02 $c txt $2 rdacontent
182  0 $6 01 $a n
182    $6 02 $c n $2 rdamedia
200 1  $a Onze $b Texte imprimé $f Frédéric-Yves Jeannet, Dominique Sigaud, Éric Laurrent... [et al.]
210    $a Paris $c B. Grasset $a [Versailles] $c "les Inrockuptibles" $d 1999 $e 27-Mesnil-sur-l'Estrée $g Impr. Firmin-Didot
215    $a 211 p. $c couv. ill. en coul. $d 21 cm
339    $a m
686    $a 823 $2 Cadre de classement de la Bibliographie nationale française
801  0 $a FR $b FR-751131015 $c 19990528 $g AFNOR $h FRBNF369773610000008 $2 intermrc
999    $a FRBNF369773610000008
995    $0 0 $2 0 $4 0 $5 2005-03-24 $9 77826 $P 9.76 $b MED $c MED $e MED1A $f C0002562561 $h ALTTCNV $k NVL/ABC $o 0 $p 9.76 $r PRETLIV $s NVLABC $w 13 $y 2021-06-25

