01393nj  a2200301   4500
001 68761
003 http://www.mediathequederoubaix.fr/ark:/20179/KH68761
005 20240511062459.0
035 00 $a HZ_RBX122046
071 0  $a 7915142 $b EMI Pathé Marconi
090    $a 68761
091    $a 1 $b 20240511 $c 0
099    $t DC $c 2014-06-30 $d 2024-05-11 $x 9
100    $a 19       1988    k  y0frey5003    ba
101    $a fre
200    $a Tombé du ciel $b Enr. sonore $f Jacques Higelin $g Guy Delacroix, guit. b ; Didier Lockwood, vl ; Doudou Ndiaye Rose, perc.
210    $d P 1988
215    $a 1 d.c. $e 1 brochure
327    $a Follow the line $a La fuite dans les idées $a Bras de fer $a Parc Montsouris (à mon père) $a Higelin, tombé du ciel $a Poil dans la main $a Chanson $a Tom Badadilom $a Ballade pour Roger $a Le drapeau de la colère $a Symphonie des droits de l'homme
339    $a m
606    $a Chansons françaises $x Disques $2 rameau
679    $a 099.2
700    $7 ba0yba0y $8 fre    $a Higelin $b Jacques $f 1940-2018 $3 11907499 $9 3420
702 0  $a Delacroix $b Guy
702    $3 13896740 $7 ba0yba0y $8 fre    $a Lockwood $b Didier $f 1956-2018 $9 6105
702 0  $7 ba0yba0y $8 fre    $3 13321092 $9 300437 $a N'Diaye Rose $b Dudu
801  0 $a FR $b 595126101 $c 20140315 $g AFNOR
995    $0 0 $2 0 $4 0 $5 2005-03-24 $9 77976 $P 17.00 $b MED $c MED $e MED3C $f C0002497287 $h AMV80ZZ $k DC/099.2 HIG $o 0 $p 17.00 $r PRETSON $s DC_099_200000000000000_HIG $w 139 $y 2022-04-28

