01260nam a2200289   4500
001 68941
003 http://www.mediathequederoubaix.fr/ark:/20179/KH68941
005 20210527020314.0
035 00 $a HZ_RBX122293
090    $a 68941
091    $a 0
099    $t LI $c 2014-06-30 $d 2014-06-30 $x 0
100    $a 19       1823    k  y0frey5003    ba
101    $a fre
200    $a Vies des hommes illustres et capitaines françois $f Seigneur de Brantôme
205    $a Nouv. éd., collationnée sur les manuscrits autographes de la bibliothèque du roi, et augm. de fragmens inédits
210    $a Paris $c Foucault $d 1823
215    $a 462 p. $d 22 cm
225 0  $a Oeuvres complètes du seigneur de Brantôme $v 3
339    $a m
410    $t Oeuvres complètes du seigneur de Brantôme $v 3
606 0  $a Célébrités $y France $x Biographies $2 rameau
606 0  $a Guerriers $y France $x Biographies $2 rameau
700    $7 ba0yba0y $8 fre    $a Brantôme $b Pierre de Bourdeille seigneur de $f 1540?-1614 $9 5341
801  0 $a FR $b 595126101 $c 20070829 $g AFNOR
930    $5 595126101:C0002562587 $b 595126101 $a MAG L/P 8/109 808 $e Fonds patrimonial
995    $0 0 $2 0 $4 0 $5 2005-03-24 $9 78166 $b MED $c MED $e MED3I $f C0002562587 $h PPEFGZZ $k MAG L/P 8/109 808 $o 2 $r PRETLIV $s MAG_LP_8109_808000000000000 $w 0 $y 2014-06-30

