00814nj  a2200205   4500
001 69116
003 http://www.mediathequederoubaix.fr/ark:/20179/KH69116
005 20240511062541.0
035 00 $a HZ_RBX122540
090    $a 69116
091    $a 1 $b 20240511 $c 0
099    $t DV $c 2014-06-30 $d 2024-05-11 $x 0
100    $a 19               k  y0frey5003    ba
101    $a fre
200    $a Discours aux peuples du monde $b Enr. sonore
339    $a m
700    $3 12162866 $9 268720 $7 ba0yba0y $8 fre    $a Gaulle $b Charles de $f 1890-1970
801  0 $a FR $b 595126101 $c 20131010 $g AFNOR
930    $5 595126101:C0002548232 $b 595126101 $a FLRSON 30/3691 $e Fonds local et régional sonore
995    $0 0 $2 0 $4 0 $5 2005-03-24 $9 78363 $P 38.11 $b MED $c MED $e MED3C $f C0002548232 $h PENRSZZ $k FLRSON 30/3691 $o 2 $p 38.11 $r PRETSON $s FLRSON_303691_000000000000000 $w 0 $y 2014-06-30

