01925nam a2200469   4500
001 69324
003 http://www.mediathequederoubaix.fr/ark:/20179/KH69324
010    $a 2-08-164325-1 $b br. $d 23 F
020    $a FR $b 09907852
033    $a http://catalogue.bnf.fr/ark:/12148/cb370037558
035    $a FRBNF370037550000006
039    $o OPL $a 024157145
073  0 $a 9782081643253 $2 ALS
090    $a 69324
091    $b 20240511 $c 1 $a 2
099    $t LI $c 2014-06-30 $d 2024-05-11 $x 0
100    $a 19990126d1998    a  y0frey50      ba
101 0  $a fre
102    $a FR
105    $a a   z   00|a|
106    $a r
181  0 $6 01 $a i  $b xxxe   $a b  $b xb2e  
181    $6 02 $c txt $c sti $2 rdacontent
182  0 $6 01 $a n
182    $6 02 $c n $2 rdamedia
200 1  $a 16 contes de loups $b Texte imprimé $f Brigitte Coppin $g ill. de Gérard Franquin
210    $a [Paris] $c Flammarion $d 1998 $e 45-Malesherbes $g Impr. Maury-Eurolivres
215    $a 100 p. $c ill., couv. ill. $d 18 cm
225    $a Castor poche $e contes $e junior $v 680
312    $a Autre forme de titre : Seize contes de loups
339    $a a
410  0 $0 34228491 $t Castor poche $x 0248-0492 $v 680
517 1  $a Seize contes de loups
608    $a Contes, légendes et folklore $2 CNLJ $k Avis critique donné par le Centre national de la littérature pour la jeunesse
609 0  $a Contes $x Thèmes, motifs $2 rameau
609 0  $a Loup $x Dans la littérature $2 rameau
686    $a 823 $2 Cadre de classement de la Bibliographie nationale française
700    $3 12200544 $9 7465 $o ISNI000000012138374X $a Coppin $b Brigitte $f 1955-.... $4 070
702    $3 11903472 $9 13634 $o ISNI0000000121498387 $a Franquin $b Gérard $f 1951-.... $4 440
801  0 $a FR $b FR-751131015 $c 19990126 $g AFNOR $h FRBNF370037550000006 $2 intermrc
999    $a FRBNF370037550000006
995    $0 0 $2 0 $4 0 $5 2005-03-24 $9 78623 $P 3.09 $b MED $c MED $e MED0A $f C0002146797 $h JABEFAE $k EXT E C/COP $o 0 $p 3.09 $r PRETLIV $s EXT_E_CCOP $w 11 $y 2017-03-14

