00941na  a2200229   4500
001 69518
003 http://www.mediathequederoubaix.fr/ark:/20179/KH69518
005 20240511062630.0
035 00 $a HZ_RBX123211
090    $a 69518
091    $a 2 $b 20240511 $c 0
099    $t LI $c 2014-06-30 $d 2024-05-11 $x 0
100    $a 19       1951    k  y0frey5003    ba
101    $a fre
200    $a Galigaï $f François Mauriac
210    $a Paris $c Flammarion $d 1951
215    $a 177 p. $d 17 cm
339    $a m
700    $7 ba0yba0y $8 fre    $a Mauriac $b François $f 1885-1970 $3 11915247 $9 1623
801  0 $a FR $b 595126101 $c 20050324 $g AFNOR
995    $0 0 $2 0 $4 0 $5 2005-03-24 $9 78855 $P 24.00 $b MED $c MED $e MED3E $f C0002565218 $h ALTROZZ $k Mag. in-8/32 154 $o 0 $p 24.00 $r PRETLIV $s MAG___IN8_32_154000000000000 $w 0 $y 2014-06-30
995    $0 0 $2 0 $4 0 $5 2005-03-24 $9 78856 $P 24.00 $b MED $c MED $e MED3E $f C0002900557 $h ALTROZZ $k Mag. in-8/23 802 $o 0 $p 24.00 $r PRETLIV $s MAG___IN8_23_802000000000000 $w 0 $y 2014-06-30

