00777na  a2200217   4500
001 69680
003 http://www.mediathequederoubaix.fr/ark:/20179/KH69680
005 20240514044840.0
035 00 $a HZ_RBX123433
090    $a 69680
091    $a 2 $b 20240514 $c 0
099    $t LI $c 2014-06-30 $d 2024-05-14 $x 1
100    $a 19       1955    k  y0frey5003    ba
101    $a fre
200    $a Le naïf aux quarante enfants $f Paul Guth
210    $a Paris $c Albin Michel $d 1955
215    $a 270 p. $d 17 cm
339    $a m
700    $7 ba0yba0y $8 fre    $a Guth $b Paul $f 1910-1997 $3 11906561 $9 1772
801  0 $a FR $b 595126101 $c 20110208 $g AFNOR
995    $0 0 $2 0 $4 0 $5 2005-03-24 $9 79060 $P 24.00 $b MED $c MED $e MED3E $f C0002569995 $h ALTROZZ $k Mag. in-8/32 051 $o 0 $p 24.00 $r PRETLIV $s MAG___IN8_32_051000000000000 $w 2 $y 2017-04-25

