01426nam a2200325   4500
001 69831
003 http://www.mediathequederoubaix.fr/ark:/20179/KH69831
005 20180720094126.0
035 00 $a HZ_RBX123649
090    $a 69831
091    $a 0
099    $t LI $c 2014-06-30 $d 2014-06-30 $x 0
100    $a 19       1892    k  y0frey5003    ba
101    $a fre
200    $a Dictionnaire de chimie pure et appliquée $h Deuxième supplément $h Tome premier $i A-B $f de Ad. Wurtz,... $g publ. sous la dir. de Ch. Friedel,...[et de C. Chabrié,...] $g avec la collab. de MM. P. Adam, A. Arnaud,... [et al.]
210    $a Paris $c Librairie Hachette $d 1892
215    $a 832 p. $c fig. $d 26 cm
300    $a Inv. communal & 2, n ̊302
300    $a Cachet "E. Cormorant, relieur, Roubaix"
304    $a C. Chabrié d'après la fiche 1416, col. 926 du cat. de la BN
339    $a m
606 0  $9 246155 $a Chimie $x Dictionnaires
700 0  $9 283369 $a Wurtz $b Adolphe $f 1817-1884
702 0  $9 283410 $a Friedel $b Charles $f 1832-1899 $4 340
702 0  $9 175824 $4 340 $a Chabrié $b Camille
702 0  $9 175825 $4 070 $a Adam $b Paul $f (1856-1916)
702 0  $9 175826 $4 070 $a Arnaud $b A.
801  0 $a FR $b 595126101 $c 20110302 $g AFNOR
930    $5 595126101:C0002481765 $b 595126101 $a MAG L/P 4/207 971 $e Fonds patrimonial
995    $0 0 $2 0 $4 0 $5 2005-03-24 $9 79225 $b MED $c MED $e MED3J $f C0002481765 $h PPEFGZZ $k MAG L/P 4/207 971 $o 2 $r PRETLIV $s MAG_LP_4207_971000000000000 $w 0 $y 2014-06-30

