01248nj  a2200313   4500
001 70033
003 http://www.mediathequederoubaix.fr/ark:/20179/KH70033
005 20240511063110.0
035 00 $a HZ_RBX123929
071 0  $a 0053 $b Gamm Record
090    $a 70033
091    $a 1 $b 20240511 $c 0
099    $t DV $c 2014-06-30 $d 2024-05-11 $x 0
100    $a 19               k  y0frey5003    ba
101    $a fre
200    $a Le petit quinquin $b Enr. sonore $a Tap toe $a Magnifiques hommes sur leurs machines volantes...[etc.] $f Original groupe, Wattignies $g Robert Parent, dir.
210    $c Gamm Record $d [s.d.]
215    $a 1 disque $c 45 tours $d 17 cm
305    $a Enregistrement public
322    $a Michel Chrétien, Marc Michel, prise de son
327    $a aussi : La chenille
339    $a m
702  1 $a Parent $b Robert
702  1 $a Chrétien $b Michel
702  1 $a Michel $b Marc $f 19..-.... $c contrebassiste
710 0  $a Original groupe $c Wattignies, Nord
801  0 $a FR $b 595126101 $c 20060124 $g AFNOR
930    $5 595126101:C0003667364 $b 595126101 $a FLRSON 17/920 $e Fonds local et régional sonore
995    $0 0 $2 0 $4 0 $5 2005-03-24 $9 79443 $P 1.00 $b MED $c MED $e MED3C $f C0003667364 $h PENRSZZ $k FLRSON 17/920 $o 2 $p 1.00 $r PRETSON $s FLRSON_17920_000000000000000 $w 0 $y 2014-06-30

