01195nj  a2200277   4500
001 70243
003 http://www.mediathequederoubaix.fr/ark:/20179/KH70243
005 20240511063139.0
035 00 $a HZ_RBX124268
071 0  $b Eagle Records $a EAGCD063 GAS0000063EAG
090    $a 70243
091    $a 1 $b 20240511 $c 0
099    $t DC $c 2014-06-30 $d 2024-05-11 $x 4
100    $a 19       1999    k  y0frey5003    ba
101    $a fre
200    $a Rhythm & blues $b Enr. sonore $f Robert Palmer
210    $d P 1999
215    $a 1 d.c.
327    $a True love $a No problem $a I choose you $a Stone cold $a Sex appeal $a Work to make it work 99 $a All the will in the world $a You're not the only one $a Mr. Wise Guy $a Let's get it on 99 $a Tennis $a Twenty million things
339    $a m
606    $a Rock (musique) $y Grande-Bretagne $y Angleterre (GB) $x Disques $2 rameau
606    $7 ba0yba0y $8 fre    $3 11933300 $9 225 $a Soul music $x Disques $y Grande-Bretagne $y Angleterre (GB) $2 rameau
679    $a 2
700 0  $a Palmer $b Robert $f 1949-2003
801  0 $a FR $b 595126101 $c 20070829 $g AFNOR
995    $0 0 $2 0 $4 0 $5 2005-03-24 $9 79662 $P 19.07 $b MED $c MED $e MED3C $f C0002590247 $h AMV20ZZ $k DC/2 PAL $o 0 $p 19.07 $r PRETSON $s DC_2_000000000000000_PAL $w 52 $y 2021-01-20

