01211nam a2200313   4500
001 70406
003 http://www.mediathequederoubaix.fr/ark:/20179/KH70406
005 20210915171356.0
010    $a 2-7427-2177-0
033    $a http://catalogue.bnf.fr/ark:/12148/cb371792716
035 00 $a HZ_RBX124475
090    $a 70406
091    $a 0
099    $t LI $c 2014-06-30 $d 2014-06-30 $x 0
100    $a 19       1999    k  y0frey5003    ba
101    $a fre
200    $a Dunes de Flandre $f Jean-Yves Vincent $g ill. de Jean-Georges Capelain $e roman
210    $a Arles $c Actes Sud $c Editions locales de France $a Paris $d 1999
215    $a 43 p. $c ill., couv. ill. en coul. $d 19 cm
225    $a Conservatoire du littoral
339    $a m
410    $t Conservatoire du littoral
606 0  $a Dunes $y France $y Flandre (France) $2 rameau
676    $a 914.421
700 0  $a Vincent $b Jean-Yves $f 1945-2012 $9 58160
702 0  $9 283437 $a Capelain $b Jean-Georges $4 440
801  0 $a FR $b 595126101 $c 20070829 $g AFNOR
930    $5 595126101:C0002486359 $b 595126101 $a BR 8/1080 $e Fonds patrimonial
995    $0 0 $2 0 $4 0 $5 2005-03-24 $9 79837 $P 4.46 $b MED $c MED $e MED3M $f C0002486359 $h PPEFGZZ $k BR 8/1080 $o 2 $p 4.46 $r PRETLIV $s BR_81080_000000000000000 $w 0 $y 2014-06-30

