01020nam a2200265   4500
001 70787
003 http://www.mediathequederoubaix.fr/ark:/20179/KH70787
005 20220927072011.0
035 00 $a HZ_RBX125063
090    $a 70787
091    $a 0
099    $t LI $c 2014-06-30 $d 2022-09-27 $x 0
100    $a 19       1948    k  y0frey5003    ba
101    $a fre
200    $a Le mendiant ingrat $h [2] $i suivi de Mon journal $f Léon Bloy
210    $a Paris $c Typogr. F. Bernouard $d 1948
215    $a Pp. 233-491 $d 21 cm
225 0  $a L'Oeuvre complète de Léon Bloy $v 9
310    $a Ex. 946/1755 sur papier Alfa véritable
339    $a m
410    $t L'Oeuvre complète de Léon Bloy $v 9
700    $7 ba0yba0y $8 fre    $a Bloy $b Léon $f 1846-1917 $9 286767
801  0 $a FR $b 595126101 $c 20060803 $g AFNOR
930    $5 595126101:C0002483377 $b 595126101 $a MAG L/P 8/109 988 $e Fonds patrimonial
995    $0 0 $2 0 $4 0 $5 2005-03-24 $9 80244 $b MED $c MED $e MED3I $f C0002483377 $h PPEFGZZ $k MAG L/P 8/109 988 $o 2 $r PRETLIV $s MAG_LP_8109_988000000000000 $w 0 $y 2014-06-30

