00825na  a2200253   4500
001 70962
003 http://www.mediathequederoubaix.fr/ark:/20179/KH70962
005 20240511063619.0
035 00 $a HZ_RBX125368
090    $a 70962
091    $a 2 $b 20240511 $c 0
099    $t LI $c 2014-06-30 $d 2024-05-11 $x 23
100    $a 19       1999    k  y0frey5003    ba
101    $a fre
200    $a Vert $f Ginou Marcou
210    $a [Orange] $c Grandir $d 1999
215    $a [8] p. $c ill., couv. ill. $d 13 cm
225 0  $a Le bois du Tang
305    $a Livre en bois
339    $a a
410    $t Le bois du Tang
700 0  $a Marcou $b Ginou
801  0 $a FR $b 595126101 $c 20050324 $g AFNOR
995    $0 0 $2 0 $4 0 $5 2005-03-24 $9 80431 $P 10.40 $b MED $c MED $e MED0A $f C0002152837 $h JABPFAF $k EXT PE A/MAR $n 2024-06-25 $o 0 $p 10.40 $r PRETLIV $s EXT_PE_A_MAR $w 77 $y 2024-04-16 $8 MA0A3A

