01195nam a2200289   4500
001 71128
003 http://www.mediathequederoubaix.fr/ark:/20179/KH71128
005 20220925070049.0
035 00 $a HZ_RBX125719
090    $a 71128
091    $a 0
099    $t LI $c 2014-06-30 $d 2022-09-25 $x 0
100    $a 19       1894    k  y0frey5003    ba
101    $a fre
200    $a Les caricatures sur l'alliance franco-russe $f John Grand-Carteret $g front. par Trewey
210    $a Paris $c Ancienne maison Quantin $d [ca 1894]
215    $a 89 p. $c front., ill. $d 22 cm
225 0  $a L'actualité en images
300    $a Etiquette impr. "Librairie Jean Clavreuil, Paris"
339    $a m
410    $t L'actualité en images
606 0  $9 246373 $a Alliance franco-russe (1894) $x Caricatures et dessins humoristiques
700    $7 ba0yba0y $8 fre    $a Grand-Carteret $b John $f 1850-1927 $9 27506
702 0  $9 176233 $4 440 $a Trewey
801  0 $a FR $b 595126101 $c 20070829 $g AFNOR
930    $5 595126101:C0002486333 $b 595126101 $a MAG L/P 8/110 044 $e Fonds patrimonial
995    $0 0 $2 0 $4 0 $5 2005-03-24 $9 80621 $P 91.47 $b MED $c MED $e MED3I $f C0002486333 $h PPEFGZZ $k MAG L/P 8/110 044 $o 2 $p 91.47 $r PRETLIV $s MAG_LP_8110_044000000000000 $w 0 $y 2014-06-30

