01374nj  a2200325   4500
001 71325
003 http://www.mediathequederoubaix.fr/ark:/20179/KH71325
005 20240511063648.0
035 00 $a HZ_RBX126071
071 0  $a 97 CDMO
090    $a 71325
091    $a 1 $b 20240511 $c 0
099    $t DC $c 2014-06-30 $d 2024-05-11 $x 0
100    $a 19       1997    k  y0frey5003    ba
101    $a fre
200    $a Le tour du monde $b Enr. sonore $f Clarie, guit., chant $g M. Delille, mus.
210    $a Loison-sous-Lens (Pas-de-Calais) $c Aslon Production $d 1997
215    $a 1 d.c.
305    $a Enr. chez Faërie studio (Loison-sous-Lens, Pas-de-Calais)
327    $a Le tour du monde $a Mal de vivre (version 1) $a Nos quinze ans l'amie $a Mal de vivre (version 2) $a Mal de vivre (instrumental)
339    $a m
606    $a Chansons françaises $y France $y Loison-sous-Lens (Pas-de-Calais) $x Disques $2 rameau
679    $a 099.2
700 0  $a Clarie
702 0  $a Delille $b Marc
712 0  $a Faerie Studio $c Loison-sous-Lens, Pas-de-Calais
712 0  $a Aslone production $c Loison-sous-Lens, Pas-de-Calais
801  0 $a FR $b 595126101 $c 20070829 $g AFNOR
930    $5 595126101:C0002454174 $b 595126101 $a FLRSON DC/1009 $e Fonds local et régional sonore
995    $0 0 $2 0 $4 0 $5 2005-03-24 $9 80836 $P 7.62 $b MED $c MED $e MED3C $f C0002454174 $h PENRSZZ $k FLRSON DC/1009 $o 2 $p 7.62 $r PRETSON $s FLRSON_DC1009 $w 0 $y 2014-06-30

