01203ncm a2200289   4500
001 71533
003 http://www.mediathequederoubaix.fr/ark:/20179/KH71533
005 20160125024148.0
035 00 $a HZ_RBX126443
090    $a 71533
091    $a 0
099    $t PA $c 2014-06-30 $d 2014-06-30 $x 0
100    $a 19               k  y0frey5003    ba
101    $a fre
200    $a La java du bon-bock $b Musique imprimée $f musique de Georges Marinkovitch $g Lucien Vantrepotte, acrdn $g Georges Marinkovitch, guit.
210    $a Paris $c G. Marinkovitch $d [ca 195-?]
215    $a 10 parties (pagination multiple [11] f.) $c couv. ill. $d 28 cm
307    $a Parties : p, acrdn, vl, cb, trb ou vlc, clar., saxo.a, saxo.t, trp, batt.
307    $a Verso des parties blanc
339    $a m
606    $9 245610 $a Javas $x Parties
700 0  $9 176424 $4 230 $4 650 $a Marinkovitch $b Georges
702 0  $9 176424 $a Marinkovitch $b Georges
702 0  $9 176425 $a Vantrepotte $b Lucien
801  0 $a FR $b 595126101 $c 20070829 $g AFNOR
930    $5 595126101:C0002617023 $b 595126101 $a BR 4/1515 $e Fonds patrimonial
995    $0 0 $2 0 $4 0 $5 2005-03-24 $9 81121 $b MED $c MED $e MED3N $f C0002617023 $h PPEPMZZ $k BR 4/1515 $o 2 $r PRETLIV $s BR_41515_000000000000000 $w 0 $y 2014-06-30

