01827cam a2200445   4500
001 71758
003 http://www.mediathequederoubaix.fr/ark:/20179/KH71758
010    $a 2-210-98018-6 $b rel. $d 38 F
020    $a FR $b 00017377
033    $a http://catalogue.bnf.fr/ark:/12148/cb37048758b
035    $a FRBNF370487580000005
039    $o OPL $a 024760086
073  0 $a 9782210980181 $2 ALS
090    $a 71758
091    $b 20240511 $c 1 $a 2
099    $t LI $c 2014-06-30 $d 2024-05-11 $x 10
100    $a 19991004d1999    a  y0frey50      ba
101 0  $a fre
102    $a FR
105    $a a   z   00|a|
106    $a r
181  0 $6 01 $a i  $b xxxe   $a b  $b xb2e  
181    $6 02 $c txt $c sti $2 rdacontent
182  0 $6 01 $a n
182    $6 02 $c n $2 rdamedia
200 1  $a La boîte à malices $b Texte imprimé $f Armand Toupet $g ill... Yves Beaujard
210    $a Paris $c Magnard jeunesse $d 1999 $e 85-Luçon $g Impr. Pollina
215    $a 46 p. $c ill. en coul., couv. ill. en coul. $d 20 cm
225    $a Les P'tits policiers
339    $a a
410  0 $0 37010063 $t Les P'tits policiers $x 1297-2509 $d 1999
608    $a Romans $2 CNLJ $k Avis critique donné par le Centre national de la littérature pour la jeunesse
686    $a 840 $2 Cadre de classement de la Bibliographie nationale française
686    $a 823 $2 Cadre de classement de la Bibliographie nationale française
700    $3 11926899 $9 7515 $a Toupet $b Armand $f 1919-2006 $4 070
702    $3 11890796 $9 12656 $o ISNI0000000121326008 $a Beaujard $b Yves $f 1939-.... $4 440
801  0 $a FR $b FR-751131015 $c 19991004 $g AFNOR $h FRBNF370487580000005 $2 intermrc
856 4  $u http://gallica.bnf.fr/ark:/12148/bpt6k4811896z
999    $a FRBNF370487580000005
995    $0 0 $2 0 $4 0 $5 2005-03-24 $9 81414 $P 4.75 $b MED $c MED $e MED0A $f C0003392749 $h JROPLZZ $k EXT E R P/TOU $o 0 $p 4.75 $r PRETLIV $s EXT_E_R_PTOU $w 61 $y 2019-02-05

