00956nam a2200265   4500
001 71942
003 http://www.mediathequederoubaix.fr/ark:/20179/KH71942
005 20180720090208.0
033    $a http://catalogue.bnf.fr/ark:/12148/cb36986912b
035    $a HZ_RBX127063
090    $a 71942
091    $a 0
099    $t LI $c 2014-06-30 $d 2014-06-30 $x 0
100    $a 19       1998    k  y0frey5003    ba
101    $a fre
200    $a La tache $e les annuités $f Guy Grudzien
210    $a Lille $c Éd. du Lys $d 1998
215    $a 21-[4] p. $d 17 cm
225 0  $a La Collection $v 21
339    $a m
410    $t La Collection $v 21
700 00 $9 280468 $a Grudzien $b Guy $f 1953-....
801    $a FR $b 595126101 $c 20090901 $g AFNOR
930    $5 595126101:C0002404810 $b 595126101 $a MAG L/P 8/116 410 $e Fonds patrimonial
995    $0 0 $2 0 $4 0 $5 2005-03-24 $9 81625 $P 3.66 $b MED $c MED $e MED3I $f C0002404810 $h PPEFGZZ $k MAG L/P 8/116 410 $o 2 $p 3.66 $r PRETLIV $s MAG_LP_8116_410000000000000 $w 2 $y 2008-06-20

