01147ncm a2200277   4500
001 72134
003 http://www.mediathequederoubaix.fr/ark:/20179/KH72134
005 20220106033459.0
035 00 $a HZ_RBX127369
071 0  $a 61212bis $b E.A.S.
090    $a 72134
091    $a 0
099    $t PA $c 2014-06-30 $d 2014-06-30 $x 0
100    $a 19       1930    k  y0frey5003    ba
101    $a fre
200    $a Si vous n'étiez pas aussi jolie $b Musique imprimée $e sérénade du film "Lévy & Cie" $f musique de René Sylviano $g paroles de Marc-Hély
210    $a Paris $c Salabert $d cop. 1930
215    $a 1 partition (2 f.) $c couv. ill. $d 28 cm
300    $a Cachet des chansons Dirick de Roubaix
339    $a m
606    $a Musique de film $x Partitions $2 rameau
700    $4 230 $7 ba0yba0y $8 fre    $a Sylviano $b René $f 1903-1993 $9 40790
701 0  $9 102129 $7 ba0yba0y $8 fre    $a Marc-Hély $f 1887-1961 $4 520
801  0 $a FR $b 595126101 $c 20070829 $g AFNOR
930    $5 595126101:C0002591633 $b 595126101 $a BR 4/1678 $e Fonds patrimonial
995    $0 0 $2 0 $4 0 $5 2005-03-24 $9 81823 $b MED $c MED $e MED3N $f C0002591633 $h PPEPMZZ $k BR 4/1678 $o 2 $r PRETLIV $s BR_41678_000000000000000 $w 0 $y 2014-06-30

