00933nj  a2200229   4500
001 72262
003 http://www.mediathequederoubaix.fr/ark:/20179/KH72262
005 20240511064202.0
035 00 $a HZ_RBX127562
071 0  $b Pathé $a 2 C 068-72274
090    $a 72262
091    $a 1 $b 20240511 $c 0
099    $t DV $c 2014-06-30 $d 2024-05-11 $x 0
100    $a 19               k  y0frey5003    ba
101    $a fre
200    $a Le dernier métro $b Enr. sonore $f Georges Delerue, mus.
339    $a m
701    $7 ba0yba0y $8 fre    $a Marjane $b Léo $f 1912-2016 $3 13897096 $9 2646
700    $7 ba0yba0y $8 fre    $a Delerue $b Georges $f 1925-1992 $3 13893113 $9 2445
801  0 $a FR $b 595126101 $c 20071117 $g AFNOR
930    $5 595126101:C0002789799 $b 595126101 $a FLRSON 30/668 $e Fonds local et régional sonore
995    $0 0 $2 0 $4 0 $5 2005-03-24 $9 81958 $P 15.24 $b MED $c MED $e MED3C $f C0002446579 $h PENRSZZ $k FLRSON 30/3788 $o 2 $p 15.24 $r PRETSON $s FLRSON_303788_000000000000000 $w 0 $y 2014-06-30

