01319nam a2200277   4500
001 72364
003 http://www.mediathequederoubaix.fr/ark:/20179/KH72364
005 20220510071452.0
035 00 $a HZ_RBX127668
090    $a 72364
091    $a 0
099    $t LI $c 2014-06-30 $d 2022-05-10 $x 0
100    $a 19       1976    k  y0frey5003    ba
101    $a fre
200    $a Dodeigne $e sculptures et dessins $e Musée des Beaux-Arts de Lille, 22 octobre 1976- 3 janvier 1977 $f [réd. Hervé Oursel, Martine Vilet]
210    $a Lille $c Musée des beaux-arts de Lille $d 1976
215    $a 28 p., [52] p. de pl. $c ill., couv. ill. $d 25 cm
339    $a m
503    $a Exposition $m Lille $n Musée des Beaux-Arts $j 1976-1977
600    $a Dodeigne $b Eugène $f 1923-.... $x Catalogues d'exposition $2 rameau
701 0  $9 176669 $a Vilet $b Martine
700    $7 ba0yba0y $8 fre    $a Oursel $b Hervé $f 1935-.... $9 80696
801  0 $a FR $b 595126101 $c 20090331 $g AFNOR
930    $5 595126101:C0002429357 $b 595126101 $a MAG L/P 8/110 137 $e Fonds patrimonial
995    $0 0 $2 0 $4 0 $5 2005-03-24 $9 82061 $b MED $c MED $e MED3I $f C0003694858 $h PPEFGZZ $k MAG L/P 8/114 164 $o 2 $r PRETLIV $s MAG_LP_8114_164000000000000 $w 0 $y 2014-06-30
995    $0 0 $2 0 $4 0 $5 2005-03-24 $9 82062 $b MED $c MED $e MED3I $f C0002429357 $h PPEFGZZ $k MAG L/P 8/110 137 $o 2 $r PRETLIV $s MAG_LP_8110_137000000000000 $w 0 $y 2014-06-30

