01468nam a2200385   4500
001 72522
003 http://www.mediathequederoubaix.fr/ark:/20179/KH72522
010    $a 2-7096-1984-9 $b br. $d 129 F
020    $a FR $b 00025985
033    $a http://catalogue.bnf.fr/ark:/12148/cb37078580k
035    $a FRBNF370785800000006
039    $o OPL $a 024807778
090    $a 72522
091    $b 20240511 $c 1 $a 2
099    $t LI $c 2014-06-30 $d 2024-05-11 $x 4
100    $a 19991020d1999    m  y0frey50      ba
101 1  $a fre $c eng
102    $a FR
105    $a ||||z   00|a|
106    $a r
181  0 $6 01 $a i  $b xxxe  
181    $6 02 $c txt $2 rdacontent
182  0 $6 01 $a n
182    $6 02 $c n $2 rdamedia
200 1  $a L'enfant de Dublin $b Texte imprimé $f Peter Sheridan $g trad. de l'anglais par Sylvie Schneiter
210    $a [Paris] $c J.-C. Lattès $d 1999 $e 18-Saint-Amand-Montrond $g Bussière Camedan impr.
215    $a 367 p. $c couv. ill. $d 23 cm
339    $a m
454  1 $t 44, a Dublin memoir
686    $a 823 $2 Cadre de classement de la Bibliographie nationale française
700    $3 13535645 $9 49585 $o ISNI0000000114875009 $a Sheridan $b Peter $4 070
702    $3 13324290 $9 43941 $o ISNI0000000073649100 $a Schneiter $b Sylvie $4 730
801  0 $a FR $b FR-751131015 $c 19991020 $g AFNOR $h FRBNF370785800000006 $2 intermrc
999    $a FRBNF370785800000006
995    $0 0 $2 0 $4 0 $5 2005-03-24 $9 82224 $P 15.73 $b MED $c MED $e MED1A $f C0002424195 $h ALTROZZ $k R/SHE $o 0 $p 15.73 $r PRETLIV $s RSHE $w 17 $y 2023-02-14

