01315nam a2200289   4500
001 72699
003 http://www.mediathequederoubaix.fr/ark:/20179/KH72699
005 20220726065525.0
010    $a 2-85620-374-4
035 00 $a HZ_RBX128062
090    $a 72699
091    $a 0 $s http://www.sudoc.fr/112457789 $m 3
099    $t LI $c 2014-06-30 $d 2022-07-26 $x 0
100    $a 19       1989    k  y0frey5003    ba
101    $a fre
200    $a Histoire de l'architecture française $e de la Renaissance à la Révolution $f Jean-Marie Pérouse de Montclos $g [photogr. Gérard Berton, Bernard Emmanuelli]
210    $a Paris $c Mengès $c Caisse nationale des monuments historiques et des sites $d cop. 1989
215    $a 515 p. $c ill. en noir et en coul., jaq. ill. en coul. $d 26 cm
320    $a Bibliogr. Index
339    $a m
606 0  $a Architecture $y France $2 rameau
702 0  $9 176727 $4 600 $a Berton $b Gérard
702 0  $9 149873 $4 600 $a Emmanuelli $b Bernard
700    $7 ba0yba0y $8 fre    $a Pérouse de Montclos $b Jean-Marie $f 1936-.... $9 3610
801  0 $a FR $b 595126101 $c 20070829 $g AFNOR
930    $5 595126101:C0002436299 $b 595126101 $a MAG L/P 4/208 091 $e Fonds patrimonial
995    $0 0 $2 0 $4 0 $5 2005-03-24 $9 82411 $P 40.02 $b MED $c MED $e MED3J $f C0002436299 $h PPEFGZZ $k MAG L/P 4/208 091 $o 2 $p 40.02 $r PRETLIV $s MAG_LP_4208_091000000000000 $w 0 $y 2014-06-30

