01154nam a2200229   4500
001 72844
003 http://www.mediathequederoubaix.fr/ark:/20179/KH72844
005 20160125020018.0
035 00 $a HZ_RBX128234
090    $a 72844
091    $a 0
099    $t LI $c 2014-06-30 $d 2014-06-30 $x 0
100    $a 19       1821    k  y0frey5003    ba
101    $a fre
200    $a Biographie universelle, ancienne et moderne, ou Histoire, par ordre alphabétique, de la vie publique et privée de tous les hommes qui se sont fait remarquer par leurs écrits, leurs actions, leurs talents, leurs vertus ou leurs crimes. ouvrage entièrement neuf, rédigé par une socété de gens de lettres et de savants $h Tome vingt-huitième $i [MAZ-MIC]
210    $a A Paris $c chez L.G. Michaud $d 1821
215    $a 600 p. $d 21 cm
339    $a m
606 0  $9 243364 $a Célébrités $x Biographies $x Dictionnaires
801  0 $a FR $b 595126101 $c 20070829 $g AFNOR
930    $5 595126101:C0002428199 $b 595126101 $a MAG L/P 8/110 168 $e Fonds patrimonial
995    $0 0 $2 0 $4 0 $5 2005-03-24 $9 82563 $b MED $c MED $e MED3I $f C0002428199 $h PPEFGZZ $k MAG L/P 8/110 168 $o 2 $r PRETLIV $s MAG_LP_8110_168000000000000 $w 0 $y 2014-06-30

