01144na  a2200265   4500
001 73010
003 http://www.mediathequederoubaix.fr/ark:/20179/KH73010
005 20240511064644.0
035 00 $a HZ_RBX128478
090    $a 73010
091    $a 2 $b 20240511 $c 0
099    $t LI $c 2014-06-30 $d 2024-05-11 $x 0
100    $a 19       1976    k  y0frey5003    ba
101    $a fre
200    $a Clarisse, aujourd'hui... $f [Monastère des clarisses, Roubaix]
210    $a Roubaix $b 2, rue de Wasquehal, 59100 $c Monastère des clarisses $d [c. 1976]
215    $a [16]p. $d 7x21 cm
339    $a m
600    $a Claire $c Sainte
601 0  $2 rameau $a Clarisses $y France $y Roubaix (Nord)
601 0  $2 rameau $7 ba0yba0y $8 fre    $a Monastère des Clarisses $c Cormontreuil, Marne $x Bibliotheques $3 15917579 $9 308501 $x Anniversaires
676    $a 255.01
712 0  $7 ba0yba0y $8 fre    $3 15917579 $9 308501 $a Monastère des Clarisses $c Cormontreuil, Marne $x Bibliotheques $2 rameau
801  0 $a FR $b 595126101 $c 20070829 $g AFNOR
995    $0 0 $2 0 $4 0 $5 2005-03-24 $9 82734 $P 24.00 $b MED $c MED $e MED3E $f C0001043124 $h ACFREZZ $k Mag. in-8/41 491 $o 0 $p 24.00 $r PRETLIV $s MAG___IN8_41_491000000000000 $w 0 $y 2014-06-30

