01386nj  a2200301   4500
001 73177
003 http://www.mediathequederoubaix.fr/ark:/20179/KH73177
005 20240511064707.0
035 00 $a HZ_RBX128752
071 0  $b Mode $a 509160
090    $a 73177
091    $a 1 $b 20240511 $c 0
099    $t DV $c 2014-06-30 $d 2024-05-11 $x 0
100    $a 19       1983    k  y0frey5003    ba
101    $a fre
200    $a Souvenirs musette $b Enr. sonore $f Gus Viseur
210    $d 1983
215    $a 1 disque $c 33 tours $d 30 cm
327    $a Face A : Soir de dispute (valse) $a Josseline (valse) $a Bourrasque (valse) $a Franzino (paso doble) $a Imprevu (valse) $a Belle touche (valse) $a Face B : Gracieuzette (valse) $a 15 mai (valse) $a Sans rancune (valse) $a Adios pepita (paso doble) $a Mintch valse (valse) $a Balajo (valse)
339    $a m
606    $a Accordéon, Musique d' $x Disques $2 rameau
606 0  $a Musique de danse $y France $y Nord (France) $x Disques $2 rameau
606    $a Paso-doble (musique) (accordéon) $x Disques $2 rameau
606    $7 ba0yba0y $8 fre    $3 13334311 $9 300924 $a Valses (accordéon) $x Disques $2 rameau
679    $a 573
700    $3 13900889 $7 ba0yba0y $8 fre    $a Viseur $b Gus $f 1915-1974 $9 497
801  0 $a FR $b 595126101 $c 20070829 $g AFNOR
995    $0 0 $2 0 $4 0 $5 2005-03-24 $9 82910 $P 10.00 $b MED $c MED $e MED1A $f C0002168773 $h AMV50ZZ $k DISQ 30/573 VIS $o 0 $p 10.00 $r PRETSON $s DISQ_30_573000000000000_VIS $w 0 $y 2014-06-30

