01362nj  a2200313   4500
001 73389
003 http://www.mediathequederoubaix.fr/ark:/20179/KH73389
005 20240511065113.0
035 00 $a HZ_RBX129021
071 0  $a HNCD 1444 $b Hannibal
090    $a 73389
091    $a 1 $b 20240511 $c 0
099    $t DC $c 2014-06-30 $d 2024-05-11 $x 8
100    $a 19       1999    k  y0frey5003    ba
101    $a fre
200    $a Kulanjan $b Enr. sonore $f Taj Mahal $g Toumani Diabate
210    $d P 1999
215    $a 1 d.c.
327    $a Queen bee $a Tunkaranke $a Ol' Georgie buck $a Kulanjan $a Fanta $a Guede man na $a Catfish blues $a K'an ben $a Take this hammer $a Atlanta kaira $a Mississippi-Mali blues $a Sahara
339    $a m
606    $a Musique $y Mali $x Disques $2 rameau
606    $a Blues $x Disques $2 rameau
606    $7 ba0yba0y $8 fre    $a Kora (instrument de musique) $3 12294382 $9 1285 $x Disques $2 rameau $9 1285
606    $7 ba0yba0y $8 fre    $3 12293433 $9 228 $a Guitare, Musique de (blues) $x Disques $2 rameau
679    $a 017.2
700    $7 ba0yba0y $8 fre    $a Taj Mahal $f 1942-.... $3 13896953 $9 1498
701    $7 ba0yba0y $8 fre    $a Diabaté $b Toumani $f 1965-.... $3 13992944 $9 15456
801  0 $a FR $b 595126101 $c 20080627 $g AFNOR
995    $0 0 $2 0 $4 0 $5 2005-03-24 $9 83130 $P 19.87 $b MED $c MED $e MED1A $f C0002606315 $h AMV90ZZ $k DC/017.2 TAJ $o 0 $p 19.87 $r PRETSON $s DC_017_200000000000000_TAJ $w 102 $y 2023-04-18 $7  $8  $A  $m  $z 

