01076nj  a2200265   4500
001 73606
003 http://www.mediathequederoubaix.fr/ark:/20179/KH73606
005 20240511065145.0
035 00 $a HZ_RBX129323
071 0  $a 7487181 $b Como on t'
090    $a 73606
091    $a 1 $b 20240511 $c 0
099    $t DV $c 2014-06-30 $d 2024-05-11 $x 0
100    $a 19       1987    k  y0frey5003    ba
101    $a fre
200    $a Top secret $b Enr. sonore $f Diane Dufresne
210    $d P 1987
215    $a 1 disque $c 33 t. $d 30 cm
327    $a Face 1 : Vous aurez d'mes nouvelles par les journaux $a Les héros sont fatiguants $a Elsie saisie par le démon $a L'assassin $a Kabuki $a La femme tatoué $a Désir $a Top secret
339    $a m
606    $a Chansons françaises $y Canada $x Disques $2 rameau
679    $a 063.2
700    $7 ba0yba0y $8 fre    $a Dufresne $b Diane $f 1944-.... $3 11969874 $9 4990
801  0 $a FR $b 595126101 $c 20070829 $g AFNOR
995    $0 0 $2 0 $4 0 $5 2005-03-24 $9 83350 $P 10.00 $b MED $c MED $e MED1A $f C0002278196 $h AMV90ZZ $k DISQ 30/063.2 DUF $o 0 $p 10.00 $r PRETSON $s DISQ_30_063000000000000_2_DUF $w 0 $y 2014-06-30

