01139na  a2200277   4500
001 73802
003 http://www.mediathequederoubaix.fr/ark:/20179/KH73802
005 20220731063629.0
010    $a 2-909026-22-1
035 00 $a HZ_RBX129564
090    $a 73802
091    $a 0
099    $t LI $c 2014-06-30 $d 2022-07-31 $x 0
100    $a 19       1999    k  y0frey5003    ba
101    $a fre
200    $a Littérature du Brésil $f Service Prêt aux adultes et adolescents de la Médiathèque de Roubaix
210    $a Roubaix $c Médiathèque de Roubaix $d 1999
215    $a 33 p. $d 30 cm
225 0  $a Catalogues réalisés par la Bibliothèque municipale de Roubaix
339    $a m
410    $t Catalogues réalisés par la Bibliothèque municipale de Roubaix
601    $3 11873703 $7 ba0yba0y $8 fre    $a Médiathèque municipale $c Roubaix, Nord $o ISNI0000000119457770 $9 264587
606 0  $9 246706 $a Littérature brésilienne $x Bibliographie $x Catalogues
676    $a 869
801  0 $a FR $b 595126101 $c 20070829 $g AFNOR
995    $0 0 $2 0 $4 0 $5 2005-03-24 $9 83561 $b MED $c MED $e MED3N $f C0002479417 $h PPEFGZZ $k BR 4/1739 $o 2 $r PRETLIV $s BR_41739_000000000000000 $w 0 $y 2014-06-30

