00988na  a2200241   4500
001 74007
003 http://www.mediathequederoubaix.fr/ark:/20179/KH74007
005 20240512072235.0
035 00 $a HZ_RBX129875
090    $a 74007
091    $a 2 $b 20240512 $c 0
099    $t LI $c 2014-06-30 $d 2024-05-12 $x 0
100    $a 19       1974    k  y0frey5003    ba
101    $a fre
200    $a Croquis $h deuxième album $i Région de l'Est $f Albert Laprade
210    $a Evry $c Serg $c Fréal $d 1974
215    $a n.p. $c ill. en noir $d 25 cm
339    $a m
606    $7 ba0yba0y $8 fre    $a Esquisses (art) $3 11939948 $9 28375
607    $a France $x Divisions politiques et administratives $x Ouvrages illustrés $2 rameau
700 0  $7 ba0yba0y $8 fre    $3 13476796 $9 50147 $4 440 $7 ba0yba0y $8 fre    $a Laprade $b Albert $f 1883-1978
801  0 $a FR $b 595126101 $c 20070829 $g AFNOR
995    $0 0 $2 0 $4 0 $5 2005-03-24 $9 83781 $P 24.00 $b MED $c MED $e MED3E $f C0002449585 $h AAPATAP $k Mag 8/30 206 $o 0 $p 24.00 $r PRETLIV $s MAG_8_300000000000000_206 $w 0 $y 2014-06-30

