01800nam a2200433   4500
001 74217
003 http://www.mediathequederoubaix.fr/ark:/20179/KH74217
010    $b Br. $d 69 F
020    $a FR $b 07709138
033    $a http://catalogue.bnf.fr/ark:/12148/cb347035069
035    $a FRBNF347035060000004
039    $o OPL $a 001760216
090    $a 74217
091    $b 20240512 $c 1 $a 2
099    $t LI $c 2014-06-30 $d 2024-05-12 $x 0
100    $a 19770627d1977    m  y0frey50      ba
101 1  $a fre $b eng $c chi
102    $a FR
105    $a ||||z   00|y|
106    $a r
181  0 $6 01 $a i  $b xxxe  
181    $6 02 $c txt $2 rdacontent
182  0 $6 01 $a n
182    $6 02 $c n $2 rdamedia
200 1  $a Mao Tse-tung parle au peuple $b Texte imprimé $e 1956-1971 $f textes réunis et présentés par Stuart Schram ; traduit de l'anglais par Sylvie Barjansky
210    $a Paris $c Presses universitaires de France $d 1977 $e 41-Vendôme $g Impr. des P.U.F.
215    $a 331 p. $c couv. ill. $d 24 cm
225    $a Collection XX siècle
339    $a m
410  0 $0 34231873 $t Collection 20e siècle $x 0398-6365 $v 2
454  1 $t Mao Tse-tung unrehearsed talks and letters : 1956-1971
501 1  $a Discours $k 1956-1971]
686    $a 32  $2 Cadre de classement de la Bibliographie nationale française
700    $3 12007498 $9 56900 $o ISNI0000000120961122 $a Mao $b Ze dong $4 070
702    $3 11924124 $9 48720 $o ISNI0000000109318021 $a Schram $b Stuart Reynolds $4 340
702    $3 12587842 $9 19174 $o ISNI0000000001508042 $a Barjansky $b Sylvie $4 730
801  0 $a FR $b FR-751131015 $c 19770627 $g AFNOR $h FRBNF347035060000004 $2 intermrc
999    $a FRBNF347035060000004
995    $0 0 $2 0 $4 0 $5 2005-03-24 $9 84004 $P 10.52 $b MED $c MED $e MED3E $f C0002323917 $h ACFHSZZ $k Mag. in-8/30 019 $o 0 $p 10.52 $r PRETLIV $s MAG___IN8_30_019000000000000 $w 0 $y 2014-06-30

