01911cam a2200457   4500
001 74396
003 http://www.mediathequederoubaix.fr/ark:/20179/KH74396
010    $a 2-203-11856-3 $b rel. $d 28 F
020    $a FR $b 00029366
033    $a http://catalogue.bnf.fr/ark:/12148/cb37085113t
035    $a FRBNF370851130000001
039    $o OPL $a 025012277
073  0 $a 9782203118560 $2 ALS
090    $a 74396
091    $b 20240512 $c 1 $a 2
099    $t LI $c 2014-06-30 $d 2024-05-12 $x 3
100    $a 20000110d1999    a  y0frey50      ba
101 1  $a fre $c spa
102    $a BE
105    $a a   z   00|a|
106    $a r
181  0 $6 01 $a i  $b xxxe   $a b  $b xb2e  
181    $6 02 $c txt $c sti $2 rdacontent
182  0 $6 01 $a n
182    $6 02 $c n $2 rdamedia
200 1  $a Au clair de Luna $b Texte imprimé $f Zoé Valdès $g ill. par Claudia Bielinsky $g trad. de l'espagnol, Cuba, par Carmen Val-Julián
210    $a Tournai $a Paris $c Casterman $d 1999 $e impr. en Belgique
215    $a 57 p. $c ill., couv. ill. en coul. $d 18 cm
225    $a Romans Casterman huit et plus $e comme la vie
308    $a 122
339    $a a
410  0 $0 34286180 $t Romans Casterman $x 1373-0800 $v 122
454  1 $t Los aretes de la luna
608    $a Romans $2 CNLJ $k Avis critique donné par le Centre national de la littérature pour la jeunesse
686    $a 823 $2 Cadre de classement de la Bibliographie nationale française
700    $3 12270676 $9 6933 $o ISNI0000000108704393 $a Valdés $b Zoé $f 1959-.... $4 070
702    $3 13341207 $9 16917 $o ISNI0000000083743635 $a Bielinsky $b Claudia $f 1954-.... $4 440
702    $3 12196937 $9 3349 $o ISNI0000000059334073 $a Val Julián $b Carmen $f 1957-2004 $4 730
801  0 $a FR $b FR-751131015 $c 20000110 $g AFNOR $h FRBNF370851130000001 $2 intermrc
999    $a FRBNF370851130000001
995    $0 0 $2 0 $4 0 $5 2005-03-24 $9 84226 $P 4.38 $b MED $c MED $e MED0A $f C0002419491 $h JROROZZ $k EXT E R/VAL $o 0 $p 4.38 $r PRETLIV $s EXT_E_RVAL $w 17 $y 2017-07-06

