01305nj  a2200277   4500
001 74603
003 http://www.mediathequederoubaix.fr/ark:/20179/KH74603
005 20240512072802.0
035 00 $a HZ_RBX130698
071 0  $b Virgin $a 8482702 CDVIR89
090    $a 74603
091    $a 1 $b 20240512 $c 0
099    $t DC $c 2014-06-30 $d 2024-05-12 $x 7
100    $a 19       1999    k  y0frey5003    ba
101    $a fre
200    $a As time gœs by $b Enr. sonore $f Brian Ferry, voix
210    $d P 1999
215    $a 1 d.c. $e 1 livret (n. p. ; 12 cm)
327    $a As time gœs by $a The way you look tonight $a Easy living $a I'm in the mood for love $a Where or when $a When somebody thinks... $a Sweet and lovely $a Miss Otis regrets $a Time on my hand $a Lover come back to me $a Falling in love again $a Love me or leave me $a You do something to me $a Just one of those things $a September song
339    $a m
606    $a Rock (musique) $y Grande-Bretagne $y Angleterre (GB) $x Disques $2 rameau
606    $a Chansons anglaises $x Disques $2 rameau
679    $a 2
700    $7 ba0yba0y $8 fre    $a Ferry $b Bryan $f 1945-.... $3 13893898 $9 12006
801  0 $a FR $b 595126101 $c 20070829 $g AFNOR
995    $0 0 $2 0 $4 0 $5 2005-03-24 $9 84470 $P 18.42 $b MED $c MED $e MED1A $f C0002457164 $h AMV20ZZ $k DC/2 FER $n 2024-06-06 $o 0 $p 18.42 $r PRETSON $s DC_2_000000000000000_FER $w 110 $y 2024-04-25

