01538nam a2200409   4500
001 74755
003 http://www.mediathequederoubaix.fr/ark:/20179/KH74755
010    $b Br. $d 11,40 F
020    $a FR $b 07514637
033    $a http://catalogue.bnf.fr/ark:/12148/cb34574254p
035    $a FRBNF34574254000000X
039    $o OPL $a 000284846
090    $a 74755
091    $b 20240512 $c 1 $a 2
099    $t LI $c 2014-06-30 $d 2024-05-12 $x 0
100    $a 19751029d1975    m  y0frey50      ba
101 0  $a fre
102    $a FR
105    $a a   z   00|y|
106    $a r
181  0 $6 01 $a i  $b xxxe   $a b  $b xb2e  
181    $6 02 $c txt $c sti $2 rdacontent
182  0 $6 01 $a n
182    $6 02 $c n $2 rdamedia
200 1  $a À quoi sert la Bourse ? $b Texte imprimé $f Jean-Claude Leconte
205    $a [Nouvelle éd.]
210    $a Paris $c Éditions du Seuil $d 1975 $e 27-Évreux $g impr. Hérissey
215    $a 154 p. $c graph., couv. ill. en coul. $d 18 cm
225    $a Collection Points $v 64 $i Économie
300    $a Précédemment paru sous le nom de Jean Valeur
339    $a m
410  0 $0 34234518 $t Points (Paris) $x 0768-0481 $v 64
686    $a 32  $2 Cadre de classement de la Bibliographie nationale française
700    $3 12619835 $9 321115 $a Leconte $b Jean-Claude $4 070
801  0 $a FR $b FR-751131015 $c 19751029 $g AFNOR $h FRBNF34574254000000X $2 intermrc
999    $a FRBNF34574254000000X
995    $0 0 $2 0 $4 0 $5 2005-03-24 $9 84649 $P 1.68 $b MED $c MED $e MED3E $f C0002607515 $h ACFSSZZ $k Mag. in-8/29 871 $o 0 $p 1.68 $r PRETLIV $s MAG___IN8_29_871000000000000 $w 0 $y 2014-06-30

