01698cam a2200409   4500
001 74934
003 http://www.mediathequederoubaix.fr/ark:/20179/KH74934
010    $a 2-211-05467-6 $b rel. $d 54 F
020    $a FR $b 00014883
033    $a http://catalogue.bnf.fr/ark:/12148/cb37048742z
035    $a FRBNF370487420000005
039    $o OPL $a 024759842
073  0 $a 9782211054676 $2 ALS
090    $a 74934
091    $b 20240512 $c 1 $a 2
099    $t LI $c 2014-06-30 $d 2024-05-12 $x 78
100    $a 19991004d1999    a  y0frey50      ba
101 0  $a fre
102    $a BE $a FR
105    $a a   z   00|a|
106    $a r
181  0 $6 01 $a i  $b xxxe   $a b  $b xb2e  
181    $6 02 $c txt $c sti $2 rdacontent
182  0 $6 01 $a n
182    $6 02 $c n $2 rdamedia
200 1  $a Que non, je mange ! $b Texte imprimé $f Jeanne Ashbé
210    $a [Bruxelles] $c Pastel $a Paris $c l'École des loisirs $d 1999 $e impr. en Italie
215    $a Non paginé [25] p. $d 18 x 21 cm
339    $a a
608    $a Albums $2 CNLJ $k Avis critique donné par le Centre national de la littérature pour la jeunesse
609 0  $7 ba0yba0y $8 fre    $a Livres de bébé
686    $a 823 $2 Cadre de classement de la Bibliographie nationale française
700    $3 12387717 $9 22492 $o ISNI0000000121357621 $a Ashbé $b Jeanne $f 1955-.... $4 070
801  0 $a FR $b FR-751131015 $c 19991004 $g AFNOR $h FRBNF370487420000005 $2 intermrc
999    $a FRBNF370487420000005
995    $0 0 $2 0 $4 0 $5 2005-03-24 $9 84883 $P 6.17 $b MED $c MED $e MED0A $f C0003201778 $h JABPFAF $k EXT PE A/ASH $o 0 $p 6.17 $r PRETLIV $s EXT_PE_AASH $w 15 $y 2017-05-10
995    $0 3 $2 1 $4 0 $5 2019-11-19 $9 402147 $b MED $c MED $e MED2A $f C2500015116 $h JABPFEV $k PE A/ASH $n 2020-12-15 $o 4 $p 8.23 $r PRETLIV $s PE_A_ASH $w 9 $y 2020-10-01 $A 0

