01377cam a2200385   4500
001 75078
003 http://www.mediathequederoubaix.fr/ark:/20179/KH75078
010    $b Br.
020    $a FR $b 07305272
033    $a http://catalogue.bnf.fr/ark:/12148/cb35183330c
035    $a FRBNF351833300000003
039    $o OPL $a 009571783
090    $a 75078
091    $b 20240512 $c 1 $a 2
099    $t LI $c 2014-06-30 $d 2024-05-12 $x 0
100    $a 19730101d1973    m  y0frey50      ba
101 0  $a fre
102    $a FR
105    $a ||||z   00|||
106    $a r
181  0 $6 01 $a i  $b xxxe  
181    $6 02 $c txt $2 rdacontent
182  0 $6 01 $a n
182    $6 02 $c n $2 rdamedia
200 1  $a «Lusitania» $b Texte imprimé $f Colin Simpson [traduit de l'anglais]
210    $a Paris $c Éditions France-Empire $d [cop. 1973] $e 92-Montrouge $g impr. Dalex
215    $a 1 vol. (334-[8] p.) $c ill. $d 20 cm
300    $a Bibliogr. p. 7 à 14
339    $a m
454  1 $t Lusitania
686    $a 93  $2 Cadre de classement de la Bibliographie nationale française
700    $3 12773299 $9 321131 $a Simpson $b Colin $4 070
801  0 $a FR $b FR-751131015 $c 19730101 $g AFNOR $h FRBNF351833300000003 $2 intermrc
999    $a FRBNF351833300000003
995    $0 0 $2 0 $4 0 $5 2005-03-24 $9 85070 $P 24.00 $b MED $c MED $e MED3E $f C0002339900 $h ACFHSZZ $k Mag. in-8/29 836 $o 0 $p 24.00 $r PRETLIV $s MAG___IN8_29_836000000000000 $w 0 $y 2014-06-30

