01466nam a22003493n 4500
001 75263
003 http://www.mediathequederoubaix.fr/ark:/20179/KH75263
033    $a http://catalogue.bnf.fr/ark:/12148/cb329304405
035    $a FRBNF32930440000000X
039    $o CRI $a LX000306110503PV007
090    $a 75263
091    $a 2 $b 20240514 $c 1
099    $t LI $c 2014-06-30 $d 2024-05-14 $x 0
100    $a 19970701d1965    m  y0frey50      ba
101 0  $a fre
102    $a FR
105    $a ||||z   00|||
106    $a r
181  0 $6 01 $a i  $b xxxe  
181    $6 02 $c txt $2 rdacontent
182  0 $6 01 $a n
182    $6 02 $c n $2 rdamedia
200 1  $a Eléments de mathématiques... $b Texte imprimé $h [2e partie.] $i Algèbre commutative. Chapitre 7. Diviseurs $f N. Bourbaki...
210    $c Hermann $d 1965
215    $a In-8° (24 cm), II-147 p., pl. 36 F. [D. L. 10388-65]
300    $a Actualités scientifiques et industrielles. 1314. N. Bourbaki. Fasc. 31. - On a joint un Mode d'emploi 8 p. et la feuille d'errata n° 12, 6 p.
339    $a m
493    $1 Algèbre commutative / N.Bourbaki . $1 Hermann , 196. .
700    $3 12002825 $9 283669 $o ISNI0000000118813307 $a Bourbaki $b Nicolas $4 070
801  0 $a FR $b FR-751131015 $c 19970701 $g AFNOR $h FRBNF32930440000000X $2 intermrc
999    $a FRBNF32930440000000X
995    $0 0 $2 0 $4 0 $5 2005-03-24 $9 85270 $P 24.00 $b MED $c MED $e MED3E $f C0002342424 $h ACFSCZZ $k Mag. in-8/29 714 $o 0 $p 24.00 $r PRETLIV $s MAG___IN8_29_714000000000000 $w 0 $y 2014-06-30

