01285nam a2200313   4500
001 75416
003 http://www.mediathequederoubaix.fr/ark:/20179/KH75416
005 20220922050326.0
035 00 $a HZ_RBX131902
071 0  $a 807 $b E.D.
090    $a 75416
091    $a 0
099    $t LI $c 2014-06-30 $d 2022-09-22 $x 0
100    $a 19               k  y0frey5003    ba
101    $a fre
200    $a Les statues d'Lille en goguette $b Musique imprimée $e chanson nouvelle $f musique de E. Carbonnel $g paroles de Auguste Labbe $g Bossuyt, interpr.
210    $a Roubaix $c E. Dhondt $d [194-?]
215    $a 1 partition (2 f.) $c couv. ill. $d 28 cm
300    $a Chanson dédicacée à Henri Labbe
307    $a Verso de la page de couverture blanc
339    $a m
600    $3 12008245 $7 ba0yba0y $8 frefre $a Napoléon $d Ier $f 1769-1821 $c empereur des Français $x Chansons $9 8027
607    $9 141253 $a Lille (Nord) $x Chants et musique
700 0  $9 177669 $4 230 $a Carbonnel $b E.
701 0  $9 177670 $4 520 $a Labbe $b Auguste
702 0  $9 177671 $a Bossuyt
801  0 $a FR $b 595126101 $c 20110216 $g AFNOR
930    $5 595126101:C0002479530 $b 595126101 $a BR 4/1713 $e Fonds patrimonial
995    $0 0 $2 0 $4 0 $5 2005-03-24 $9 85470 $b MED $c MED $e MED3N $f C0002479530 $h PPEFGZZ $k BR 4/1713 $o 2 $r PRETLIV $s BR_41713_000000000000000 $w 0 $y 2014-06-30

