01004na  a2200241   4500
001 75619
003 http://www.mediathequederoubaix.fr/ark:/20179/KH75619
005 20240512073433.0
035 00 $a HZ_RBX132254
090    $a 75619
091    $a 2 $b 20240512 $c 0
099    $t LI $c 2014-06-30 $d 2024-05-12 $x 0
100    $a 19       1887    k  y0frey5003    ba
101    $a fre
200    $a Mémoires de Jacques Casanova de Seingalt $e écrits par lui-même $h Tome III
205    $a Ed. originale, la seule complète
210    $a Bruxelles $c Rozez, Libraire-Editeur $d 1887
215    $a 508 p. $d 18 cm
339    $a m
493    $1 Mémoires de Jacques Casanova de Seingalt : écrits par lui-même . $1 Rozez, Libraire-Editeur , 1887 .
700    $7 ba0yba0y $8 fre    $a Casanova $b Giacomo $f 1725-1798 $3 11895403 $9 7266
801  0 $a FR $b 595126101 $c 20100119 $g AFNOR
995    $0 0 $2 0 $4 0 $5 2005-03-24 $9 85707 $P 24.00 $b MED $c MED $e MED3E $f C0002342864 $h ALTTLZZ $k Mag 8/29 598 $o 0 $p 24.00 $r PRETLIV $s MAG_8_290000000000000_598 $w 0 $y 2014-06-30 $7  $8  $A  $m  $z 

