02294cam a2200529   4500
001 75772
003 http://www.mediathequederoubaix.fr/ark:/20179/KH75772
010    $a 2-251-01110-2 $b rel. $d 160 F
020    $a FR $b 09100055
033    $a http://catalogue.bnf.fr/ark:/12148/cb351801632
035    $a FRBNF35180163000000X
039    $o OPL $a 009534144
039    $o OPP $a 37271113 $d 20090217
090    $a 75772
091    $b 20240512 $c 1 $a 2
099    $t LI $c 2014-06-30 $d 2024-05-12 $x 2
100    $a 19900412d1990    m  y0frey50      ba
101 1  $a fre $a lat $c lat
102    $a FR
105    $a ||||z   00|||
106    $a r
181  0 $6 01 $a i  $b xxxe  
181    $6 02 $c txt $2 rdacontent
182  0 $6 01 $a n
182    $6 02 $c n $2 rdamedia
200 1  $a De la nature $h 1 $b Texte imprimé $f Lucrèce $g texte établi et trad. par Alfred Ernout,...
205    $a 6ème tirage, texte latin et apparat critique rev. et corr. $f par Claude Rambaux
210    $a Paris $c les Belles lettres $d 1990 $e 80-Abbeville $g Impr. F. Paillard
215    $a 1 vol. (XXXI-125 p. avec pagination double pour les pages 3 à 125) $d 20 cm
225    $a Collection des universités de France $x 0184-7155
300    $a Trad. des livres I à III de : "De natura rerum"
300    $a Texte latin et trad. française en regard
300    $a Notes bibliogr.
339    $a m
410  0 $0 34227019 $t Collection des universités de France $x 0184-7155 $d 1990
454  0 $t De natura rerum
500 11 $3 12194131 $9 273755 $a De la nature $m français-latin $l Extrait $2 lien automatique
676    $a 871.01 $v 23
676    $a 187 $v 23
686    $a 870 $2 Cadre de classement de la Bibliographie nationale française
686    $a 1 $2 Cadre de classement de la Bibliographie nationale française
700    $3 11913603 $9 40301 $o ISNI0000000121463483 $a Lucrèce $f 0097?-0055 av. J.-C. $4 070
702    $3 11901845 $9 49530 $o ISNI0000000121473016 $a Ernout $b Alfred $f 1879-1973 $4 340
702    $3 11921089 $9 274133 $o ISNI0000000110464034 $a Rambaux $b Claude $4 340
801  0 $a FR $b FR-751131015 $c 19900412 $g AFNOR $h FRBNF35180163000000X $2 intermrc
999    $a FRBNF35180163000000X
995    $0 0 $2 0 $4 0 $5 2005-03-24 $9 85893 $P 24.00 $b MED $c MED $e MED3E $f C0002347319 $h ACFPHZZ $k Mag. in-8/29 466 $o 0 $p 24.00 $r PRETLIV $s MAG___IN8_29_466000000000000 $w 8 $y 2018-06-02

