01021nam a2200265   4500
001 76208
003 http://www.mediathequederoubaix.fr/ark:/20179/KH76208
005 20220919044507.0
010    $a 2-07-025662-6
035 00 $a HZ_RBX133213
090    $a 76208
091    $a 0
099    $t LI $c 2014-06-30 $d 2022-09-19 $x 0
100    $a 19       1997    k  y0frey5003    ba
101    $a fre
200    $a Le petit prince $f Antoine de Saint-Exupéry $g avec les dessins de l'auteur
210    $a Paris $c Gallimard $d 1997
215    $a 93 p. $c ill. en coul., couv. ill. en coul. $d 22 cm
300    $a Envoi ms. de ? à F. Bruce
339    $a m
700    $7 ba0yba0y $8 fre    $a Saint-Exupéry $b Antoine de $f 1900-1944 $9 282880
702    $9 177927 $4 390 $a Bruce $b F.
801  0 $a FR $b 595126101 $c 20050324 $g AFNOR
930    $5 595126101:C0003046322 $b 595126101 $a MAG L/P 8/111 575 $e Fonds patrimonial
995    $0 0 $2 0 $4 0 $5 2005-03-24 $9 86401 $b MED $c MED $e MED3I $f C0003046322 $h PPEFGZZ $k MAG L/P 8/111 575 $o 2 $r PRETLIV $s MAG_LP_8111_575000000000000 $w 0 $y 2014-06-30

