01079nam a2200289   4500
001 76377
003 http://www.mediathequederoubaix.fr/ark:/20179/KH76377
005 20220720053748.0
010    $a 2-265-01505-9
035 00 $a HZ_RBX133484
090    $a 76377
091    $a 0
099    $t LI $c 2014-06-30 $d 2022-07-20 $x 0
100    $a 19       1977    k  y0frey5003    ba
101    $a fre
200    $a Une banane dans l'oreille $e roman spécial-police $f San-Antonio
210    $a Paris $c Ed. Fleuve noir $d 1977
215    $a 218 p. $c couv. ill. en coul. $d 18 cm
225 0  $a San-Antonio $v 75
300    $a Ex dono Bernard Grelle
339    $a m
410    $t San-Antonio $v 75
700    $7 ba0yba0y $8 fre    $a San-Antonio $f 1921-2000 $9 5487
702    $7 ba0yba0y $8 fre    $a Grelle $b Bernard $f 1943-.... $4 320 $9 81239
801  0 $a FR $b 595126101 $c 20100903 $g AFNOR
930    $5 595126101:C0002357877 $b 595126101 $a MAG L/P 8/110 443 $e Fonds patrimonial
995    $0 0 $2 0 $4 0 $5 2005-03-24 $9 86597 $b MED $c MED $e MED3I $f C0002357877 $h PPEFGZZ $k MAG L/P 8/110 443 $o 2 $r PRETLIV $s MAG_LP_8110_443000000000000 $w 0 $y 2014-06-30

