01411nj  a2200301   4500
001 76487
003 http://www.mediathequederoubaix.fr/ark:/20179/KH76487
005 20240512074000.0
035 00 $a HZ_RBX133644
071 0  $a LDX 74611 $b Le Chant du monde/Canto libre
090    $a 76487
091    $a 1 $b 20240512 $c 0
099    $t DV $c 2014-06-30 $d 2024-05-12 $x 0
100    $a 19       1976    k  y0frey5003    ba
101    $a fre
200    $a Angel Parra de Chile $b Enr. sonore $f Arturo Cipriano, fl. et perc. $g Régine Méllac, trad.
210    $d P 1976
215    $a 1 disque $c 33 tours $d 30 cm
327    $a Face 1 : La libertad $a Yo tuve una patria $a Tango en colombes $a Auturetrato $a Que sera de mis hermanos $a Porque manana se abriran las alamedas $a Face 2 : El pœta frente al mar $a El dia que vuelva a encontrar $a Companero presidente $a America del sur $a Levantese companero
339    $a m
606    $a Chansons espagnoles $y Chili $x Disques $2 rameau
606    $a Guitare, Musique de $x Disques $2 rameau
679    $a 043.2
700    $7 ba0yba0y $8 fre    $a Parra $b Ángel $f 1943-2017 $3 13929537 $9 28533
702 0  $a Cipriano $b Arturo
702 0  $7 ba0yba0y $8 fre    $3 11915502 $9 1232 $7 ba0yba0y $8 fre    $a Mellac $b Régine
801  0 $a FR $b 595126101 $c 20070829 $g AFNOR
995    $0 0 $2 0 $4 0 $5 2005-03-24 $9 86715 $P 10.00 $b MED $c MED $e MED1A $f C0002330914 $h AMV90ZZ $k DISQ 30/043.2 PAR $o 0 $p 10.00 $r PRETSON $s DISQ_30_043000000000000_2_PAR $w 0 $y 2014-06-30

