00948na  a2200241   4500
001 76608
003 http://www.mediathequederoubaix.fr/ark:/20179/KH76608
005 20240514045424.0
035 00 $a HZ_RBX133785
090    $a 76608
091    $a 2 $b 20240514 $c 0
099    $t LI $c 2014-06-30 $d 2024-05-14 $x 0
100    $a 19               k  y0frey5003    ba
101    $a fre
200    $a Normandie $e champ de bataille de la Libération $f André Guerin, Michel Saint-Amont
210    $a Caen $c Ed. du Bonhomme libre
215    $a 155 p. $c ill. $d 20 cm
339    $a m
606    $7 ba0yba0y $8 fre    $a Bataille de Normandie (1944) $3 11954125 $9 12134
701 0  $7 ba0yba0y $8 fre    $a Guérin $b André $f 1899-1988 $3 13091898 $9 48952
701 0  $a Saint-Amont $b Michel
801  0 $a FR $b 595126101 $c 20090307 $g AFNOR
995    $0 0 $2 0 $4 0 $5 2005-03-24 $9 86846 $P 24.00 $b MED $c MED $e MED3E $f C0002354332 $h ACFHSZZ $k Mag. in-8/29 282 $o 0 $p 24.00 $r PRETLIV $s MAG___IN8_29_282000000000000 $w 0 $y 2014-06-30

