01128nam a2200265   4500
001 76732
003 http://www.mediathequederoubaix.fr/ark:/20179/KH76732
005 20220927042908.0
035 00 $a HZ_RBX133947
090    $a 76732
091    $a 0
099    $t LI $c 2014-06-30 $d 2022-09-27 $x 0
100    $a 19               k  y0frey5003    ba
101    $a fre
200    $a Voyages $f Chateaubriand
210    $a Paris $c Moutardier $c Anselin et Gaultier Laguionie $d 24 cm
215    $a LIX-312-152 p., [5] f. de pl. $c front., ill. gr. sc. $d 24 cm
225 0  $a Oeuvres complètes de M. le vicomte de Chateaubriand $v 7
327    $a Voyage en Italie $a Voyage à Clermont $a Voyage au Mont-Blanc
339    $a m
410    $t Oeuvres complètes de M. le vicomte de Chateaubriand $v 7
700    $7 ba0yba0y $8 fre    $a Chateaubriand $b François-René de $f 1768-1848 $9 284957
801  0 $a FR $b 595126101 $c 20110504 $g AFNOR
930    $5 595126101:C0002360197 $b 595126101 $a MAG L/P 8/110 701 $e Fonds patrimonial
995    $0 0 $2 0 $4 0 $5 2005-03-24 $9 86979 $b MED $c MED $e MED3I $f C0002360197 $h PPEFGZZ $k MAG L/P 8/110 701 $o 2 $r PRETLIV $s MAG_LP_8110_701000000000000 $w 0 $y 2014-06-30

