01062na  a2200253   4500
001 76888
003 http://www.mediathequederoubaix.fr/ark:/20179/KH76888
005 20240512074438.0
035 00 $a HZ_RBX134131
090    $a 76888
091    $a 2 $b 20240512 $c 0
099    $t LI $c 2014-06-30 $d 2024-05-12 $x 0
100    $a 19       1971    k  y0frey5003    ba
101    $a fre $a eng
200    $a La tragédie du vengeur $d The revengers tragaedie $f Cyril Tourneur $g préf., trad. et notes par Henri Fluchère
210    $a Paris $c Aubier-Montaigne $d 1971
215    $a 349 p. $c couv. ill. $d 19 cm
225 0  $a Collection bilingue des classiques étrangers
339    $a m
410    $t Collection bilingue des classiques étrangers
700 0  $a Tourneur $b Cyril
702 0  $7 ba0yba0y $8 fre    $3 11902983 $9 51534 $4 730 $7 ba0yba0y $8 fre    $a Fluchère $b Henri $f 1898-1987
801  0 $a FR $b 595126101 $c 20050324 $g AFNOR
995    $0 1 $2 0 $4 0 $5 2005-03-24 $9 87137 $P 24.00 $b MED $c MED $e MED3E $f C0002377615 $h ALTROZZ $k Mag. in-8/28 998 $o 4 $p 24.00 $r PRETLIV $s MAG___IN8_28_998000000000000 $w 0 $y 2014-06-30 $7  $8  $A  $m  $z 

