01129na  a2200253   4500
001 77045
003 http://www.mediathequederoubaix.fr/ark:/20179/KH77045
005 20240514045442.0
035 00 $a HZ_RBX134345
090    $a 77045
091    $a 2 $b 20240514 $c 0
099    $t LI $c 2014-06-30 $d 2024-05-14 $x 0
100    $a 19940412d1955    u  u0frey5003    ba
101    $a mul
102    $a FR
200    $a Platon. Oeuvres complètes $h Tome VIII $h 1ère partie $i Parménide $e Texte établi et traduit par Auguste Diès,...
210    $a Paris, Société d'édition les Belles lettres (impr. de Dorel) $d 1965
215    $a Pagination multiple $d 20 cm
300    $a Collection des universités de France, publiée sous le patronage de l'Association Guillaume Budé
339    $a m
700    $7 ba0yba0y $8 frefre $a Platon $f 0427?-0348? av. J.-C. $3 11920019 $9 2907
702    $7 ba0yba0y $8 fre    $a Diès $b Auguste $f 1875-1958 $3 11900174 $4 340 $9 51457
801  0 $a FR $b 595126101 $c 20101015 $g AFNOR
995    $0 0 $2 0 $4 0 $5 2005-03-24 $9 87304 $P 24.00 $b MED $c MED $e MED3E $f C0002377801 $h ACFPHZZ $k Mag. in-8/29 070 $o 0 $p 24.00 $r PRETLIV $s MAG___IN8_29_070000000000000 $w 0 $y 2014-06-30

