01891nj  a2200349   4500
001 77285
003 http://www.mediathequederoubaix.fr/ark:/20179/KH77285
005 20240512074530.0
035 00 $a HZ_RBX134669
071 0  $a WL70531(2) $b Savoy
090    $a 77285
091    $a 1 $b 20240512 $c 0
099    $t DV $c 2014-06-30 $d 2024-05-12 $x 7
100    $a 19       1985    k  y0frey5003    ba
101    $a fre
200    $a Spontaneous combustion $b Enr. sonore $e the savoy sessions $f Cannonball Adderley, saxo alto $g Donald Byrd, trp $g Nat Adderley, cnt $g Horace Silver, p...[et al.]
210    $d P 1985
215    $a 2 disques $c 33 t $d 30 cm
323    $a Interprété aussi par : Paul Chambers, cb ; Kenny Clarke, batt. ; Jerome Richardson, saxo t, fl.
327    $a Disque 1 : Face 1 : Bohemia after dark $a Chasm $a Willow weep for me $a Late entry $a Face 2 : Hear me talkin' to ya $a With apologies to oscar $a We'll be together again $a Disque 2 : Face 3 : Spontaneous combustion $a Still talkin' to ya $a Face 4 : A little taste $a Caribbean cutie $a Flamingo
339    $a m
606    $a Jazz $y Etats-Unis $x Disques $2 rameau
606    $7 ba0yba0y $8 fre    $3 12301507 $9 1680 $a Saxophone, Musique de (jazz) $x Disques $2 rameau
700    $7 ba0yba0y $8 fre    $a Adderley $b Cannonball $f 1928-1975 $3 13890590 $9 7966
702 0  $a Byrd $b Donald $f 1932-2013
702 0  $a Chambers $b Paul $f 1935-1969
702    $7 ba0yba0y $8 fre    $a Richardson $b Jerome $f 1920-2000 $3 13898983 $9 51716
702    $7 ba0yba0y $8 fre    $a Adderley $b Nat $f 1931-2000 $3 13890592 $9 14930
702    $7 ba0yba0y $8 fre    $a Clarke $b Kenny $f 1914-1985 $3 13892538 $9 6083
702    $7 ba0yba0y $8 fre    $a Silver $b Horace $f 1928-2014 $3 13899777 $9 2702
801  0 $a FR $b 595126101 $c 20070829 $g AFNOR
995    $0 0 $2 0 $4 0 $5 2005-03-24 $9 87556 $P 10.00 $b MED $c MED $e MED1A $f C0002332990 $h AMV13ZZ $k DISQ 30/1 ADD $l Contient : 2 disques 30 cm $o 0 $p 10.00 $r PRETSON $s DISQ_30_100000000000000_ADD $w 8 $y 2024-03-28

