01756cam a2200385   4500
001 77428
003 http://www.mediathequederoubaix.fr/ark:/20179/KH77428
010    $a 2-08-067944-9 $b br. $d 100 F
020    $a FR $b 00044596
033    $a http://catalogue.bnf.fr/ark:/12148/cb371004416
035    $a FRBNF371004410000003
039    $o OPL $a 025313565
090    $a 77428
091    $b 20240512 $c 1 $a 2
099    $t LI $c 2014-06-30 $d 2024-05-12 $x 5
100    $a 20000427d2000    m  y0frey50      ba
101 0  $a fre
102    $a FR
105    $a ||||z   00|a|
106    $a r
181  0 $6 01 $a i  $b xxxe  
181    $6 02 $c txt $2 rdacontent
182  0 $6 01 $a n
182    $6 02 $c n $2 rdamedia
200 1  $a Kenavo $b Texte imprimé $e roman $f Serge Joncour
210    $a [Paris] $c Flammarion $d 2000 $e 27-Mesnil-sur-l'Estrée $g Impr. Firmin-Didot
215    $a 179 p. $d 21 cm
330    $a Les Combi, poissonniers de père en fils, sont fiers de leur lignée. Ils décident de raconter leur histoire dans une brochure. Le mouton noir de la famille est chargée de la rédaction de l'opuscule. Hélas, il est en panne d'inspiration. La rencontre d'un Nobel, lui-même sec devant la page blanche tombe heureusement à pic. Sous couvert de les aider, le grand homme pond à leurs dépens un best-seller.
339    $a m
676    $a 843.914 (oeuvre) $v 23
686    $a 823 $2 Cadre de classement de la Bibliographie nationale française
700    $3 13331942 $9 45695 $o ISNI0000000121382114 $a Joncour $b Serge $f 1961-.... $4 070
801  0 $a FR $b FR-751131015 $c 20000427 $g AFNOR $h FRBNF371004410000003 $2 intermrc
999    $a FRBNF371004410000003
995    $0 0 $2 0 $4 0 $5 2005-03-24 $9 87710 $P 12.20 $b MED $c MED $e MED1A $f C0002382602 $h ALTROZZ $k R/JON $o 0 $p 12.20 $r PRETLIV $s RJON $w 14 $y 2024-05-14

