01568cam a22003973  4500
001 77641
003 http://www.mediathequederoubaix.fr/ark:/20179/KH77641
010    $d 750 F
033    $a http://catalogue.bnf.fr/ark:/12148/cb322485949
035    $a FRBNF322485940000007
039    $o CRI $a SU057710830001P
090    $a 77641
091    $a 2 $b 20240514 $c 1
099    $t LI $c 2014-06-30 $d 2024-05-14 $x 0
100    $a 19970701d1958    m  y0frey50      ba
101 0  $a fre
102    $a FR
105    $a ||||z   00|||
106    $a r
181  0 $6 01 $a i  $b xxxe  
181    $6 02 $c txt $2 rdacontent
182  0 $6 01 $a n
182    $6 02 $c n $2 rdamedia
200 1  $a Ludmilla Tchérina $b Texte imprimé $f Nicole Hirsch $g [préface de Pierre Benoit]
210    $a Paris $c del Duca (Impr. Voltaire) $d 1958
215    $a 208 p. $c pl., portr., couv. en coul. $d 19 cm
300    $a Photos de L. Tchérina et dessin par elle-même
339    $a m
600    $3 11926135 $9 295290 $a Tcherina $b Ludmila $f 1924-2004 $2 rameau
686    $a 920 $2 Cadre de classement de la Bibliographie nationale française
700    $3 10958235 $9 315779 $a Hirsch $b Nicole $4 070
702    $3 12004594 $9 34394 $o ISNI0000000108910162 $a Benoit $b Pierre $f 1886-1962 $4 080
801  0 $a FR $b FR-751131015 $c 19970701 $g AFNOR $h FRBNF322485940000007 $2 intermrc
856 4  $u http://gallica.bnf.fr/ark:/12148/bpt6k3390422r
999    $a FRBNF322485940000007
995    $0 0 $2 0 $4 0 $5 2005-03-24 $9 87946 $P 24.00 $b MED $c MED $e MED3E $f C0002624240 $h AZZMAZZ $k Mag. in-8/28 833 $o 0 $p 24.00 $r PRETLIV $s MAG___IN828_833_00000000000000 $w 0 $y 2014-06-30

