01696cam a2200409   4500
001 77854
003 http://www.mediathequederoubaix.fr/ark:/20179/KH77854
010    $a 2-251-01035-1 $b Rel. $d 125 F
033    $a http://catalogue.bnf.fr/ark:/12148/cb37157293m
035    $a FRBNF371572930000009
039    $o OPL $a 007404255
090    $a 77854
091    $b 20240512 $c 1 $a 2
099    $t LI $c 2014-06-30 $d 2024-05-12 $x 0
100    $a 19891208d1989    m  y0frey50      ba
101 0  $a fre
102    $a FR
105    $a ||||z   00|||
106    $a r
181  0 $6 01 $a i  $b xxxe  
181    $6 02 $c txt $2 rdacontent
182  0 $6 01 $a n
182    $6 02 $c n $2 rdamedia
200 1  $a Caton l'ancien $b Texte imprimé $e De la vieillesse $f Cicéron $g texte établi et traduit par Pierre Wuilleumier
210    $a Paris $c les Belles lettres $d 1989 $e 80-Abbeville $g Impr. Paillart
215    $a 139 p.2 p. avec pagination double pour les p.82-135 $d 20 cm
225    $a Collection des universités de France $x 0184-7155
339    $a m
410  0 $0 34227019 $t Collection des universités de France $x 0184-7155
500 11 $3 12177187 $9 275141 $a Caton l'Ancien, de la vieillesse $m français $2 lien automatique
676    $a 875.01 $v 23
676    $a 188 $v 23
700    $3 11885977 $9 7357 $o ISNI0000000139322910 $a Cicéron $f 0106-0043 av. J.-C. $4 070
702    $3 11929432 $9 51951 $o ISNI0000000108643877 $a Wuilleumier $b Pierre $f 1904-1979 $4 730
801  0 $a FR $b FR-751131015 $c 19891208 $g AFNOR $h FRBNF371572930000009 $2 intermrc
999    $a FRBNF371572930000009
995    $0 0 $2 0 $4 0 $5 2005-03-24 $9 88200 $P 24.00 $b MED $c MED $e MED3E $f C0002623139 $h ACFPHZZ $k Mag. in-8/28 877 $o 0 $p 24.00 $r PRETLIV $s MAG___IN8_28_877000000000000 $w 1 $y 2014-06-30

