01136nam a2200289   4500
001 78002
003 http://www.mediathequederoubaix.fr/ark:/20179/KH78002
005 20160125024334.0
035 00 $a HZ_RBX135705
090    $a 78002
091    $a 0
099    $t LI $c 2014-06-30 $d 2014-06-30 $x 0
100    $a 19       1972    k  y0frey5003    ba
101    $a fre
200    $a Mon mémento d'histoire $e des origines à nos jours $e cours de fin d'études primaires $f J. Anscombre
210    $a St-Germain-en-Laye (Yvelines) $c Ed. M.D.I $d 1972
215    $a 52 p., [4] p. vol. $c ill., couv. ill. $d 24 cm
225 0  $a L'Essentiel
339    $a m
410    $t L'Essentiel
606 0  $9 244995 $a Histoire $x Manuels d'enseignement primaire
607    $9 141695 $a France $x Histoire $x Manuels d'enseignement primaire
700 0  $9 178439 $a Anscombre $b Jean
702    $9 152500 $4 320 $a D'hont $b Francis
801  0 $a FR $b 595126101 $c 20070829 $g AFNOR
930    $5 595126101:C0002388551 $b 595126101 $a BR 8/1214 $e Fonds patrimonial
995    $0 0 $2 0 $4 0 $5 2005-03-24 $9 88399 $b MED $c MED $e MED3M $f C0002388551 $h PPEFGZZ $k BR 8/1214 $o 2 $r PRETLIV $s BR_81214_000000000000000 $w 0 $y 2014-06-30

