02101nam a2200421   4500
001 78139
003 http://www.mediathequederoubaix.fr/ark:/20179/KH78139
010    $a 2-87678-671-0 $b br. $d Prix : 69 F : 10,52 EURR
020    $a FR $b 00153122
033    $a http://catalogue.bnf.fr/ark:/12148/cb377045795
035    $a FRBNF377045790000000
039    $o OPL $a 026954894
090    $a 78139
091    $b 20240512 $c 1 $a 2
099    $t LI $c 2014-06-30 $d 2024-05-12 $x 5
100    $a 20011129d2001    m  y0frey50      ba
101 1  $a fre $c chi
102    $a FR
105    $a ||||z   00|a|
106    $a r
181  0 $6 01 $a i  $b xxxe  
181    $6 02 $c txt $2 rdacontent
182  0 $6 01 $a n
182    $6 02 $c n $2 rdamedia
200 1  $a Le livre d'un homme seul $b Texte imprimé $e roman $f Gao Xingjian $g trad. du chinois par Noël et Liliane Dutrait
210    $a La Tour-d'Aigues $c Éd. de l'Aube $d 2001 $e 18-Saint-Amand-Montrond $g Bussière Camedan impr.
215    $a 560 p. $c couv. ill. $d 17 cm
225    $a L'Aube poche $v 65
330    $a Une dénonciation du système totalitaire chinois. A travers les conversations d'un personnage avec une jeune femme allemande et juive sont évoqués l'éveil au monde puis le contact avec la barbarie, les souffrances, les déchirures, débouchant sur une réflexion en profondeur aussi bien sur l'homme que sur les tragédies que la Chine a connu au cours de la seconde moitié du XXe siècle.
339    $a m
410  0 $0 34285536 $t L'Aube poche (La Tour d'Aigues) $x 1258-309X $v 65
686    $a 823 $2 Cadre de classement de la Bibliographie nationale française
700    $3 12215094 $9 2068 $o ISNI0000000121458481 $a Gao $b Xing jian $f 1940-.... $4 070
702    $3 12058512 $9 12343 $o ISNI0000000038077709 $a Dutrait $b Noël $f 1951-.... $4 730
702    $3 13197918 $9 12342 $o ISNI0000000121396153 $a Dutrait $b Liliane $f 1952-2010 $4 730
801  0 $a FR $b FR-751131015 $c 20011129 $g AFNOR $h FRBNF377045790000000 $2 intermrc
999    $a FRBNF377045790000000
995    $0 0 $2 0 $4 0 $5 2005-03-24 $9 88541 $P 16.00 $b MED $c MED $e MED1A $f C0003392121 $h ALTROZZ $k R/GAO $o 0 $p 16.00 $r PRETLIV $s R_GAO $w 10 $y 2022-06-14

