01791nj  a2200313   4500
001 78399
003 http://www.mediathequederoubaix.fr/ark:/20179/KH78399
005 20240512075143.0
035 00 $a HZ_RBX136231
071 0  $a 522020 $b Roulette/Vogue
090    $a 78399
091    $a 1 $b 20240512 $c 0
099    $t DV $c 2014-06-30 $d 2024-05-12 $x 2
100    $a 19       1985    k  y0frey5003    ba
101    $a fre
200    $a Doo wap hits $b Enr. sonore $e 1955-1965 $f Frankie Lymon, The Echœs, G-Clefs, The Cadillacs...[et al.]
210    $d Compil. P 1985
215    $a 1 disque $c 33 t $d 30 cm
306    $a Rééd. d'enr. P 1955 à P 1964
327    $a Face A : Why do fools fall in love / Frankie Lymon $a Ding-Dong / The Echœs $a Cause you're mine / G. Clefs $a My girlfriend / The Cadillacs $a Wedding bells / Tiny Tim & The Hits $a Heart & soul / The Cleftones $a Rip van winkle / The Devotions $a Traveling stranger / Little Anthony & The Imperials $a Got a job / The Miracles $a Face B : Lily Maebelle / The Valentines $a Barbara-Ann / The Regents $a Three steps from the altar / Shep & The Limelites $a Tears on my pillow / Little Anthony & The Imperials $a Genie of the lamp / The Ly-Dells $a The gleam in your eye / The Channels $a Book of love / The Monotones $a Sippin' soda / The Shells $a On sunday afternoon / The Harptones
339    $a m
606    $a Ensembles vocaux $y Etats-Unis $x Disques $2 rameau
606    $a Rhythm and blues $y Etats-Unis $x Anthologies $2 rameau
679    $a 180
700    $7 ba0yba0y $8 fre    $a Lymon $b Frankie $f 1942-1968 $3 13896886 $9 14959
711 0  $a The Echœs
711 0  $a The Cadillacs
801  0 $a FR $b 595126101 $c 20100408 $g AFNOR
995    $0 0 $2 0 $4 0 $5 2005-03-24 $9 88809 $P 10.00 $b MED $c MED $e MED1A $f C0002595815 $h AMV14ZZ $k DISQ 30/180 A $o 0 $p 10.00 $r PRETSON $s DISQ_30_180000000000000_A $w 8 $y 2022-06-01

