01111nam a2200277   4500
001 78592
003 http://www.mediathequederoubaix.fr/ark:/20179/KH78592
005 20220927080032.0
035 00 $a HZ_RBX136464
090    $a 78592
091    $a 0
099    $t LI $c 2014-06-30 $d 2022-09-27 $x 0
100    $a 19       1880    k  y0frey5003    ba
101    $a fre
200    $a Les chansons des rues et des bois $f Victor Hugo
205    $a Édition définitive d'après les manuscrits originaux
210    $a Paris $c Ed. Hetzel-Quantin $d [ca 1880]
215    $a 443 p. $d 24 cm
225 0  $a Oeuvres complètes de Victor Hugo $i Poésie $v 8
339    $a m
410    $t Oeuvres complètes de Victor Hugo. Poésie $v 8
493    $1 Poésie / Victor Hugo $1 Ed. Hetzel-Quantin , [ca 1880]
700    $7 ba0yba0y $8 fre    $a Hugo $b Victor $f 1802-1885 $9 2365
801  0 $a FR $b 595126101 $c 20050324 $g AFNOR
930    $5 595126101:C0002392225 $b 595126101 $a MAG L/P 8/110 971 $e Fonds patrimonial
995    $0 0 $2 0 $4 0 $5 2005-03-24 $9 89011 $b MED $c MED $e MED3I $f C0002392225 $h PPEFGZZ $k MAG L/P 8/110 971 $o 2 $r PRETLIV $s MAG_LP_8110_971000000000000 $w 0 $y 2014-06-30

