01799cam a2200421   4500
001 78710
003 http://www.mediathequederoubaix.fr/ark:/20179/KH78710
010    $b Br. $d 18 F
020    $a FR $b 07201939
033    $a http://catalogue.bnf.fr/ark:/12148/cb35333096s
035    $a FRBNF353330960000006
039    $o OPL $a 011372272
090    $a 78710
091    $b 20240512 $c 1 $a 2
099    $t LI $c 2014-06-30 $d 2024-05-12 $x 0
100    $a 19730101d1972    m  y0frey50      ba
101 0  $a xxx
102    $a XX
105    $a ||||z   00|||
106    $a r
181  0 $6 01 $a i  $b xxxe  
181    $6 02 $c txt $2 rdacontent
182  0 $6 01 $a n
182    $6 02 $c n $2 rdamedia
200 1  $a L'Espagne et son empire d'Amérique $b Texte imprimé $e histoire des structures politiques, économiques et sociales, 1320-1824 $f étude de Manfred Kossok et Walter Markov $g traduit de l'allemand par Marcel David et Charles Minguet
210    $a Paris $c Ediciones hispano americanas $d 1972 $e Paris $g Impr. E.M.U.
215    $a 135-XXXV p. $d 21 cm
300    $a Bibliogr. pp. I-XXXV
339    $a m
454  1 $t Konspekt über das spanische Kolonialsystem
686    $a 93  $2 Cadre de classement de la Bibliographie nationale française
700    $3 12019109 $9 52341 $o ISNI0000000108761769 $a Kossok $b Manfred $4 070
701    $3 12029307 $9 52340 $o ISNI0000000110405608 $a Markov $b Walter $4 070
702    $3 11898798 $9 8767 $o ISNI0000000108643156 $a David $b Marcel $4 730
702    $3 11916220 $9 20653 $o ISNI0000000110575279 $a Minguet $b Charles $4 730
801  0 $a FR $b FR-751131015 $c 19730101 $g AFNOR $h FRBNF353330960000006 $2 intermrc
999    $a FRBNF353330960000006
995    $0 0 $2 0 $4 0 $5 2005-03-24 $9 89151 $P 2.74 $b MED $c MED $e MED3E $f C0002649290 $h ACFHSZZ $k Mag. in-8/28 674 $o 0 $p 2.74 $r PRETLIV $s MAG___IN8_28_674000000000000 $w 4 $y 2014-06-30

