01183nj  a2200277   4500
001 78881
003 http://www.mediathequederoubaix.fr/ark:/20179/KH78881
005 20240512075644.0
035 00 $a HZ_RBX136821
071 0  $b Domino $a 7243 8488782 7
090    $a 78881
091    $a 1 $b 20240512 $c 0
099    $t DC $c 2014-06-30 $d 2024-05-12 $x 3
100    $a 19       2000    k  y0frey5003    ba
101    $a fre
200    $a Little lost soul $b Enr. sonore $f The Third Eye Foundation
210    $d P 2000
215    $a 1 d.c. $e 1 brochure
327    $a I've lost that loving feline $a What is it with you $a Stone cold said so $a Half a tiger $a Lost $a Are you still a cliché ? $a Goodam you've got to be kind
339    $a m
606    $7 ba0yba0y $8 fre    $3 13337262 $9 266576 $a Trip-hop $x Disques $y Grande-Bretagne $y Bristol (GB) $2 rameau
606    $7 ba0yba0y $8 fre    $3 13333727 $9 36711 $a Jungle (musique) $x Disques $y Grande-Bretagne $y Bristol (GB) $2 rameau
679    $a 2 $c 90.3
700 0  $a Third eye foundation
801  0 $a FR $b 595126101 $c 20070829 $g AFNOR
995    $0 0 $2 0 $4 0 $5 2005-03-24 $9 89329 $P 16.62 $b MED $c MED $e MED1A $f C0002460303 $h AMV40ZZ $k DC/8 THI $o 0 $p 16.62 $r PRETSON $s DC_8_000000000000000_THI $w 55 $y 2023-08-19

