01327nj  a2200265   4500
001 79054
003 http://www.mediathequederoubaix.fr/ark:/20179/KH79054
005 20240518212006.0
035 00 $a HZ_RBX137073
071 0  $a 170 081-2 $b Mercury
090    $a 79054
091    $a 1 $b 20240512 $c 0
099    $t DC $c 2014-06-30 $d 2024-05-18 $x 13
100    $a 19       1998    k  y0frey5003    ba
101    $a fre
200    $a Come on over $b Enr. sonore $f Shania Twain
210    $d P 1998
215    $a 1 d.c. $e 1 brochure (15 p. ; 12 cm)
327    $a You're still the one $a when $a From this moment on $a Black eyes, blue tears $a I wont' leave lonely $a I'm holdin' on to love (to save my life) $a Come on over $a You've got a way : Notting Hill remix $a Whatever you do! don't $a Man! I feel like a woman! $a Love gets me every time $a Don't be stupid (you know I love you) $a That don't impress me much : UK dance mix $a Honey, I'm home $a If you wanna touch her, ask! $a Rock this country!
339    $a m
606    $a Rock (musique) $y Canada $x Disques $2 rameau
679    $a 2
700    $7 ba0yba0y $8 fre    $a Twain $b Shania $f 1965-.... $3 14025634 $9 15870
801  0 $a FR $b 595126101 $c 20070829 $g AFNOR
995    $0 0 $2 0 $4 0 $5 2005-03-24 $9 89521 $P 19.63 $b MED $c MED $e MED1A $f C0002333425 $h AMV29ZZ $k DC/6 TWA $n 2024-06-08 $o 0 $p 19.63 $r PRETSON $s DC_6_000000000000000_TWA $w 144 $y 2024-05-18 $A 0

