01102na  a2200253   4500
001 79187
003 http://www.mediathequederoubaix.fr/ark:/20179/KH79187
005 20240512075725.0
035 00 $a HZ_RBX137239
090    $a 79187
091    $a 2 $b 20240512 $c 0
099    $t LI $c 2014-06-30 $d 2024-05-12 $x 0
100    $a 19       1966    k  y0frey5003    ba
101    $a fre
200    $a La Méditerranée et le monde méditerranéen à l'époque de Philippe II $h 2 $f Fernand Braudel
210    $c Armand Colin $d 1966
215    $a 629 p. $d 25 cm
339    $a m
493    $1 La Méditérranée et le monde méditerranéen à l'époque de Philippe II / Fernand Braudel,... . $1 Armand Colin , 1966 .
600 0  $7 ba0yba0y $8 frefre $a Philippe $d II $c roi d'Espagne $f 1527-1598
607    $a Méditerranée (Région) $z 16e siècle $2 rameau
700    $7 ba0yba0y $8 fre    $a Braudel $b Fernand $f 1902-1985 $3 11893813 $9 1731
801  0 $a FR $b 595126101 $c 20110216 $g AFNOR
995    $0 0 $2 0 $4 0 $5 2005-03-24 $9 89670 $P 24.00 $b MED $c MED $e MED3E $f C0002651598 $h ACFHSZZ $k Mag. in-8/28 557 $o 0 $p 24.00 $r PRETLIV $s MAG___IN8_28_557000000000000 $w 0 $y 2014-06-30

