01305nam a22003253n 4500
001 79411
003 http://www.mediathequederoubaix.fr/ark:/20179/KH79411
033    $a http://catalogue.bnf.fr/ark:/12148/cb31755550w
035    $a FRBNF317555500000004
039    $o CRI $a SU007007900001P  
090    $a 79411
091    $a 2 $b 20240512 $c 1
099    $t LI $c 2014-06-30 $d 2024-05-12 $x 0
100    $a 19970701d1958    m  y0frey50      ba
101 0  $a fre
102    $a FR
105    $a ||||z   00|||
106    $a r
181  0 $6 01 $a i  $b xxxe  
181    $6 02 $c txt $2 rdacontent
182  0 $6 01 $a n
182    $6 02 $c n $2 rdamedia
200 1  $a La Perse millénaire . Texte de Noël Ballif. Photographies de Georges Bourdelon $b Texte imprimé
210    $a (Paris,) Arthaud $a (Bellegarde, Impr. S.A.D.A.G.) $d 1958. In-8° (24 cm), 104 p., fig., pl. en noir et en coul., carte, couv. ill. 1 600 fr. [D. L. 2597-58] -VIIIf12-
300    $a Notices et portr. joints
339    $a m
700    $3 10841438 $9 316975 $a Ballif $b Noël $4 070
801  0 $a FR $b FR-751131015 $c 19970701 $g AFNOR $h FRBNF317555500000004 $2 intermrc
999    $a FRBNF317555500000004
995    $0 0 $2 0 $4 0 $5 2005-03-24 $9 89907 $P 24.00 $b MED $c MED $e MED3E $f C0002657471 $h ACFHSZZ $k Mag. in-8/28 433 $o 0 $p 24.00 $r PRETLIV $s MAG___IN8_28_433000000000000 $w 0 $y 2014-06-30

