02598nj  a2200337   4500
001 79666
003 http://www.mediathequederoubaix.fr/ark:/20179/KH79666
005 20240513020139.0
035 00 $a HZ_RBX137910
071 0  $a CDP 7243 8 38376 2 5 $b Capitol Records
090    $a 79666
091    $a 1 $b 20240513 $c 0
099    $t DC $c 2014-06-30 $d 2024-05-13 $x 14
100    $a 19       1996    k  y0frey5003    ba
101    $a fre
200    $a Ultra-Lounge $b Enr. sonore $f Martin Denny, Les Baxter, Yma Sumac, Jackie Davis...[et al.]
210    $d P 1996
215    $a 1 d.c. $e 1 brochure
327    $a Swamp fire / Martin Denny $a Voodoo dreams ; Voodoo / Les Baxters (Mondo exotica) $a Taki rari / Yma Sumac $a Glow worm cha-cha-cha / Jackie Davis (Mambo fever) $a Holiday for strings / The Voices of Walter Schumann $a Lonesome road / Dean Elliott & His Big Band (Space-capade) $a Theme from Route 66 / Nelson Riddle & his orchestra $a Melancholy serenade / King Curtis (Bachelor pad royale) $a Jump, jive An' Wail / Louis Prima $a More / Bobby Darin ((Wild, cool & swingin') $a Girl talk / Howard Roberts $a Go slow / Julie London (Rhapsodia) $a The Peter Gunn theme / Ray Anthony $a Search for vulcan (from "Thunderball") / Leroy Holmes (The crime scene) $a The Pink Panther theme / Hollywood Studio Orchestra $a Teach me tiger / April Stevens (Cocktail capers) $a Cha-cha-cha d'amour / Dean Martin $a So Nice (Samba de Verao) / Billy May (Cha-cha de amor) $a French rat race / The Double Six of Paris $a I love Paris / Jack Costanzo (A bachelor in Paris) $a Rock house / The Ernie Freeman Combo $a Mr. Ghost Gœs to town / The John Buzon Trio (Organs in orbit) $a Bernie's tune / Curley Hamner, Milt Buckner $a Tanya / Plas Johnson (Saxophobia)
339    $a m
606    $a Musique $y Etats-Unis $z 1945 - .... $x Disques $2 rameau
606    $7 ba0yba0y $8 fre    $3 12484954 $9 301016 $a Cha-cha-cha (danse) $x Disques $2 rameau
606    $7 ba0yba0y $8 fre    $a Mambo (danse) $3 12490766 $9 12493 $x Disques $2 rameau $9 12493
606    $7 ba0yba0y $8 fre    $3 12235298 $9 2571 $a Musique d'ambiance $x Anthologies $2 rameau
679    $a 572
701    $7 ba0yba0y $8 fre    $a Curtis $b King $f 1934-1971 $3 13892888 $9 13620
701 0  $7 ba0yba0y $8 fre    $3 14170988 $9 20113 $7 ba0yba0y $8 fre    $a Denny $b Martin $f 1911-2005
701 0  $7 ba0yba0y $8 fre    $3 13994339 $9 20117 $7 ba0yba0y $8 fre    $a Davis $b Jackie $f 1920-....
701    $7 ba0yba0y $8 fre    $a Prima $b Louis $f 1910-1978 $3 13898680 $9 5940
801  0 $a FR $b 595126101 $c 20111222 $g AFNOR
995    $0 0 $2 0 $3 0 $4 0 $5 2005-03-24 $9 90196 $P 18.29 $b MED $c MED $e MED1A $f C0002333433 $h AMV50ZZ $k DC/572 A $o 0 $p 18.29 $r PRETSON $s DC_572_000000000000000_A $w 137 $y 2023-07-18 $A 0

