01189nam a2200265   4500
001 79832
003 http://www.mediathequederoubaix.fr/ark:/20179/KH79832
005 20160125024407.0
035 00 $a HZ_RBX138149
090    $a 79832
091    $a 0
099    $t LI $c 2014-06-30 $d 2014-06-30 $x 0
100    $a 19       1886    k  y0frey5003    ba
101    $a fre
200    $a Les joyeux troubadours $e figaro-ci, figaro-là $e satyre $f paroles et musique de J. de Leeuw $g par la société les canotiers de 1885 établie chez Achin-Duquesne, estaminet douaisien, rue Blanchemaille, 70
210    $a [S.l. $c s.n. $d ca 1886] $e 59-Roubaix $f 11 rue de l'Hospice $g Imp. L. Wallays
215    $a [1] p. $d 27 cm
307    $a Au verso "Les mitrons roubaisiens"
339    $a m
607    $9 141106 $a Roubaix (Nord) $x Musique
700 0  $9 159047 $4 520 $a Leeuw $b Joseph de $c roubaisien
712 00 $9 129296 $a Les canotiers $c Douai, Nord
801  0 $a FR $b 595126101 $c 20111222 $g AFNOR
930    $5 595126101:C0002437106 $b 595126101 $a CLASSEUR/CHANSONS 1/CH71 $e Fonds patrimonial
995    $0 0 $2 0 $4 0 $5 2005-03-24 $9 90369 $b MED $c MED $e MED3S $f C0002437106 $h PPEPMZZ $k CLASSEUR/CHANSONS 1/CH71 $o 2 $r PRETLIV $s CLASSEURCHANSONS_1CH71 $w 0 $y 2014-06-30

