01092nj  a2200265   4500
001 80016
003 http://www.mediathequederoubaix.fr/ark:/20179/KH80016
005 20240513020230.0
035 00 $a HZ_RBX138388
071 0  $b Capitol Compact Disc $a 7243 8 27224 2 7
090    $a 80016
091    $a 1 $b 20240513 $c 0
099    $t DC $c 2014-06-30 $d 2024-05-13 $x 5
100    $a 19       1996    k  y0frey5003    ba
101    $a fre
200    $a Among my swan $b Enr. sonore $f Mazzy Star
210    $d P 1996
215    $a 1 d.c. $e 1 dépliant
327    $a Disappear $a Flowers in december $a Rhymes of an hour $a Cry, cry $a Take everything $a Still cold $a All your sisters $a I've been let down $a Roseblood $a Happy $a Umbilical $a Look on down from the bridge
339    $a m
606    $a Rock (musique) $y Etats-Unis $x Disques $2 rameau
679    $a 2
710 0  $7 ba0yba0y $8 fre    $3 13998089 $9 34563 $7 ba0yba0y $8 fre    $a Mazzy star
801  0 $a FR $b 595126101 $c 20070829 $g AFNOR
995    $0 0 $2 0 $4 0 $5 2005-03-24 $9 90564 $P 7.62 $b MED $c MED $e MED3C $f C0002333108 $h AMV20ZZ $k DC/2 MAZ $o 0 $p 7.62 $r PRETSON $s DC_2_000000000000000_MAZ $w 53 $y 2018-08-07

