01596nam a2200409   4500
001 80251
003 http://www.mediathequederoubaix.fr/ark:/20179/KH80251
010    $a 2-02-039268-2 $b rel. $d Prix : 49 F : 7,47 EUR
020    $a FR $b 00050988
033    $a http://catalogue.bnf.fr/ark:/12148/cb371844901
035    $a FRBNF371844900000005
039    $o OPL $a 025437730
073  0 $a 9782020392686 $2 ALS
090    $a 80251
091    $b 20240513 $c 1 $a 2
099    $t LI $c 2014-06-30 $d 2024-05-13 $x 56
100    $a 20000614d2000    a  y0frey50      ba
101 0  $a fre
102    $a FR
105    $a a   z   00|a|
106    $a r
181  0 $6 01 $a i  $b xxxe   $a b  $b xb2e  
181    $6 02 $c txt $c sti $2 rdacontent
182  0 $6 01 $a n
182    $6 02 $c n $2 rdamedia
200 1  $a L'eau ! $b Texte imprimé $f Agnès Rosenstiehl
210    $a [Paris] $c Seuil jeunesse $d 2000 $e impr. en Belgique
215    $a Non paginé [40] p. $c ill. en coul., couv. ill. en coul. $d 20 cm
225 19 $a Mimi Cracra.
339    $a a
608    $a Albums $2 CNLJ $k Avis critique donné par le Centre national de la littérature pour la jeunesse
609 0  $7 ba0yba0y $8 fre    $a Livres de bébé
686    $a 823 $2 Cadre de classement de la Bibliographie nationale française
700    $3 11922615 $9 13823 $o ISNI0000000121229689 $a Rosenstiehl $b Agnès $f 1941-.... $4 070
801  0 $a FR $b FR-751131015 $c 20000614 $g AFNOR $h FRBNF371844900000005 $2 intermrc
999    $a FRBNF371844900000005
995    $0 0 $2 0 $4 0 $5 2005-03-24 $9 90812 $P 6.57 $b MED $c MED $e MED0A $f C0002632811 $h JABPFAF $k EXT PE A/ROS $o 0 $p 6.57 $r PRETLIV $s EXT_PE_AROS $w 41 $y 2017-05-10

