02327nj  a2200421   4500
001 80452
003 http://www.mediathequederoubaix.fr/ark:/20179/KH80452
005 20240513020942.0
035 00 $a HZ_RBX138942
071 0  $a 543 547-2 $b Universal Music
090    $a 80452
091    $a 1 $b 20240513 $c 0
099    $t DC $c 2014-06-30 $d 2024-05-13 $x 13
100    $a 19       2000    k  y0frey5003    ba
101    $a fre
200    $a In Paris $b Enr. sonore $f Chet Baker, trp
210    $d P 2000
215    $a 1 d.c. $e 1 brochure
323    $a Aussi interprété par : Raymond Fol, Gérard Gustin, Francy Boland, Dick Twardzik, p ; Benny Vasseur, trb ; Teddy Hameline, Armand Migiani, William Boucaya, Jean Aldegon, Jean-Louis Chautemps, saxo ; Benoît Quersin, Jimmy Bond, Eddie de Haas, cb ; Jean-Louis Viale, Bert Dahlander, Pierre Lemarchand, Peter Littman, batt. ; Pierre Michelot, arr.
327    $a Alone together $a Tenderly $a Summertime $a There's a small hotel $a I'll remember april $a Not too slow $a Chet $a Just duo $a Sad walk In a little provincial town $a Exitus $a Tasty pudding $a There foolish things $a Everything happens to me
339    $a m
517    $a Chet Baker in Paris
606    $a Jazz $y Etats-Unis $x Disques $2 rameau
606    $a Cool (musique) $x Disques $2 rameau
606    $a Jazz $y France $x Disques $2 rameau
606    $3 12302286 $9 237 $7 ba0yba0y $8 fre    $a Trompette, Musique de (jazz) $x Disques $2 rameau
679    $a 1 $b 50
700    $7 ba0yba0y $8 fre    $a Baker $b Chet $f 1929-1988 $3 13891071 $9 5033
702    $7 ba0yba0y $8 fre    $a Vasseur $b Benny $f 1926-2015 $3 13900772 $9 268826
702    $7 ba0yba0y $8 fre    $a Boland $b Francy $f 1929-2005 $3 13891645 $9 52647
702    $7 ba0yba0y $8 fre    $a Gustin $b Gérard $f 1930-1994 $3 13932364 $9 17744
702    $7 ba0yba0y $8 fre    $a Fol $b Raymond $f 1928-1979 $3 13894003 $9 17745
702    $7 ba0yba0y $8 fre    $a Bond $b Jimmy $f 1933-2012 $3 13891658 $9 53108
702    $7 ba0yba0y $8 fre    $a Twardzik $b Dick $f 1931-1955 $3 13928989 $9 17741
702    $7 ba0yba0y $8 fre    $a Viale $b Jean-Louis $f 1933-1984 $3 13923615 $9 14790
702 0  $7 ba0yba0y $8 fre    $a Michelot $b Pierre $f 1939-....
801  0 $a FR $b 595126101 $c 20070829 $g AFNOR
995    $0 0 $2 0 $4 0 $5 2005-03-24 $9 91078 $P 18.47 $b MED $c MED $e MED1A $f C0002463547 $h AMV13ZZ $k DC/1 BAK 50 $l Contient 1 cd + 1 brochure $o 0 $p 18.47 $r PRETSON $s DC_1_000000000000000_BAK_50 $w 98 $y 2021-05-18

