01286nam a2200301   4500
001 80614
003 http://www.mediathequederoubaix.fr/ark:/20179/KH80614
005 20180720094213.0
010    $a 2-910432-21-1
033    $a http://catalogue.bnf.fr/ark:/12148/cb371811491
035 00 $a HZ_RBX139163
090    $a 80614
091    $a 0
099    $t LI $c 2014-06-30 $d 2014-06-30 $x 0
100    $a 19       1999    k  y0frey5003    ba
101    $a fre
200    $a A la croisée des chemins, musiques savantes-musiques populaires $e hommage à Georges Sand $f actes du Colloque de La Châtre, 23-25 octobre 1997 $g coord. Joseph Le Floc'h
210    $a Saint-Jouin-De-Milly (Deux-Sèvres) $c FAMDT $d 1999
215    $a 282 p. $c ill., couv. ill. $d 22 cm
225 0  $a Modal-Poche
339    $a m
410    $t Modal-Poche
606 0  $9 242288 $a Musique populaire $y France
702 0  $9 283759 $a Le Floc'h $b Joseph $4 340
710 02 $9 129325 $a Colloque A la croisée des chemins $f 1997-10-23/25 $e La Châtre, Indre
801  0 $a FR $b 595126101 $c 20070829 $g AFNOR
930    $5 595126101:C0002673972 $b 595126101 $a MAG L/P 8/111 155 $e Fonds patrimonial
995    $0 0 $2 0 $4 0 $5 2005-03-24 $9 91247 $P 14.86 $b MED $c MED $e MED3I $f C0002673972 $h PPEFGZZ $k MAG L/P 8/111 155 $o 2 $p 14.86 $r PRETLIV $s MAG_LP_8111_155000000000000 $w 0 $y 2014-06-30

