01329cam a22003493  4500
001 80845
003 http://www.mediathequederoubaix.fr/ark:/20179/KH80845
033    $a http://catalogue.bnf.fr/ark:/12148/cb33069798p
035    $a FRBNF330697980000005
039    $o CRI $a LX001300671002P
090    $a 80845
091    $a 2 $b 20240513 $c 1
099    $t LI $c 2014-06-30 $d 2024-05-13 $x 0
100    $a 19970701d1965    m  y0frey50      ba
101 0  $a fre
102    $a FR
105    $a ||||z   00|||
106    $a r
181  0 $6 01 $a i  $b xxxe  
181    $6 02 $c txt $2 rdacontent
182  0 $6 01 $a n
182    $6 02 $c n $2 rdamedia
200 1  $a Les intentions $b Texte imprimé $f Christiane Lamorlette
210    $a [Paris,] $c Gallimard (Montrouge, Impr. moderne) $d 1965
215    $a 1 vol. (296 p.)
339    $a m
686    $a 840 $2 Cadre de classement de la Bibliographie nationale française
700    $3 12617980 $9 343628 $o ISNI0000000433807601 $a Lamorlette $b Christiane $f 1924-2018 $4 070
801  0 $a FR $b FR-751131015 $c 19970701 $g AFNOR $h FRBNF330697980000005 $2 intermrc
856 4  $u http://gallica.bnf.fr/ark:/12148/bpt6k3340506m
999    $a FRBNF330697980000005
995    $0 0 $2 0 $4 0 $5 2005-03-24 $9 91494 $P 24.00 $b MED $c MED $e MED3E $f C0002683888 $h ALTROZZ $k Mag 8/27 853 $o 0 $p 24.00 $r PRETLIV $s MAG_8_270000000000000_853 $w 0 $y 2014-06-30 $7  $8  $A  $m  $z 

