01852nj  a2200313   4500
001 81021
003 http://www.mediathequederoubaix.fr/ark:/20179/KH81021
005 20240513044334.0
035 00 $a HZ_RBX139769
071 0  $a 542 542-2 $b Philipps
090    $a 81021
091    $a 1 $b 20240513 $c 0
099    $t DC $c 2014-06-30 $d 2024-05-13 $x 21
100    $a 19       2000    k  y0frey5003    ba
101    $a fre
200    $a Versions femmes $b Enr. sonore $f Serge Gainsbourg, comp. $g Jane Birkin, Jo Lemaire, Petula Clark, Régine...[et al.], chant
210    $d P 2000
215    $a 1 d.c. $e 1 brochure (n. p. ; 12 cm)
327    $a L'aquoiboniste / Jane Birkin $a Je suis venue te dire que je m'en vais / Jo Lemaire $a La gadoue / Pétula Clark $a Les p'tits papiers / Régine $a Sous le soleil exactement / Anna Karina $a La javanaise / Juliette Gréco $a Bloody Jack / Zizi Jeanmaire $a Comment te dire adieu / Françoise Hardy $a Poupée de cire poupée de son / France Gall $a Hélicoptère / Mireille Darc $a Dieu fumeur de havane / Catherine Deneuve $a Lulu / Bambou $a La chanson de Prévert / Claire d'Asta $a Pull marine / Isabelle Adjani $a Harley Davidson / Brigitte Bardot $a Fuir le bonheur de peur qu'il ne se sauve / Jane Birkin $a White and black blues / Joëlle Ursull $a Tandem / Vanessa Paradis
339    $a m
606    $a Chansons françaises $x Anthologies $2 rameau
679    $a 099.2
700    $3 13894249 $7 ba0yba0y $8 fre    $a Gainsbourg $b Serge $f 1928-1991 $9 694
702 0  $a Lemaire $b Jo
702 0  $a Régine $f 1929-....
702    $7 ba0yba0y $8 fre    $a Clark $b Petula $f 1932-.... $3 13892546 $9 4385
702    $7 ba0yba0y $8 fre    $a Birkin $b Jane $f 1946-.... $3 13891529 $9 693
801  0 $a FR $b 595126101 $c 20110215 $g AFNOR
995    $0 0 $2 0 $4 0 $5 2005-03-24 $9 91682 $P 20.03 $b MED $c MED $e MED1A $f C0002461935 $h AMV80ZZ $k DC/099.2 GAI $o 0 $p 20.03 $r PRETSON $s DC_099_200000000000000_GAI $w 159 $y 2024-01-10

