01110nam a2200301   4500
001 81237
003 http://www.mediathequederoubaix.fr/ark:/20179/KH81237
010    $a 2-234-05216-5 $b Br.
020    $a FR $b 00050739
021    $a FR $b DL 00-17022
039    $o OPL $a 025474515
090    $a 81237
091    $a 2 $b 20240513 $c 0 $s http://www.sudoc.fr/052066541 $m 3
099    $t LI $c 2014-06-30 $d 2024-05-14 $x 7
100    $a 20000621d2000    m  y0frey50      ba
101 0  $a fre
102    $a FR
105    $a ||||z   00|a|
106    $a r
200 1  $a Un territoire fragile $b Texte imprimé $e roman $f Éric Fottorino
210    $a Paris $c Stock $d 2000 $e 18-Saint-Amand-Montrond $g Bussière Camedan impr.
215    $a 164 p. $c jaquette ill. en coul. $d 22 cm
339    $a m
676    $a 843.1 $v 99
676    $a 843 $v 99a
700    $7 ba0yba0y $8 fre    $a Fottorino $b Éric $f 1960-.... $3 12068291 $4 070 $9 1019
801  0 $a FR $b FR-751131015 $c 20000621 $g AFNOR $h FRBNF371088980000004 $2 intermrc
995    $0 0 $2 0 $4 0 $5 2005-03-24 $9 91906 $P 11.95 $b MED $c MED $e MED1A $f C0002685042 $h ALTROZZ $k R/FOT $n 2024-06-04 $o 0 $p 11.95 $r PRETLIV $s RFOT $w 26 $y 2024-05-14

