01617cam a22003733  4500
001 81465
003 http://www.mediathequederoubaix.fr/ark:/20179/KH81465
010    $d 795 fr.
033    $a http://catalogue.bnf.fr/ark:/12148/cb31911207g
035    $a FRBNF31911207000000X
039    $o CRI $a SU022906320001P
090    $a 81465
091    $a 2 $b 20240513 $c 1
099    $t LI $c 2014-06-30 $d 2024-05-13 $x 0
100    $a 19970701d1957    m  y0frey50      ba
101 0  $a fre
102    $a FR
105    $a ||||z   00|||
106    $a r
181  0 $6 01 $a i  $b xxxe  
181    $6 02 $c txt $2 rdacontent
182  0 $6 01 $a n
182    $6 02 $c n $2 rdamedia
200 1  $a Les grands-pères prodiges $b Texte imprimé $e roman $f Michel Carrouges
210    $a Paris, Plon (impr. de Plon) $d 1957. In-16 (20 cm), 311 p., fig. à l'intérieur de la couv. et sur les p. de garde, couv. mobile en coul. 795 fr. [D. L. 7420-57] -XcR-
215    $a 1 vol. (310 p.) $c fig. à l'intérieur de la couv. et sur les p. de garde, couv. mobile en coul. $d 20 cm
300    $a Le titre est réparti sur 2 p. en regard
339    $a m
686    $a 800 $2 Cadre de classement de la Bibliographie nationale française
700    $3 11895345 $9 297778 $o ISNI0000000083464898 $a Carrouges $b Michel $f 1910-1988 $4 070
801  0 $a FR $b FR-751131015 $c 19970701 $g AFNOR $h FRBNF31911207000000X $2 intermrc
856 4  $u http://gallica.bnf.fr/ark:/12148/bpt6k3349645v
999    $a FRBNF31911207000000X
995    $0 0 $2 0 $4 0 $5 2005-03-24 $9 92154 $P 24.00 $b MED $c MED $e MED3E $f C0002663707 $h ALTROZZ $k Mag. in-8/27 538 $o 0 $p 24.00 $r PRETLIV $s MAG___IN8_27_538000000000000 $w 0 $y 2014-06-30

