02348nj  a2200337   4500
001 81597
003 http://www.mediathequederoubaix.fr/ark:/20179/KH81597
005 20240513044842.0
035 00 $a HZ_RBX140627
071 0  $a AV9809 A+B $b Alia Vox
090    $a 81597
091    $a 1 $b 20240513 $c 0
099    $t DC $c 2014-06-30 $d 2024-05-13 $x 7
100    $a 19       1999    k  y0frey5003    ba
101    $a fre
200    $a Diaspora Sefardi $b Enr. sonore $e romances & musica instrumental $f Montserrat Figueras, chant $g Hespèrion XXI $g Jordi Savall, dir.
210    $d P 1999
215    $a 2 d.c. $e 1 livret (43 p. ; 12 cm)
323    $a "Hespèrion XXI" est composé de : Yair Dalal, oud ; Ken Zukerman, laud & sarod ; Pedro Memelsdorff, flautas, Begona Olavide, psalterium & qanun ; Andrew Lawrence-King, arpa doppia ; Edin Karamazov, Xavier Diaz, laud ; Arianna Savall, arpa medieval ; Jordi Savall, lira, viola & rebab ; Pedro Estevan, perc.
327    $a disque A : Por que llorax blanca nina (romances vocales) : El moro de Antequera (Rhodes) $a Levantose el Conde Nino (Salonica) $a El Rey de Francia (Esmirna) $a Por alli paso un cavallero (Turquia) $a Por que llorax blanca nina (Sarajevo) $a La guinalda de rosas (Rhodes) $a Nani, Nani (Marruecos) $a El Rey que tanto madruga (Sofia) $a Disque B : Las estrellas de los cielos (musica instrumental) : Las estrellas de los cielos / Yo m'enamori d'un aire (Alejandria?) $a En la santa Helena (Sofia) $a A la una yo naci (Sarajevo) $a Improvisacion $a Paxarico tu te Hamas (Sarajevo) $a Yo era nina de casa alta (Esmirna) $a Longe de mi tu estaras (Sofia) $a Hermoza muchachica (Jerusalen) $a Axerico de quinze anos (Salonica?) $a Improvisacion sobre "Axerico"
339    $a m
606    $a Musique $y Afrique du Nord $z 16e siècle $x Disques $2 rameau
606    $a Musique $y Moyen-Orient $z 16e siècle $x Disques $2 rameau
606    $a Séfarades $x Musique $2 rameau
606    $a Ballades espagnoles $x Disques $2 rameau
679    $a 3.03
702 0  $a Figueras $b Montserrat $f 1942-2011
702    $3 13899442 $7 ba0yba0y $8 fre    $a Savall $b Jordi $f 1941-.... $9 6440
710 0  $a Hespèrion XXI
801  0 $a FR $b 595126101 $c 20070829 $g AFNOR
995    $0 0 $2 0 $4 0 $5 2005-03-24 $9 92293 $P 31.13 $b MED $c MED $e MED3C $f C0002690364 $h AMV30ZZ $k DC/3.03 DIA RENAISSANCE $l Contient : 2 CD + 1 livret $o 0 $p 31.13 $r PRETSON $s DC_3_030000000000000_DIA_RENAISSANCE $w 61 $y 2018-09-29 $A 0

