02120nj  a2200325   4500
001 81829
003 http://www.mediathequederoubaix.fr/ark:/20179/KH81829
005 20240513044908.0
035 00 $a HZ_RBX141001
071 0  $a 8.554619 $b Naxos
090    $a 81829
091    $a 1 $b 20240513 $c 0
099    $t DC $c 2014-06-30 $d 2024-05-13 $x 3
100    $a 19       1999    k  y0frey5003    ba
101    $a fre
200    $a Comédie $b Enr. sonore $h [Vol. 1] $f Félix Mendelssohn, Wolfgang Amladeus Mozart, Giuseppe Verdi, Gustav Mahler, ... [et al.]
210    $d Cop. 1999
215    $a 1 d.c. $e 1 brochure
225 0  $a Le classique à l'écran
327    $a 4 mariages et 1 enterrement : Songe d'une nuit d'été (Marche nuptiale) / Félix Mendelssohn $a Green card : Concerto pour clarinette en la Majeur K.622 (adagio) / Wolfgang Amadeus Mozart $a Pretty woman : La Traviata, "Dammi tu forza" / Giuseppe Verdi $a Maris et femmes : Symphonie n9̊, andante (extr.) / Gustav Mahler $a Prêt-à-porter : Les Contes d'Hoffmann, Barcarolle / Jacques Offenbach $a Comédie érotique d'une nuit d'été : Concerto pour piano n2̊ en ré mineur op.40 / Félix Mendelssohn $a Boogie nights : Cantate BWV 147, "Jesu bleibet meine Freude" / Jean-Sébastien Bach $a Peter's friends : Orphée aux enfers, Can-can / Jacques Offenbach $a Madame Butterfly, "Un bel di, vedremo" / Giacomo Puccini $a Sept ans de réflexion : Concerto pour piano n2̊ (moderato) / Serge Rachmaninov
339    $a m
410    $t Le classique à l'écran
606    $a Musique de film $x Anthologies $2 rameau
679    $a 520
701    $3 13984603 $7 ba0yba0y $8 fre    $a Mendelssohn Bartholdy $b Felix $f 1809-1847 $9 3002
701    $7 ba0yba0y $8 fre    $a Mahler $b Gustav $f 1860-1911 $3 13896959 $9 6434
701    $7 ba0yba0y $8 fre    $a Verdi $b Giuseppe $f 1813-1901 $3 13900805 $9 3241
701    $7 ba0yba0y $8 fre    $a Mozart $b Wolfgang Amadeus $f 1756-1791 $3 12214860 $2 rameau $9 2292
801  0 $a FR $b 595126101 $c 20070830 $g AFNOR
995    $0 0 $2 0 $4 0 $5 2005-03-24 $9 92539 $P 8.22 $b MED $c MED $e MED1A $f C0002690940 $h AAPCIMF $k DC/520 A $l Contient 1 cd + 1 brochure $o 0 $p 8.22 $r PRETSON $s DC_520_000000000000000_A $w 59 $y 2024-04-27

