02750cam a2200529   4500
001 81992
003 http://www.mediathequederoubaix.fr/ark:/20179/KH81992
010    $z 2-7274-2780-9 $b br. $d 169 F
020    $a FR $b 00066832
033    $a http://catalogue.bnf.fr/ark:/12148/cb37115252q
035    $a FRBNF371152520000002
039    $o OPL $a 025606760
090    $a 81992
091    $a 2 $b 20240514 $c 1
099    $t LI $c 2014-06-30 $d 2024-05-14 $x 5
100    $a 20000727d2000    m  y0frey50      ba
101 1  $a fre $c spa
102    $a FR
105    $a ||||z   00|y|
106    $a r
181  0 $6 01 $a i  $b xxxe  
181    $6 02 $c txt $2 rdacontent
182  0 $6 01 $a n
182    $6 02 $c n $2 rdamedia
200 1  $a Ce que la culture doit aux Arabes d'Espagne $b Texte imprimé $e essai $f Juan Vernet $g trad. de l'espagnol par Gabriel Martinez Gros
205    $a 2e éd.
210    $a Arles $c Sindbad-Actes Sud $d 2000 $e 18-Saint-Germain-du-Puy $g Impr. Façonnage du Centre
215    $a 461 p. $c couv. ill. en coul. $d 19 cm
225    $a La bibliothèque arabe $i Collection L'histoire décolonisée
300    $a Notes bibliogr. Index
330    $a Le mot "arabe" renvoie ici, non à une religion ou à une ethnie mais à une langue, vecteur de la transmission des savoirs de l'Antiquité classique ou orientale au monde musulman puis au Moyen Age occidental. L'histoire de cet héritage andalou qui a changé l'Europe.
339    $a m
410  0 $0 34231194 $t Bibliothèque arabe. Collection l'histoire décolonisée $x 0337-3282 $d 2000
454  1 $t La cultura hispanoárabe en Oriente y Occidente
606    $3 11965850 $9 21424 $a Arabes $3 11933785 $9 3755 $x Vie intellectuelle $3 11931278 $9 10046 $y Espagne $3 11975717 $9 2046 $z Moyen âge $2 rameau
606    $3 13318305 $9 7392 $a Civilisation occidentale $3 12237696 $9 76874 $x Influence arabe $2 rameau
606    $3 11933226 $9 10219 $a Savoir et érudition $3 12154622 $9 36262 $y Al-Andalus $2 rameau
606    $3 11933691 $9 23166 $a Traduction $3 12154622 $9 36262 $y Al-Andalus $2 rameau
606    $3 13736046 $9 37255 $a Civilisation $y Al-Andalus $3 11975790 $9 3575 $x Influence $2 rameau
606    $3 11933785 $9 3755 $a Vie intellectuelle $3 12154622 $9 36262 $y Al-Andalus $2 rameau
676    $a 909.049 2701 $v 23
686    $a 0   $2 Cadre de classement de la Bibliographie nationale française
700    $3 12849415 $9 274267 $o ISNI0000000109066215 $a Vernet $b Juan $f 1923-2011 $4 070
702    $3 12040326 $9 42260 $o ISNI0000000116965585 $a Martinez-Gros $b Gabriel $f 1950-.... $4 730
801  0 $a FR $b FR-751131015 $c 20000727 $g AFNOR $h FRBNF371152520000002 $2 intermrc
999    $a FRBNF371152520000002
995    $0 0 $2 0 $4 0 $5 2005-03-24 $9 92711 $P 20.61 $b MED $c MED $e MED3A $f C0002706212 $h ACFHSZZ $k Doc./957 ESP $o 0 $p 20.61 $r PRETLIV $s DOC___957_000000000000000_ESP $w 22 $y 2020-07-11

