00827nj  a2200205   4500
001 82186
003 http://www.mediathequederoubaix.fr/ark:/20179/KH82186
005 20240513044941.0
035 00 $a HZ_RBX141549
090    $a 82186
091    $a 1 $b 20240513 $c 0
099    $t DV $c 2014-06-30 $d 2024-05-13 $x 0
100    $a 19               k  y0frey5003    ba
101    $a fre
200    $a Nini patte en l'air $b Enr. sonore $a Fleur de trottoir
339    $a m
700 0  $7 ba0yba0y $8 fre    $a Maryse $f 19..-.... $c scénariste de bandes dessinées
801  0 $a FR $b 595126101 $c 20050324 $g AFNOR
930    $5 595126101:C0002446595 $b 595126101 $a FLRSON 17/3845 $e Fonds local et régional sonore
995    $0 0 $2 0 $4 0 $5 2005-03-24 $9 92908 $P 12.20 $b MED $c MED $e MED3C $f C0002446595 $h PENRSZZ $k FLRSON 17/3845 $o 2 $p 12.20 $r PRETSON $s FLRSON_173845_000000000000000 $w 0 $y 2014-06-30

