01551cam a2200421   4500
001 82307
003 http://www.mediathequederoubaix.fr/ark:/20179/KH82307
010    $a 2-910904-01-6 $b le Carrousel
010    $a 2-7011-2784-X $b Belin
010    $a 2-85794-190-0 $b ACTA $b rel. $d 150 F
020    $a FR $b 00121410
033    $a http://catalogue.bnf.fr/ark:/12148/cb376228892
035    $a FRBNF376228890000009
039    $o OPL $a 025577198
090    $a 82307
091    $b 20240513 $c 1 $a 2
099    $t LI $c 2014-06-30 $d 2024-05-13 $x 0
100    $a 20000719d2000    m  y0frey50      ba
101 0  $a fre
102    $a FR
105    $a a   g   00|y|
106    $a r
181  0 $6 01 $a i  $b xxxe   $a b  $b xb2e  
181    $6 02 $c txt $c sti $2 rdacontent
182  0 $6 01 $a n
182    $6 02 $c n $2 rdamedia
200 1  $a Guide des jardins botaniques de France et des pays francophones $b Texte imprimé
210    $a Paris $c le Carrousel $c Belin $c ACTA $d 2000 $e 37-Tours $g Impr. Mame
215    $a 208 p. $c ill. en coul., couv. ill. en coul. $d 25 cm
300    $a Index
339    $a m
606    $3 11933871 $9 72392 $a Jardins botaniques $2 rameau
608    $3 12045152 $9 8114 $a Répertoires $2 rameau
676    $a 580.73 $v 23
686    $a 58  $2 Cadre de classement de la Bibliographie nationale française
801  0 $a FR $b FR-751131015 $c 20000719 $g AFNOR $h FRBNF376228890000009 $2 intermrc
999    $a FRBNF376228890000009
995    $0 0 $2 0 $4 0 $5 2005-03-24 $9 93032 $P 17.15 $b MED $c MED $e MED2B $f C0002740842 $h ACFUEZZ $k U ETUD/712 GUI $o 2 $p 17.15 $r PRETLIV $s U_ETUD712_GUI $w 0 $y 2014-06-30

