02112cam a2200481   4500
001 82459
003 http://www.mediathequederoubaix.fr/ark:/20179/KH82459
010    $a 2-11-085075-2 $b Br. $d 105 F
020    $a FR $b 29002647
033    $a http://catalogue.bnf.fr/ark:/12148/cb35103948f
035    $a FRBNF351039480000001
039    $o OPL $a 008605325
090    $a 82459
091    $b 20240513 $c 1 $a 2
099    $t LI $c 2014-06-30 $d 2024-05-13 $x 0
100    $a 19901022d1990    m  h0frey50      ba
101 0  $a fre
102    $a FR
105    $a ||||z   00|y|
106    $a r
181  0 $6 01 $a i  $b xxxe  
181    $6 02 $c txt $2 rdacontent
182  0 $6 01 $a n
182    $6 02 $c n $2 rdamedia
200 1  $a Presse régionale française $b Texte imprimé $e catalogue collectif des périodiques microfilmés $f Centre national de coopération des bibliothèques publiques
205    $a 2e éd.
210    $a Massy $c Centre National de coopération des bibliothèques publiques $d 1990
215    $a 1 vol. (257 p.) $c ill. $d 24 cm
339    $a m
606    $3 12008652 $9 22415 $a Périodiques français $2 rameau
606    $3 12101665 $9 53958 $a Périodiques sur microfilm $2 rameau
606    $3 11935931 $9 53959 $a Presse régionale et locale $3 11931476 $9 109 $y France $2 rameau
608    $3 11931688 $9 51466 $a Catalogues collectifs $3 11931476 $9 109 $y France $2 rameau
608    $3 13318324 $9 888 $a Bibliographie $2 rameau
608    $3 11931688 $9 51466 $a Catalogues collectifs $2 rameau
676    $a 015.440 34 $v 23
686    $a 070 $2 Cadre de classement de la Bibliographie nationale française
686    $a 73 $2 Cadre de classement de la Bibliographie nationale française
710    $3 12093890 $9 1645 $o ISNI0000000114646388 $a Centre national de coopération des bibliothèques publiques $c France $4 070
801  0 $a FR $b FR-751131015 $c 19901022 $g AFNOR $h FRBNF351039480000001 $2 intermrc
856 4  $u http://gallica.bnf.fr/ark:/12148/bpt6k33259720
999    $a FRBNF351039480000001
995    $0 0 $2 0 $4 0 $5 2005-03-24 $9 93201 $b MED $c MED $e MED3I $f C0002671190 $h PPEFGZZ $k MAG L/P 8/ 117 373 $o 2 $r PRETLIV $s MAG_LP_8_117000000000000_373 $w 0 $y 2014-06-30

