01027na  a2200229   4500
001 82635
003 http://www.mediathequederoubaix.fr/ark:/20179/KH82635
005 20240513045431.0
035 00 $a HZ_RBX142135
090    $a 82635
091    $a 2 $b 20240513 $c 0
099    $t LI $c 2014-06-30 $d 2024-05-13 $x 1
100    $a 19931207d1958    u  u0frey5003    ba
101    $a fre
102    $a FR
200    $a Félicien Marceau. L'Oeuf $e pièce en 2 actes... [Paris, Théâtre de l'Atelier, 18 décembre 1956.]
210    $a Paris, Gallimard $a (Lagny, impr. E. Grevin et fils) $d 1958. - In-16 (18 cm), 176 p., couv. ill. 450 fr. [D. L. 5381-59] -XcTh-
300    $a Le Manteau d'Arlequin. - La notice sur la couv. est signée : ″Jean Dutourd″
339    $a m
700    $7 ba0yba0y $8 fre    $a Marceau $b Félicien $f 1913-2012 $3 11914391 $9 4162
801  0 $a FR $b 595126101 $c 20050324 $g AFNOR
995    $0 0 $2 0 $4 0 $5 2005-03-24 $9 93390 $P 24.00 $b MED $c MED $e MED3T $f C0002715368 $h PPEFGZZ $k BHIS/229 $o 0 $p 24.00 $r PRETLIV $s BHIS_229_000000000000000 $w 1 $y 2023-03-25 $7  $8  $A  $m  $z 

