02466nam a22004933  4500
001 82832
003 http://www.mediathequederoubaix.fr/ark:/20179/KH82832
010    $a 2-84526-042-3
033    $a http://catalogue.bnf.fr/ark:/12148/cb434200360
035    $a FRBNF434200360000000
039    $o ALS $a 0367658
090    $a 82832
091    $a 2 $b 20240513 $c 1
099    $t LI $c 2014-06-30 $d 2024-05-13 $x 5
100    $a 20040101d2000    a  y0frey50      ba
101 0  $a fre
102    $a XX
105    $a ||||z   00|||
106    $a r
181  0 $6 01 $a i  $b xxxe  
181    $6 02 $c txt $2 rdacontent
182  0 $6 01 $a n
182    $6 02 $c n $2 rdamedia
200 1  $a L'Eclat de la Renaissance $b Texte imprimé $f Karine Delobbe
210    $c PEMF $d 2000
215    $a 33 p.
225 1  $a Bonjour l'histoire
321    $a Escales en littérature de jeunesse
329    $a Un titre qui séduit par la diversité des approches et des perspectives proposées pour comprendre une période riche - tant du point de vue politique, économique et social que du point de vue artistique et littéraire. La qualité de l'iconographie contribue pleinement à la réussite d'un volume qui s'insère dans une série consacrée à l'histoire de France.
333    $a À partir de 9 ans $2 CNLJ $k Avis critique donné par le Centre national de la littérature pour la jeunesse
339    $a a
600    $a Louis $d XII $c roi de France $f 1462-1515 $x Ouvrages pour la jeunesse $2 rameau
600    $a Henri $d III $c roi de France $f 1551-1589 $x Ouvrages pour la jeunesse $2 rameau
600    $a Charles $d IX $c roi de France $f 1550-1574 $x Ouvrages pour la jeunesse $2 rameau
600  1 $a Henri $d II $c roi de france $f 1519-1559 $x Ouvrages pour la jeunesse $2 rameau
600 0  $a François $d I $c roi de France $f 1494-1547 $x Ouvrages pour la jeunesse $2 rameau
606    $3 13318531 $9 14000 $a Renaissance $2 rameau
607    $a France $x Mœurs et coutumes $z Renaissance $x Ouvrages pour la jeunesse $2 rameau
608    $a Documentaires : sciences humaines $2 CNLJ $k Avis critique donné par le Centre national de la littérature pour la jeunesse
676    $a 940.2 $v 23
700    $3 13091010 $9 51944 $o ISNI0000000121210304 $a Delobbe $b Karine $4 070
801  0 $a FR $b FR-751131015 $c 20040101 $g AFNOR $h FRBNF434200360000000 $2 intermrc
999    $a FRBNF434200360000000
995    $0 0 $2 0 $4 0 $5 2005-03-24 $9 93624 $P 8.80 $b MED $c MED $e MED2A $f C0002694318 $h JDT90ZZ $k E/931 REN $o 0 $p 8.80 $r PRETLIV $s E_931_000000000000000_REN $w 32 $y 2024-02-10

