01187nam a2200253   4500
001 83089
003 http://www.mediathequederoubaix.fr/ark:/20179/KH83089
005 20220720022003.0
035 00 $a HZ_RBX142781
090    $a 83089
091    $a 0
099    $t LI $c 2014-06-30 $d 2022-07-20 $x 0
100    $a 19       1983    k  y0frey5003    ba
101    $a fre
200    $a 1ère exposition du Fonds Régional d'Art Contemporain Nord Pas-de-Calais $e du 19 décembre 1983 au 17 février 1984, Banque Scalbert Dupont,... [etc.] $g [dir. de publication Michel Delebarre,...]
210    $a Lille $c FRAC du Nord-Pas de Calais $d 1983
215    $a [1] dépl. de VIII p. $c ill. en noir et en coul. $d 30 cm
339    $a m
503    $a Exposition $m Lille $n Banque Scalbert Dupont $j 1983
601    $7 ba0yba0y $8 fre    $a Fonds régional d'art contemporain $c Haute-Normandie $9 47122
702    $4 340 $7 ba0yba0y $8 fre    $a Delebarre $b Michel $f 1946-2022 $9 24369
801  0 $a FR $b 595126101 $c 20090513 $g AFNOR
930    $5 595126101:C0002675013 $b 595126101 $a BR 4/2006 $e Fonds patrimonial
995    $0 0 $2 0 $4 0 $5 2005-03-24 $9 93989 $b MED $c MED $e MED3N $f C0002675013 $h PPEFGZZ $k BR 4/2006 $o 2 $r PRETLIV $s BR_42006_000000000000000 $w 0 $y 2014-06-30

