01191nj  a2200289   4500
001 83286
003 http://www.mediathequederoubaix.fr/ark:/20179/KH83286
005 20240513045927.0
035 00 $a HZ_RBX143072
071 0  $a 66236 $b CBS
090    $a 83286
091    $a 1 $b 20240513 $c 0
099    $t DV $c 2014-06-30 $d 2024-05-13 $x 11
100    $a 19       1970    k  y0frey5003    ba
101    $a fre
200    $a Bitches brew $b Enr. sonore $f Miles Davis, trp
210    $d P 1970
215    $a 2 disques $c 33 t $d 30 cm
307    $a Coffret de 2 disques
327    $a Disque 1 : face 1 : Pharaoh's dance $a Face 2 : Bitches brew $a Disque 2 : face 1 : Spanish key $a Face 2 :John MacLaughlin $a Miles runs the voodoo down $a Sanctuary
339    $a m
606    $a Jazz $y Etats-Unis $x Disques $2 rameau
606    $3 12302286 $9 237 $7 ba0yba0y $8 fre    $a Trompette, Musique de (jazz) $x Disques $2 rameau
679    $a 1
700    $3 13893030 $7 ba0yba0y $8 fre    $a Davis $b Miles $f 1926-1991 $9 248
801  0 $a FR $b 595126101 $c 20070830 $g AFNOR
995    $0 0 $2 0 $4 0 $5 2005-03-24 $9 94212 $P 10.00 $b MED $c MED $e MED1A $f C0002727496 $h AMV13ZZ $k DISQ 30/1 DAV $l Contient : 2 disques $o 0 $p 10.00 $r PRETSON $s DISQ_30_100000000000000_DAV $w 13 $y 2024-05-07

