01678cam a2200409   4500
001 83508
003 http://www.mediathequederoubaix.fr/ark:/20179/KH83508
010    $a 2-87142-393-8 $b rectifié $z 2-87142-398-2 $b rel.
020    $a FR $b 00452749
033    $a http://catalogue.bnf.fr/ark:/12148/cb392780590
035    $a FRBNF392780590000004
073  0 $a 9782871423935 $2 ALS
090    $a 83508
091    $b 20240513 $c 1 $a 2
099    $t LI $c 2014-06-30 $d 2024-05-13 $x 26
100    $a 20041115d2003    a  y0frey50      ba
101 1  $a fre $c eng
102    $a BE
105    $a ||||z   00|a|
106    $a r
181  0 $6 01 $a i  $b xxxe  
181    $6 02 $c txt $2 rdacontent
182  0 $6 01 $a n
182    $6 02 $c n $2 rdamedia
200 1  $a La maison à dormir debout $b Texte imprimé $f Audrey $g et [ill. par] Don Wood
205    $a 2e éd.
210    $a Namur (Belgique) $c Mijade $a [Paris] $c [diff. Sofedis] $d 2003 $e impr. en Belgique
215    $a Non paginé [28] p. $c ill. en coul., couv. ill. en coul. $d 27 cm
339    $a a
454  1 $t The napping house
608    $a Albums $2 CNLJ $k Avis critique donné par le Centre national de la littérature pour la jeunesse
686    $a 809 $2 Cadre de classement de la Bibliographie nationale française
700    $3 12051402 $9 19181 $o ISNI0000000116582736 $a Wood $b Audrey $4 070
702    $3 12051403 $9 19182 $o ISNI0000000121334649 $a Wood $b Don $f 1945-.... $4 440
801  0 $a FR $b FR-751131015 $c 20041115 $g AFNOR $h FRBNF392780590000004 $2 intermrc
999    $a FRBNF392780590000004
995    $0 0 $2 0 $4 0 $5 2005-09-30 $9 94436 $P 11.00 $b MED $c MED $e MED0A $f C0003960429 $h JABPFAF $k EXT PE A/WOO $o 0 $p 11.00 $r PRETLIV $s EXT_PE_AWOO $w 48 $y 2024-04-17 $7 Bateau Livre $8 MA0C08

