01055nj  a2200253   4500
001 83689
003 http://www.mediathequederoubaix.fr/ark:/20179/KH83689
005 20240513050028.0
035 00 $a HZ_RBX143720
090    $a 83689
091    $a 1 $b 20240513 $c 0
099    $t DV $c 2014-06-30 $d 2024-05-13 $x 0
100    $a 19       1976    k  y0frey5003    ba
101    $a fre
200    $a Meets the rhythm section $b Enr. sonore $f Stéphane Grappelli, vl
210    $d P 1976
215    $a 1 disque $c 33 t $d 30 cm
323    $a Avec : Roland Hanna, p ; Jiri Mraz, BContre ; Mel Lewis, batt.
327    $a Face 1 : Love for sale $a Perugia $a Two cute $a Fascinating rhythm $a Face 2 : Parisian thoroughfare $a Improvisation on prelude in E minor $a Wave $a Hallelujah
339    $a m
679    $a 1
700    $7 ba0yba0y $8 fre    $a Grappelli $b Stéphane $f 1908-1997 $3 13894669 $9 929
801  0 $a FR $b 595126101 $c 20090423 $g AFNOR
995    $0 0 $2 0 $4 0 $5 2005-03-24 $9 94674 $P 10.00 $b MED $c MED $e MED3C $f C0002731869 $h AMV13ZZ $k DISQ 30/1 GRA $o 0 $p 10.00 $r PRETSON $s DISQ_30_100000000000000_GRA $w 0 $y 2014-06-30

