01730nam a2200421   4500
001 83874
003 http://www.mediathequederoubaix.fr/ark:/20179/KH83874
010    $a 2-08-166179-9 $b rel. $d 35 F
020    $a FR $b 00058006
033    $a http://catalogue.bnf.fr/ark:/12148/cb37114534c
035    $a FRBNF371145340000006
039    $o OPL $a 02558848X
073  0 $a 9782081661790 $2 ALS
090    $a 83874
091    $b 20240513 $c 1 $a 2
099    $t LI $c 2014-06-30 $d 2024-05-13 $x 9
100    $a 20000721d2000    a  y0frey50      ba
101 0  $a fre
102    $a FR
105    $a a   z   00|a|
106    $a r
181  0 $6 01 $a i  $b xxxe   $a b  $b xb2e  
181    $6 02 $c txt $c sti $2 rdacontent
182  0 $6 01 $a n
182    $6 02 $c n $2 rdamedia
200 1  $a Cocolico ! $b Texte imprimé $f Christian Jolibois, Hervé Le Goff
210    $a [Paris] $c Père Castor-Flammarion $d 2000 $e 93-Pantin $g Impr. PPO
215    $a 41 p. $c ill. en coul., couv. ill. en coul. $d 19 cm
225    $a Les trois loups $i Loup-garou $x 1281-5780
339    $a a
410  0 $0 34293248 $t Les Trois loups. Loup-garou $x 1281-5780 $d 2000
608    $a Romans $2 CNLJ $k Avis critique donné par le Centre national de la littérature pour la jeunesse
686    $a 823 $2 Cadre de classement de la Bibliographie nationale française
700    $3 13501426 $9 50574 $o ISNI0000000121217178 $a Jolibois $b Christian $f 1948-.... $4 070
702    $3 13176385 $9 40721 $o ISNI0000000121290623 $a Le Goff $b Hervé $f 1971-.... $4 440
801  0 $a FR $b FR-751131015 $c 20000721 $g AFNOR $h FRBNF371145340000006 $2 intermrc
999    $a FRBNF371145340000006
995    $0 0 $2 0 $4 0 $5 2005-03-24 $9 94895 $P 4.70 $b MED $c MED $e MED0A $f C0002769066 $h JRORMZZ $k EXT PRE R/JOL $o 0 $p 4.70 $r PRETLIV $s EXT_PRE_R_JOL $w 21 $y 2023-06-13

