01130nam a2200301   4500
001 84041
003 http://www.mediathequederoubaix.fr/ark:/20179/KH84041
005 20220916032214.0
010    $a 2-913607-04-7
033    $a http://catalogue.bnf.fr/ark:/12148/cb37114598m
035 00 $a HZ_RBX144139
090    $a 84041
091    $a 0
099    $t LI $c 2014-06-30 $d 2022-09-16 $x 0
100    $a 19       2000    k  y0frey5003    ba
101    $a fre
200    $a Si encore l'amour durait, je dis pas $f Fanny Chiarello
210    $a Lille $c Page à Page $d 2000
215    $a 122 p. $c couv. ill. en coul. $d 18 cm
225 0  $a Pépite
300    $a Don de Lire à Roubaix (Ex. L/P 8 111 215)
339    $a m
410    $t Pépite
700    $7 ba0yba0y $8 fre    $a Chiarello $b Fanny $f 1974-.... $9 15318
711    $4 320 $7 ba0yba0y $8 fre    $a Lire à Roubaix $9 72147
801  0 $a FR $b 595126101 $c 20110111 $g AFNOR
930    $5 595126101:C0002814586 $b 595126101 $a MAG L/P 8/111 215 $e Fonds patrimonial
995    $0 0 $2 0 $4 0 $5 2005-03-24 $9 95075 $b MED $c MED $e MED3I $f C0002814586 $h PPEFGZZ $k MAG L/P 8/111 215 $o 2 $r PRETLIV $s MAG_LP_8111_215000000000000 $w 0 $y 2014-06-30

