01499nam a2200397   4500
001 84193
003 http://www.mediathequederoubaix.fr/ark:/20179/KH84193
010    $a 2-278-03858-3 $b br. $d 25 F
020    $a FR $b 09007142
033    $a http://catalogue.bnf.fr/ark:/12148/cb35045930h
035    $a FRBNF350459300000008
039    $o OPL $a 007426294
073  0 $a 9782278038589 $2 ALS
090    $a 84193
091    $b 20240513 $c 1 $a 2
099    $t LI $c 2014-06-30 $d 2024-05-13 $x 0
100    $a 19891215d1989    a  y0frey50      ba
101 0  $a ger
102    $a FR
105    $a a   z   00|a|
106    $a r
181  0 $6 01 $a i  $b xxxe   $a b  $b xb2e  
181    $6 02 $c txt $c sti $2 rdacontent
182  0 $6 01 $a n
182    $6 02 $c n $2 rdamedia
200 1  $a Hamide spielt Hamide $b Texte imprimé $f Annelies Schwarz
210    $a Paris $c Didier $d 1989 $e 45-Saint-Jean-de-Braye $g Impr. nouvelle
215    $a 64 p. $c ill., couv. ill. en coul. $d 19 cm
225    $a Freuden des Lesens $e Facile
339    $a m
410  0 $0 34253760 $t Freuden des Lesens (Paris) $x 1147-3150 $d 1989
686    $a 823 $2 Cadre de classement de la Bibliographie nationale française
700    $3 12134528 $9 54542 $o ISNI000000010903773X $a Schwarz $b Annelies $f 1938-.... $4 070
801  0 $a FR $b FR-751131015 $c 19891215 $g AFNOR $h FRBNF350459300000008 $2 intermrc
999    $a FRBNF350459300000008
995    $0 0 $2 0 $4 0 $5 2005-03-24 $9 95246 $P 4.65 $b MED $c MED $e MED3A $f C0002735287 $h ACFLALE $k ALLEMAND/R SCH $o 0 $p 4.65 $r PRETLIV $s ALLEMANDR_SCH $w 7 $y 2014-06-30

