01121na  a2200313   4500
001 84357
003 http://www.mediathequederoubaix.fr/ark:/20179/KH84357
005 20240513050958.0
010    $d 1.98 EUR.
021    $a FR $b D.L. 69-20892
035 00 $a HZ_RBX144493
090    $a 84357
091    $a 2 $b 20240513 $c 0
099    $t LI $c 2014-06-30 $d 2024-05-13 $x 0
100    $a 19700101d1969    u  y0frey5003    ba
101    $a fre
102    $a FR
105    $a y   zz  00|z|
106    $a r
200    $a Le Ballet de l'avenir $e étude polémique. Préface Yvette Chauviré
210    $a Paris $c O. Perrin $c Gründ $d 1969
215    $a 119 p. $c couv. ill. $d 19 cm
225 1  $a Art, théâtre et métier
339    $a m
410    $t Art, théâtre et métier
700    $7 ba0yba0y $8 fre    $a Boll $b André $f 1896-1983 $3 12182735 $9 78213
702 0  $a Chauviré $b Yvette $f 1917-2016 $7 ba0yba0y $8 fre    $3 13479057 $9 286685 $4 080
801  0 $a FR $b 595126101 $c 20050324 $g AFNOR
995    $0 0 $2 0 $4 0 $5 2005-03-24 $9 95453 $P 1.98 $b MED $c MED $e MED3E $f C0002746107 $h AZZMAZZ $k Mag. in-8/26 749 $o 0 $p 1.98 $r PRETLIV $s MAG___IN826_749_00000000000000 $w 0 $y 2014-06-30

