01000nj  a2200229   4500
001 84486
003 http://www.mediathequederoubaix.fr/ark:/20179/KH84486
005 20240513051026.0
035 00 $a HZ_RBX144635
090    $a 84486
091    $a 1 $b 20240513 $c 0
099    $t DV $c 2014-06-30 $d 2024-05-13 $x 3
100    $a 19               k  y0frey5003    ba
101    $a fre
200    $a When éléphants dream of music $b Enr. sonore $f Bob Moses, comp., batt.
215    $a 1 disque $c 33 t $d 30 cm
327    $a Face 1 : Trevor $a Picolo and lulu $a Everybody knows you when you're up and in $a Lava flow $a Happy to be here today $a Face 2 : For miles $a Black orchid $a Disappearing blues $a Blame it on the egg $a The river
339    $a m
679    $a 1
700    $7 ba0yba0y $8 fre    $a Moses $b Bob $f 1948-.... $3 13897747 $9 14032
801  0 $a FR $b 595126101 $c 20091202 $g AFNOR
995    $0 0 $2 0 $4 0 $5 2005-03-24 $9 95588 $P 10.00 $b MED $c MED $e MED1A $f C0002733992 $h AMV13ZZ $k DISQ 30/1 MOS $o 0 $p 10.00 $r PRETSON $s DISQ_30_100000000000000_MOS $w 3 $y 2024-03-19

