00826nj  a2200217   4500
001 84624
003 http://www.mediathequederoubaix.fr/ark:/20179/KH84624
005 20240513051039.0
035 00 $a HZ_RBX144801
071 0  $b CBS $a 1021
090    $a 84624
091    $a 1 $b 20240513 $c 0
099    $t DV $c 2014-06-30 $d 2024-05-13 $x 0
100    $a 19               k  y0frey5003    ba
101    $a fre
200    $a La danse du tapis $b Enr. sonore
339    $a m
700    $7 ba0yba0y $8 fre    $a Prud'homme $b Émile $f 1913-1974 $3 13193241 $9 2760
801  0 $a FR $b 595126101 $c 20050324 $g AFNOR
930    $5 595126101:C0002791720 $b 595126101 $a FLRSON 30/3968 $e Fonds local et régional sonore
995    $0 0 $2 0 $4 0 $5 2005-03-24 $9 95730 $P 18.29 $b MED $c MED $e MED3C $f C0002791720 $h PENRSZZ $k FLRSON 30/3968 $o 2 $p 18.29 $r PRETSON $s FLRSON_303968_000000000000000 $w 0 $y 2014-06-30

