01974nam a2200457   4500
001 84837
003 http://www.mediathequederoubaix.fr/ark:/20179/KH84837
010    $b Rel. $d 66 F
020    $a FR $b 07515954
033    $a http://catalogue.bnf.fr/ark:/12148/cb34575367j
035    $a FRBNF345753670000008
039    $o OPL $a 00029741X
090    $a 84837
091    $b 20240513 $c 1 $a 2
099    $t LI $c 2014-06-30 $d 2024-05-13 $x 0
100    $a 19751201d1975    m  y0frey50      ba
101 0  $a fre $d eng $d ger
102    $a FR
105    $a a   z   00|y|
106    $a r
181  0 $6 01 $a i  $b xxxe   $a b  $b xb2e  
181    $6 02 $c txt $c sti $2 rdacontent
182  0 $6 01 $a n
182    $6 02 $c n $2 rdamedia
200 1  $a Languedoc roman $b Texte imprimé $e le Languedoc méditerranéen... $f Jacques Lugand,... Jean Nougaret,... Robert Saint-Jean,... $g avec le concours d'André Burgos
210    $a [Saint-Léger-Vauban] $c "Zodiaque" $d 1975 $e 89-La Pierre-qui-Vire $g Presses monastiques
215    $a 419 p. $c ill. en noir et en coul. $d 23 cm
225    $a La Nuit des temps $v 43
300    $a N°spécial de :"/Zodiaque", 1975
300    $a Résumés en anglais et en allemand
300    $a Notes bibliogr.. Index
339    $a m
410  0 $0 34234560 $t La Nuit des temps (Saint-Léger-Vauban) $x 0768-0937 $v 43
686    $a 70  $2 Cadre de classement de la Bibliographie nationale française
700    $3 11913611 $9 54696 $o ISNI0000000047232088 $a Lugand $b Jacques $4 070
701    $3 11917898 $9 274331 $o ISNI0000000116001946 $a Nougaret $b Jean $4 070
701    $3 11923363 $9 274332 $o ISNI0000000114750409 $a Saint-Jean $b Robert $4 070
702    $3 12593988 $9 54697 $o ISNI000000002523412X $a Burgos $b André $4 205
801  0 $a FR $b FR-751131015 $c 19751201 $g AFNOR $h FRBNF345753670000008 $2 intermrc
999    $a FRBNF345753670000008
995    $0 0 $2 0 $4 0 $5 2005-03-24 $9 95975 $P 10.06 $b MED $c MED $e MED3E $f C0002752954 $h AZZMAZZ $k Mag. in-8/26 645 $o 0 $p 10.06 $r PRETLIV $s MAG___IN826_645_00000000000000 $w 0 $y 2014-06-30

