01211nam a22003373n 4500
001 85209
003 http://www.mediathequederoubaix.fr/ark:/20179/KH85209
033    $a http://catalogue.bnf.fr/ark:/12148/cb329180788
035    $a FRBNF329180780000004
039    $o CRI $a LX000206530301P 
090    $a 85209
091    $a 2 $b 20240513 $c 1
099    $t LI $c 2014-06-30 $d 2024-05-13 $x 0
100    $a 19970701d1968    m  y0frey50      ba
101 0  $a fre
102    $a FR
105    $a ||||z   00|||
106    $a r
181  0 $6 01 $a i  $b xxxe  
181    $6 02 $c txt $2 rdacontent
182  0 $6 01 $a n
182    $6 02 $c n $2 rdamedia
200 1  $a Défense de mourir $b Texte imprimé $f Jean-Pierre Beltoise
210    $a [Paris,] $c R. Solar $d 1968
215    $a In-8° (21 cm), 285 p., ill. 17 F. [D. L. 14536-68]
300    $a Télévision
339    $a m
700    $3 11891112 $9 54848 $o ISNI0000000360878467 $a Beltoise $b Jean-Pierre $4 070
801  0 $a FR $b FR-751131015 $c 19970701 $g AFNOR $h FRBNF329180780000004 $2 intermrc
999    $a FRBNF329180780000004
995    $0 0 $2 0 $4 0 $5 2005-03-24 $9 96381 $P 24.00 $b MED $c MED $e MED3E $f C0002754655 $h AZZMAZZ $k Mag. in-8/26 522 $o 0 $p 24.00 $r PRETLIV $s MAG___IN826_522_00000000000000 $w 0 $y 2014-06-30

