01237nj  a2200277   4500
001 85378
003 http://www.mediathequederoubaix.fr/ark:/20179/KH85378
005 20240513051605.0
035 00 $a HZ_RBX145802
071 0  $a VVR1013562 $b Sidéral
090    $a 85378
091    $a 1 $b 20240513 $c 0
099    $t DC $c 2014-06-30 $d 2024-05-13 $x 10
100    $a 19       2000    k  y0frey5003    ba
101    $a fre
200    $a Mieux qu'ici bas $b Enr. sonore $f Isabelle Boulay
210    $d P 2000
215    $a 1 d.c. $e 1 brochure
327    $a Parle-moi $a Jeu tentant $a Un jour ou l'autre $a Jamais assez loin $a Trop de choses $a Cœur combat $a Mieux qu'ici-bas $a Je m'en contenterai $a Quand vos cœurs m'appellent $a Je n'voudrais pas t'aimer $a C'était notre histoire $a Quelques pleurs $a Où tu t'en vas ? $a Nos rivières
339    $a m
606    $a Chansons françaises $y Canada $y Québec (Canada) $x Disques $2 rameau
679    $a 063.2
700    $7 ba0yba0y $8 fre    $a Boulay $b Isabelle $f 1972-.... $3 13994344 $9 54918
702  1 $4 320 $a Cartegnie $b Marie-Pierre
801  0 $a FR $b 595126101 $c 20110915 $g AFNOR
995    $0 0 $2 0 $4 0 $5 2005-03-24 $9 96562 $P 17.08 $b MED $c MED $e MED1A $f C0005476121 $h AMV90ZZ $k DC/063.2 BOU $o 0 $p 17.08 $r PRETSON $s DC_063_200000000000000_BOU $w 123 $y 2023-07-13

