01385nj  a2200289   4500
001 85604
003 http://www.mediathequederoubaix.fr/ark:/20179/KH85604
005 20240513052038.0
035 00 $a HZ_RBX146142
071 0  $b Small/Secteur ä $a SMA497766-2
090    $a 85604
091    $a 1 $b 20240513 $c 0
099    $t DC $c 2014-06-30 $d 2024-05-13 $x 1
100    $a 19       2000    k  y0frey5003    ba
101    $a fre
200    $a Le bilan $b Enr. sonore $f Jacky & Ben-J
210    $d P 2000
215    $a 1 d.c. $e 1 dépl.
327    $a Le bilan $a Personne $a Ragga salsa / avec Mc Janik $a Ca dégénère $a Un nouveau souffle $a Les enfants du soleil $a On fait les choses en 2.0.0.0. / avec Mystik, Rohff & Pit Baccardi $a Quitter son pays $a Têtes brulées / avec J. Mi $a Front line / avec Frankie Paul $a Jai dit oui / avec Kwin $a Levez les mains bien haut $a Fiers d'être nèg'marrons $a Faut k'ça saigne / avec Sat & Menzo de la Fonky Family
339    $a m
606    $a Reggae (musique) $y France $x Disques $2 rameau
606    $a Rap (musique) $y France $x Disques $2 rameau
606    $7 ba0yba0y $8 fre    $3 12548808 $9 917 $a Raggamuffin $x Disques $y France $2 rameau
679    $a 052.2
710 0  $a Jacky & Ben-J
801  0 $a FR $b 595126101 $c 20070830 $g AFNOR
995    $0 0 $2 0 $4 0 $5 2005-03-24 $9 96803 $P 18.28 $b MED $c MED $e MED1A $f C0002728117 $h AMV16ZZ $k DC/052.2 JAC $o 0 $p 18.28 $r PRETSON $s DC_052_200000000000000_JAC $w 99 $y 2017-03-23

