01569cam a2200409   4500
001 85741
003 http://www.mediathequederoubaix.fr/ark:/20179/KH85741
010    $d 10 F
020    $a FR $b 07022253
033    $a http://catalogue.bnf.fr/ark:/12148/cb35186564z
035    $a FRBNF351865640000006
039    $o OPL $a 009603576
090    $a 85741
091    $b 20240513 $c 1 $a 2
099    $t LI $c 2014-06-30 $d 2024-05-13 $x 0
100    $a 19710101d1970    m  y0frey50      ba
101 0  $a fre
102    $a FR
105    $a ||||z   00|||
106    $a r
181  0 $6 01 $a i  $b xxxe  
181    $6 02 $c txt $2 rdacontent
182  0 $6 01 $a n
182    $6 02 $c n $2 rdamedia
200 1  $a L'enseignement programmé à l'école $b Texte imprimé $e essai de psychopédagogie $f par Jean Guglielmi,..
210    $a Paris $c Presses universitaires de France $d 1970
215    $a 1 vol. (148 p.) $c ill. $d 18 cm
225    $a Collection Sup $i L'Éducateur $v 33
300    $a Bibliogr. pp. 141-144
339    $a m
410  0 $0 34232033 $t L'Educateur (Paris) $x 0424-5237 $v 33
686    $a 370 $2 Cadre de classement de la Bibliographie nationale française
700    $3 12774452 $9 274366 $o ISNI0000000001979485 $a Guglielmi $b Jean $f 1933-2022 $4 070
801  0 $a FR $b FR-751131015 $c 19710101 $g AFNOR $h FRBNF351865640000006 $2 intermrc
856 4  $u http://gallica.bnf.fr/ark:/12148/bpt6k3348632x
999    $a FRBNF351865640000006
995    $0 0 $2 0 $4 0 $5 2005-03-24 $9 96950 $P 24.00 $b MED $c MED $e MED3E $f C0002761238 $h AZZMAZZ $k Mag. in-8/26 208 $o 0 $p 24.00 $r PRETLIV $s MAG___IN826_208_00000000000000 $w 0 $y 2014-06-30

