01393cam a22003853  4500
001 85899
003 http://www.mediathequederoubaix.fr/ark:/20179/KH85899
010    $d 43 F
020    $a FR $b 07019910
033    $a http://catalogue.bnf.fr/ark:/12148/cb35375148h
035    $a FRBNF353751480000008
039    $o OPL $a 012065059
090    $a 85899
091    $b 20240513 $c 1 $a 2
099    $t LI $c 2014-06-30 $d 2024-05-13 $x 0
100    $a 19710101d1970    m  y0frey50      ba
101 0  $a fre
102    $a FR
105    $a ||||z   00|y|
106    $a r
181  0 $6 01 $a i  $b xxxe  
181    $6 02 $c txt $2 rdacontent
182  0 $6 01 $a n
182    $6 02 $c n $2 rdamedia
200 1  $a L'entreprise Éducation nationale $b Texte imprimé $f Jacques Minot,..
210    $a Paris $c A. Colin $d 1970
215    $a 1 vol. (432 p.) $c ill. $d 24 cm
225    $a Collection U $i Série Science administrative
300    $a Notes bibliogr.
339    $a m
410  0 $0 37336275 $t Collection U. Série Science administrative $x 2271-9377 $d 1970
700    $3 11916229 $9 26531 $o ISNI0000000110196703 $a Minot $b Jacques $f 1914-1990 $4 070
801  0 $a FR $b FR-751131015 $c 19710101 $g AFNOR $h FRBNF353751480000008 $2 intermrc
999    $a FRBNF353751480000008
995    $0 0 $2 0 $4 0 $5 2005-03-24 $9 97111 $P 24.00 $b MED $c MED $e MED3E $f C0002764147 $h AZZMAZZ $k Mag. in-8/26 086 $o 0 $p 24.00 $r PRETLIV $s MAG___IN826_086_00000000000000 $w 0 $y 2014-06-30

