01054nj  a2200265   4500
001 86048
003 http://www.mediathequederoubaix.fr/ark:/20179/KH86048
005 20240513052250.0
035 00 $a HZ_RBX146667
090    $a 86048
091    $a 1 $b 20240513 $c 0
099    $t DV $c 2014-06-30 $d 2024-05-13 $x 3
100    $a 19       1987    k  y0frey5003    ba
101    $a fre
200    $a Up front $b Enr. sonore $f Cedar Walton, p $g David Williams, BContre $g Billy Higgins, batt.
210    $d P 1987
215    $a 1 disque $c 33 t $d 30 cm
327    $a Face 1 : Up front $a Django $a Let's call this $a Face 2 : Everything must change $a Good bait $a Mode for joe
339    $a m
679    $a 1
700    $7 ba0yba0y $8 fre    $a Walton $b Cedar $f 1934-2013 $3 13900996 $9 11816
702  1 $a Williams $b David
702    $7 ba0yba0y $8 fre    $a Higgins $b Billy $f 1936-2001 $3 13895199 $9 6866
801  0 $a FR $b 595126101 $c 20100219 $g AFNOR
995    $0 0 $2 0 $4 0 $5 2005-03-24 $9 97270 $P 10.00 $b MED $c MED $e MED1A $f C0002546557 $h AMV13ZZ $k DISQ 30/1 WAL $o 0 $p 10.00 $r PRETSON $s DISQ_30_100000000000000_WAL $w 7 $y 2023-02-22

