01370nam a22003133n 4500
001 86184
003 http://www.mediathequederoubaix.fr/ark:/20179/KH86184
033    $a http://catalogue.bnf.fr/ark:/12148/cb31951388d
035    $a FRBNF319513880000008
039    $o CRI $a SU027107270001P  
090    $a 86184
091    $a 2 $b 20240513 $c 1
099    $t LI $c 2014-06-30 $d 2024-05-13 $x 0
100    $a 19970701d1928    m  y0frey50      ba
101 0  $a fre
102    $a FR
105    $a ||||z   00|||
106    $a r
181  0 $6 01 $a i  $b xxxe  
181    $6 02 $c txt $2 rdacontent
182  0 $6 01 $a n
182    $6 02 $c n $2 rdamedia
200 1  $a Chrestomathie du moyen âge ou Morceaux choisis des auteurs français du moyen âge avec des traductions archaïques des textes les plus anciens et un petit glossaire du vieux français, par L. Clédat. 10e édition, revue et corrigée $b Texte imprimé
210    $a Paris, impr. E. Desfossés ; libr. Garnier frères $d 1928. (30 mai.) In-16, 605 p. [...]607]
339    $a m
700    $3 12327486 $9 55248 $o ISNI0000000121260053 $a Clédat $b Léon $4 070
801  0 $a FR $b FR-751131015 $c 19970701 $g AFNOR $h FRBNF319513880000008 $2 intermrc
999    $a FRBNF319513880000008
995    $0 0 $2 0 $4 0 $5 2005-03-24 $9 97412 $P 24.00 $b MED $c MED $e MED3E $f C0002757988 $h AZZMAZZ $k Mag. in-8/26 035 $o 0 $p 24.00 $r PRETLIV $s MAG___IN826_035_00000000000000 $w 2 $y 2014-06-30

