01198nam a2200301   4500
001 86287
003 http://www.mediathequederoubaix.fr/ark:/20179/KH86287
005 20220912054720.0
035 00 $a HZ_RBX146941
090    $a 86287
091    $a 0
099    $t LI $c 2014-06-30 $d 2022-09-12 $x 0
100    $a 19       1934    k  y0frey5003    ba
101    $a fre
200    $a Les noms de personnes $e origine et évolution $e prénoms, noms de famille, surnoms, pseudonymes $f Albert Dauzat,...
205    $a 4e éd.
210    $a Paris $c Librairie Delagrave $d 1934
215    $a VII-213 p. $c cartes $d 19 cm
225 0  $a Bibliothèque des chercheurs et des curieux
300    $a Cachet "Dépot de l'état", 1937
320    $a Bibliogr. Index
339    $a m
410    $t Bibliothèque des chercheurs et des curieux
606 0  $9 245400 $a Noms de personnes $x France
700    $7 ba0yba0y $8 fre    $a Dauzat $b Albert $f 1877-1955 $9 21928
801  0 $a FR $b 595126101 $c 20070830 $g AFNOR
930    $5 595126101:C0002739964 $b 595126101 $a MAG L/P 8/111 200 $e Fonds patrimonial
995    $0 0 $2 0 $4 0 $5 2005-03-24 $9 97525 $b MED $c MED $e MED3I $f C0002739964 $h PPEFGZZ $k MAG L/P 8/111 200 $o 2 $r PRETLIV $s MAG_LP_8111_200000000000000 $w 0 $y 2014-06-30

