01309nam a2200361   4500
001 86409
003 http://www.mediathequederoubaix.fr/ark:/20179/KH86409
020    $a FR $b 07021004
033    $a http://catalogue.bnf.fr/ark:/12148/cb35196121s
035    $a FRBNF351961210000000
039    $o OPL $a 009699982
090    $a 86409
091    $b 20240514 $c 1 $a 2
099    $t LI $c 2014-06-30 $d 2024-05-14 $x 0
100    $a 19710101d1970    m  y0frey50      ba
101 0  $a xxx
102    $a XX
105    $a ||||z   00|||
106    $a r
181  0 $6 01 $a i  $b xxxe  
181    $6 02 $c txt $2 rdacontent
182  0 $6 01 $a n
182    $6 02 $c n $2 rdamedia
200 1  $a Le Travail social individualisé , l'approche des cas particuliers et la relation d'aide interpersonnelle $b Texte imprimé
210    $a Toulouse $c E. Privat $d 1970
215    $a 18 cm, 128 p
300    $a Mésopé. _ Bibliogr. pp. 122-124
339    $a m
410  0 $0 34232107 $t Mésopé $x 0539-4279 $v 29
700    $3 12636713 $9 321430 $a Rupp $b Marie-Antoinette $4 070
801  0 $a FR $b FR-751131015 $c 19710101 $g AFNOR $h FRBNF351961210000000 $2 intermrc
999    $a FRBNF351961210000000
995    $0 0 $2 0 $4 0 $5 2005-03-24 $9 97664 $P 24.00 $b MED $c MED $e MED3E $f C0002794257 $h ACFSSZZ $k Mag. in-8/25 867 $o 0 $p 24.00 $r PRETLIV $s MAG___IN8_25_867000000000000 $w 3 $y 2014-06-30

