01350nam a2200289   4500
001 86645
003 http://www.mediathequederoubaix.fr/ark:/20179/KH86645
005 20220602051820.0
035 00 $a HZ_RBX147380
090    $a 86645
091    $a 0
099    $t LI $c 2014-06-30 $d 2022-06-02 $x 0
100    $a 19       1912    k  y0frey5003    ba
101    $a fre
200    $a Histoire politique et administrative d'une province française la Flandre $h [I] $i La Flandre wallonne et les pays de l'intendance de Lille sous Louis XIV $i Michel le Peletier, Dugué de Bagnols d'après des documents inédits $f Albert Croquez $g préf. de Henry Cochin
210    $a Paris $c H. Champion $d 1912
215    $a 451 p.,[5] p. de pl. $d 23 cm
300    $a Inventaire E.N.S.A.I.T. n ̊6865
310    $a Demi-rel. basane noire
339    $a m
607    $a Flandre (France) $x Administration $z 17e siècle $2 rameau
607    $a Flandre (France) $x Politique et gouvernement $z 17e siècle $2 rameau
702 0  $9 180984 $4 080 $a Cochin $b Henri
700    $7 ba0yba0y $8 fre    $a Croquez $b Albert $f 1886-1949 $9 93816
801  0 $a FR $b 595126101 $c 20070830 $g AFNOR
930    $5 595126101:C0003080156 $b 595126101 $a MAG L/P 8/111 643 $e Fonds patrimonial
995    $0 0 $2 0 $4 0 $5 2005-03-24 $9 97937 $b MED $c MED $e MED3I $f C0003080156 $h PPEFGZZ $k MAG L/P 8/111 643 $o 2 $r PRETLIV $s MAG_LP_8111_643000000000000 $w 0 $y 2014-06-30

