01463cam a22003853  4500
001 86840
003 http://www.mediathequederoubaix.fr/ark:/20179/KH86840
010    $b Br. $d 20 FRF
020    $a FR $b 07224292
033    $a http://catalogue.bnf.fr/ark:/12148/cb35435034w
035    $a FRBNF354350340000005
039    $o OPL $a 012866046
090    $a 86840
091    $a 2 $b 20240514 $c 1
099    $t LI $c 2014-06-30 $d 2024-05-14 $x 0
100    $a 19730101d1972    m  y0frey50      ba
101 0  $a fre
102    $a FR
105    $a ||||z   00|||
106    $a r
181  0 $6 01 $a i  $b xxxe  
181    $6 02 $c txt $2 rdacontent
182  0 $6 01 $a n
182    $6 02 $c n $2 rdamedia
200 1  $a Cartes sur table $b Texte imprimé $f Michel Poniatowski $g [entretien réalisé par Alain Duhamel]
210    $a Paris $c Fayard $d 1972 $e 18-Saint-Amand-Montrond $g impr. Bussière
215    $a 1 vol. (250 p.) $d 22 cm
225    $a En toute liberté
339    $a m
410  0 $0 37338278 $t En toute liberté $x 2109-9006 $v 14
700    $3 11920250 $9 37381 $o ISNI0000000110217666 $a Poniatowski $b Michel $f 1922-2002 $4 070
701    $3 11901014 $9 56154 $o ISNI000000011469294X $a Duhamel $b Alain $f 1940-.... $4 070
801  0 $a FR $b FR-751131015 $c 19730101 $g AFNOR $h FRBNF354350340000005 $2 intermrc
999    $a FRBNF354350340000005
995    $0 0 $2 0 $4 0 $5 2005-03-24 $9 98144 $P 24.00 $b MED $c MED $e MED3E $f C0002799142 $h ACFSSZZ $k Mag. in-8/25 556 $o 0 $p 24.00 $r PRETLIV $s MAG___IN8_25_556000000000000 $w 0 $y 2014-06-30

