01756cam a2200421   4500
001 87014
003 http://www.mediathequederoubaix.fr/ark:/20179/KH87014
010    $d 5,80 F
020    $a FR $b 07023125
033    $a http://catalogue.bnf.fr/ark:/12148/cb352208559
035    $a FRBNF352208550000007
039    $o OPL $a 009951611
090    $a 87014
091    $b 20240514 $c 1 $a 2
099    $t LI $c 2014-06-30 $d 2024-05-14 $x 0
100    $a 19710101d1970    m  y0frey50      ba
101 0  $a fre
102    $a FR
105    $a ||||z   00|||
106    $a r
181  0 $6 01 $a i  $b xxxe  
181    $6 02 $c txt $2 rdacontent
182  0 $6 01 $a n
182    $6 02 $c n $2 rdamedia
200 1  $a De la S.F.I.O. au nouveau Parti socialiste . [Textes choisis et présentés par] Christiane Hurtig $b Texte imprimé
210    $a Paris $c A. Colin $d 1970
215    $a 1 vol. (128 p.) $c ill. $d 17 cm
300    $a Dossiers U2. 138. Politique
339    $a m
410  0 $0 34232144 $t Collection U2 $x 0588-2540 $v 138
686    $a 800 $2 Cadre de classement de la Bibliographie nationale française
702    $3 12015567 $9 49928 $o ISNI0000000079746307 $a Hurtig $b Christiane $4 340
712 11 $3 11866845 $9 24741 $o ISNI0000000121717316 $a Parti socialiste $c France $4 070
801  0 $a FR $b FR-751131015 $c 19710101 $g AFNOR $h FRBNF352208550000007 $2 intermrc
856 4  $u http://gallica.bnf.fr/ark:/12148/bpt6k3401375m
999    $a FRBNF352208550000007
995    $0 0 $2 0 $4 0 $5 2005-03-24 $9 98328 $P 24.00 $b MED $c MED $e MED3E $f C0002821622 $h AZZMAZZ $k Mag. in-8/24 861 $o 0 $p 24.00 $r PRETLIV $s MAG___IN824_861_00000000000000 $w 0 $y 2014-06-30
995    $0 0 $2 0 $4 0 $5 2022-12-14 $9 454261 $b MED $c MED $e MED3I $f C0006068820 $h PPEFGZZ $k MAG L/P 8/118 996 $o 2 $r PRETLIV $s MAG_L_P_8_118000000000000_996 $w 0 $y 2022-12-14 $7  $8  $A  $m  $z 

