01549cam a22003733  4500
001 87170
003 http://www.mediathequederoubaix.fr/ark:/20179/KH87170
010    $d 50 F.
033    $a http://catalogue.bnf.fr/ark:/12148/cb33043157k
035    $a FRBNF330431570000005
039    $o CRI $a LX001101681001PV001
090    $a 87170
091    $a 2 $b 20240514 $c 1
099    $t LI $c 2014-06-30 $d 2024-05-14 $x 0
100    $a 19970701d1964    m  y0frey50      ba
101 0  $a fre
102    $a FR
105    $a ||||z   00|||
106    $a r
181  0 $6 01 $a i  $b xxxe  
181    $6 02 $c txt $2 rdacontent
182  0 $6 01 $a n
182    $6 02 $c n $2 rdamedia
200 1  $a Historiens grecs $h 1 $i Hérodote. Thucydide $b Texte imprimé $f introd. par J. de Romilly
210    $a Paris $c Gallimard $d 1964
215    $a XXVIII-1874 p. $d 18 cm
225    $a Bibliothèque de la Pléiade $v 176
300    $a Contient : "Hérodote et Thucydide/ par J. de Romilly
300    $a "L'enquête" / Hérodote ; traduit par A. Barguet ; " Thucydide d'Athènes"Histoire de la guerre entre les Péloponnésiens et les Athéniens" / Thucydide d'Athènes ; texte présenté, trad. et annoté par Denis Roussel
339    $a m
410  0 $0 34234526 $t Bibliothèque de la Pléiade $x 0768-0562 $v 176
801  0 $a FR $b FR-751131015 $c 19970701 $g AFNOR $h FRBNF330431570000005 $2 intermrc
999    $a FRBNF330431570000005
995    $0 0 $2 0 $4 0 $5 2005-03-24 $9 98494 $P 24.00 $b MED $c MED $e MED3E $f C0002804086 $h AZZMAZZ $k Mag. in-8/25 503 $o 0 $p 24.00 $r PRETLIV $s MAG___IN825_503_00000000000000 $w 2 $y 2014-06-30

