01070nam a2200301   4500
001 87322
003 http://www.mediathequederoubaix.fr/ark:/20179/KH87322
009 http://catalogue.bnf.fr/ark:/12148/cb35435043v
020    $a FR $b 07000916
021    $5 FR-751131010:8-Z-39677 (7) $a FR $b DL 70-916
039    $o OPL $a 012866103
090    $a 87322
091    $a 2 $b 20240514 $c 0
099    $t LI $c 2014-06-30 $d 2024-05-14 $x 0
100    $a 19700101d1970    m  y0frey50      ba
101 0  $a xxx
102    $a XX
105    $a ||||z   00|||
106    $a r
200 1  $a L'me du combat $b Texte imprimé $e , pour un nouveau contrat social
210    $a Paris $c Fayard $d 1970
215    $a 22 cm, 351 p
300    $a En toute liberté
339    $a m
410  0 $0 37338278 $t En toute liberté $v 7
700    $7 ba0yba0y $8 fre    $a Faure $b Edgar $f 1908-1988 $3 11902350 $9 24484
801  0 $a FR $b BNF $c 19700101 $g AFNOR $2 intermrc
995    $0 0 $2 0 $4 0 $5 2005-03-24 $9 98660 $P 24.00 $b MED $c MED $e MED3E $f C0002792475 $h AZZMAZZ $k Mag. in-8/25 393 $o 0 $p 24.00 $r PRETLIV $s MAG___IN825_393_00000000000000 $w 0 $y 2014-06-30

