01404nc  a2200277   4500
001 87475
003 http://www.mediathequederoubaix.fr/ark:/20179/KH87475
005 20240514051851.0
010    $z 3137990011932
035 00 $a HZ_RBX148440
071 0  $a 01 02 06 38 $b A
090    $a 87475
091    $a 2 $b 20240514 $c 0
099    $t PA $c 2014-06-30 $d 2024-05-14 $x 4
100    $a 19       1999    k  y0frey5003    ba
101    $a fre
200    $a 26 chansons $b Musique imprimée $e piano-chant-guitare $f Zazie
210    $a Paris $c P. Beuscher $c Arpège $d 1999
215    $a 1 partition (163 p.) $c couv. ill. en coul. $d 30 cm
327    $a Autant de peine que de toi $a Ça fait mal et ça fait rien $a Chanson d'ami $a Craque monsieur $a Dodo Rémi $a Femmes téfales $a Fou de toi $a Homme sweet homme $a J'envoie valser $a Je t'aime mais $a Je, tu, ils $a La la la $a Larsen $a Made in love $a La preuve par trois $a Sous le voile $a Sucré, salé $a Tomber le masque $a Tous des anges $a Tout le monde $a Un petit peu amoureux $a Un point c'est toi $a Une souris verte $a La vie devant moi $a Zen $a Les meilleurs ennemis
339    $a m
606    $a Chansons françaises $x Partitions $2 rameau
679    $a 099.2
700 0  $a Zazie $f 1964-.... $3 13956209 $9 279120
801  0 $a FR $b 595126101 $c 20070830 $g AFNOR
995    $0 0 $2 0 $4 0 $5 2005-03-24 $9 98821 $P 18.66 $b MED $c MED $e MED1A $f C0002739427 $h AMV80ZZ $k PA/099.2 ZAZ $o 0 $p 18.66 $r PRETPAR $s PA_099_200000000000000_ZAZ $w 54 $y 2022-06-10

