01021nj  a2200241   4500
001 87671
003 http://www.mediathequederoubaix.fr/ark:/20179/KH87671
005 20240514051924.0
035 00 $a HZ_RBX148667
090    $a 87671
091    $a 1 $b 20240514 $c 0
099    $t DV $c 2014-06-30 $d 2024-05-14 $x 1
100    $a 19       1985    k  y0frey5003    ba
101    $a fre
200    $a Under a raging moon $b Enr. sonore $f Roger Daltrey
210    $d P 1985
215    $a 1 disque $c 33 tours $d 30 cm
327    $a Face A : After the fire $a Don't talk to strangers $a Breaking down paradise $a The pride you hide $a Move better in the night $a Face B : Let me down easy $a Fallen angel $a It don't satisfy me $a Rebel $a Under a raging moon
339    $a m
679    $a 2
700    $7 ba0yba0y $8 fre    $a Daltrey $b Roger $f 1944-.... $3 13892936 $9 55768
801  0 $a FR $b 595126101 $c 20120922 $g AFNOR
995    $0 0 $2 0 $4 0 $5 2005-03-24 $9 99034 $P 10.00 $b MED $c MED $e MED1A $f C0002738934 $h AMV20ZZ $k DISQ 30/2 DAL $o 0 $p 10.00 $r PRETSON $s DISQ_30_200000000000000_DAL $w 2 $y 2015-02-28

