02150nlm a2200481   4500
001 87826
003 http://www.mediathequederoubaix.fr/ark:/20179/KH87826
010    $a 1-862-21064-0 $b album
033    $a http://catalogue.bnf.fr/ark:/12148/cb38514292j
035    $a FRBNF385142920000006
039    $o OPC $a 004359000
073  0 $a 9781862210646
090    $a 87826
091    $b 20240514 $c 1 $a 2
099    $t ML $c 2014-06-30 $d 2024-05-14 $x 0
100    $a 20001218d1999    m  y0frey50      ba
101 0  $a mul $g fre
102    $a GB
135    $a ioug|||||||||
181  0 $6 01 $a m  $b xxx   
181    $6 02 $c mm9 $2 rdacontent
182  0 $6 01 $a b
182    $6 02 $c c $2 rdamedia
200 1  $a Apprenez le catalan $b Ressource électronique
210    $a [Londres] $c [EuroTalk interactive] $a [Paris] $c [Jériko (Paris) [diff.]] $d [1999 (cop.)]
215    $a 1 disque optique numérique (CD-ROM) $c coul., son.  $d 12 cm
225 1  $a Talk now !
230    $a Multimédia
300    $a Titre provenant du conteneur
300    $a Programme d'apprentissage proposé dans 67 langues différentes
300    $a Niveau débutant
304    $a Mention parallèle de titre ou de responsabilité : Aprèn català
337    $a Configuration requise : PC Processeur 486 ou plus ; 8 Mo de mémoire vive ; Windows 3.x, 95 ; lecteur de CD-ROM quadruple vitesse ; écran VGA en 256 coul.  ; carte son ; microphone optionnel. Autre configuration requise : Macintosh 68030 ou plus ; 8 Mo de mémoire vive ; lecteur de CD-ROM ; microphone optionnel
339    $a m
503 1  $a Méthode de langue (catalan)
510 1  $a Aprèn català $z cat
606    $3 11937940 $9 55815 $a Catalan (langue) $3 11975674 $9 139 $x Étude et enseignement $2 rameau
608    $a méthode de langue $2 frTAV
712 02 $3 14018147 $9 55812 $o ISNI0000000122911647 $a EuroTalk interactive $4 650
712 02 $3 14005822 $9 308604 $a Jériko $4 310
801  0 $a FR $b FR-751131015 $c 20001218 $g AFNOR $h FRBNF385142920000006 $2 intermrc
999    $a FRBNF385142920000006
995    $0 0 $2 0 $4 0 $5 2005-03-24 $9 99197 $P 30.34 $b MED $c MED $e MED3A $f C0002357241 $h ACFLALE $k VAR ML CAT $o 0 $p 30.34 $r PRETLIV $s VAR_ML_CAT $w 28 $y 2016-01-05

