00932nj  a2200241   4500
001 87956
003 http://www.mediathequederoubaix.fr/ark:/20179/KH87956
005 20240514052418.0
035 00 $a HZ_RBX148985
090    $a 87956
091    $a 1 $b 20240514 $c 0
099    $t DV $c 2014-06-30 $d 2024-05-14 $x 0
100    $a 19       1973    k  y0frey5003    ba
101    $a fre
200    $a Cosmic wheels $b Enr. sonore $f Donovan
210    $d P 1973
215    $a 1 disque $c 33 tours $d 30 cm
327    $a Face A : Cosmic wheels $a Earth sign man $a Sleep $a Maria magenta $a Wild witch lady $a Face B : The music makers $a The intergalactic laxative $a I like you $a Only the blues $a Appearances
339    $a m
679    $a 2
700 0  $a Donovan $f 1946-....
801  0 $a FR $b 595126101 $c 20121016 $g AFNOR
995    $0 0 $2 0 $4 0 $5 2005-03-24 $9 99337 $P 10.00 $b MED $c MED $e MED1A $f C0002816025 $h AMV20ZZ $k DISQ 30/2 DON $o 0 $p 10.00 $r PRETSON $s DISQ_30_200000000000000_DON $w 1 $y 2014-06-30

