01101na  a2200253   4500
001 88107
003 http://www.mediathequederoubaix.fr/ark:/20179/KH88107
005 20240514052447.0
035 00 $a HZ_RBX149181
090    $a 88107
091    $a 2 $b 20240514 $c 0
099    $t LI $c 2014-06-30 $d 2024-05-14 $x 0
100    $a 19930805d1932    u  u0frey5003    ba
101    $a fre
102    $a FR
200    $a Horace. Satires. Texte établi par François Villeneuve,...
210    $a Paris, Société d'édition ″les Belles lettres″ $d 1932. In-8,̊ 216 p.
300    $a Collection des Universités de France publiée sous le patronage de l'Association Guillaume Budé
300    $a Collection des Universités de France
339    $a m
700    $7 ba0yba0y $8 frefre $a Horace $f 0065-0008 av. J.-C. $3 11886570 $9 286837
702    $4 340 $7 ba0yba0y $8 fre    $a Villeneuve $b François $f 18..-1956 $3 11928391 $9 53420
801  0 $a FR $b 595126101 $c 20121204 $g AFNOR
995    $0 0 $2 0 $4 0 $5 2005-03-24 $9 99497 $P 24.00 $b MED $c MED $e MED3E $f C0002821486 $h AZZMAZZ $k Mag. in-8/24 936 $o 0 $p 24.00 $r PRETLIV $s MAG___IN824_936_00000000000000 $w 3 $y 2014-06-30

