01212nj  a2200265   4500
001 88221
003 http://www.mediathequederoubaix.fr/ark:/20179/KH88221
005 20240514052505.0
035 00 $a HZ_RBX149301
090    $a 88221
091    $a 1 $b 20240514 $c 0
099    $t DV $c 2014-06-30 $d 2024-05-14 $x 0
100    $a 19       1976    k  y0frey5003    ba
101    $a fre
200    $a Let's stick together $b Enr. sonore $f Bryan Ferry
210    $d P 1976 ; Cop. 1984
215    $a 1 disque $c 33 tours $d 30 cm
327    $a Face A : Let's stick together $a Casanova $a Sea breezes $a Shame, shame, shame $a 2 HB $a Face B : The price of love $a Chance meeting $a It's only love $a You go to my head $a Re-make - re-model $a Heart on my sleeve
339    $a m
606    $a Rock (musique) $y Grande-Bretagne $y Angleterre (GB) $x Disques $2 rameau
606    $7 ba0yba0y $8 fre    $3 11957141 $9 214 $a Pop music $x Disques $y Grande-Bretagne $y Angleterre (GB) $2 rameau
679    $a 2
700    $7 ba0yba0y $8 fre    $a Ferry $b Bryan $f 1945-.... $3 13893898 $9 12006
801  0 $a FR $b 595126101 $c 20121017 $g AFNOR
995    $0 0 $2 0 $4 0 $5 2005-03-24 $9 99617 $P 10.00 $b MED $c MED $e MED1A $f C0002816520 $h AMV20ZZ $k DISQ 30/2 FER $o 0 $p 10.00 $r PRETSON $s DISQ_30_200000000000000_FER $w 1 $y 2014-06-30

