01560nj  a2200301   4500
001 88342
003 http://www.mediathequederoubaix.fr/ark:/20179/KH88342
005 20240514052534.0
035 00 $a HZ_RBX149422
071 0  $a ARN 33 773 $b Arion
090    $a 88342
091    $a 1 $b 20240514 $c 0
099    $t DV $c 2014-06-30 $d 2024-05-14 $x 0
100    $a 19       1984    k  y0frey5003    ba
101    $a fre
200    $a Chants de Toscane $b Enr. sonore $f Groupe Gardellini del Fontanino, Groupe de Limano, Les sœurs Tortelli de Montaltissimo, chant
210    $d P 1984
215    $a 1 disque $c 33 t $d 30 cm
327    $a Face A : Quell'uccelino che vien del mare $a Diana fa l'bucato $a Lasciateci passare, siamo Toscani ! $a La bella al ballo $a Bella, bellina, voi veni alla vigna ? $a Mamma mia, mi sento male ! $a Son l'undici di notte, l'aria e scura $a Face B : La malmaritata (1) $a La montagnola $a La malmaritata (2) $a Mamma voglio marito $a Il buon vecchio si marito $a Vola, colomba, vola ! $a Maggiolata
339    $a m
606    $a Musique traditionnelle $y Italie $y Toscane $x Disques $2 rameau
606    $7 ba0yba0y $8 fre    $3 12025955 $9 300775 $a Chansons traditionnelles italiennes $x Disques $2 rameau
679    $a 075.2
712 0  $a Groupe Gardellini del Fontanino $c Grosseto
712 0  $a Groupe de Limano $c Lucques
712 0  $a Sœurs Tortelli de Montaltissimo $c Lucques
801  0 $a FR $b 595126101 $c 20070830 $g AFNOR
995    $0 0 $2 0 $4 0 $5 2005-03-24 $9 99742 $P 10.00 $b MED $c MED $e MED1A $f C0002786042 $h AMV90ZZ $k DISQ 30/075.1 CHA $o 0 $p 10.00 $r PRETSON $s DISQ_30_075000000000000_1_CHA $w 0 $y 2014-06-30

