01289nj  a2200277   4500
001 88496
003 http://www.mediathequederoubaix.fr/ark:/20179/KH88496
005 20240514052956.0
035 00 $a HZ_RBX149595
071 0  $a LDX 74821 $b Le Chant du monde
090    $a 88496
091    $a 1 $b 20240514 $c 0
099    $t DV $c 2014-06-30 $d 2024-05-14 $x 0
100    $a 19       1984    k  y0frey5003    ba
101    $a fre
200    $a Chansons populaires russes $b Enr. sonore $f Jana Bitchevskaia, chant, guit.
210    $d P 1984
215    $a 1 disque $c 33 t $d 30 cm
327    $a face A : A travers les steppes sauvages $a Le bruissement des roseaux $a O toi, ma chère maman $a Pourquoi restes-tu éveillé jusqu'à minuit ? $a La lune brille $a Les lamentations de Yeryoma $a Face B : La chanson du prisonnier / F. Glinka $a Les cloches du soir $a Ca c'est passé il y a longtemps $a Autrefois, dans le jardin $a Le soldat servait
339    $a m
606    $a Musique $y Russie $x Disques $2 rameau
606    $a   $3 12048176 $9 308615 $x Disques $2 rameau $9 308615
679    $a 066.2
700 0  $a Bitchevskaia $b Jana
801  0 $a FR $b 595126101 $c 20070830 $g AFNOR
995    $0 0 $2 0 $4 0 $5 2005-03-24 $9 99911 $P 10.00 $b MED $c MED $e MED1A $f C0002785711 $h AMV90ZZ $k DISQ 30/066.2 BIT $o 0 $p 10.00 $r PRETSON $s DISQ_30_066000000000000_2_BIT $w 0 $y 2014-06-30

