02729nj  a2200337   4500
001 88643
003 http://www.mediathequederoubaix.fr/ark:/20179/KH88643
005 20240514053013.0
035 00 $a HZ_RBX149746
071 0  $a VSD 17 18 (album) $b Vanguard
090    $a 88643
091    $a 1 $b 20240514 $c 0
099    $t DV $c 2014-06-30 $d 2024-05-14 $x 1
100    $a 19       1985    k  y0frey5003    ba
101    $a fre
200    $a Greatest folksingers of the sixties $b Enr. sonore $f Buffy Sainte-Marie, Joan Baez, Cisco Houston, Odetta...[et al.] $g Ian and Sylvia $g The Rooftop Singers $g The Weavers $g The Staple Singers...[et al.]
210    $d [1985]
215    $a 2 disques $c 33 t. $d 30 cm
327    $a disque 1 : face 1 : You were on my mind / Ian and Sylvia $a Now that the Buffalo's gone / Buffy Sainte-Marie $a Walk right in / The Rooftop Singers $a East Virginia / Joan Baez $a Old blue / Cisco Houston $a I-Feel-Like-I'm-Fixin'-To-Die Rag / Country Jœ and the Fish $a John Henry / Odetta $a Face 2 : There but for fortune / Phil Ochs $a Violets of the dawn / Eric Andersen $a Sitting on top of the world / Doc Watson $a Travelling Riverside / John Hammond $a House of the rising sun / Jack Elliott $a Crazy words-Crazy tune / Jim Kweskin and the Jug Band $a Candy man / Mississippi John Hurt $a Erie canal / The Weavers $a Disque 2 : face 1 : Greeland whale fisheries / Judy Collins & Theodore Bikel $a Well, well, well / Bob Gibson & Hamilton Camp $a Rambling boy / Tom Paxton $a La bamba / José Feliciano $a Virgin Mary had one son / Joan Baez and Bob Gibson $a Salty dog blues / Lester Flatt & Earl Scruggs $a Blowin' in the wind / Bob Dylan (and friends) $a Face 2 : I wish I had answered / The Staple Singers $a The ballad of Springhill / Peggy Seeger & Ewan Mac Coll $a Mellow down easy / Paul Butterfield Blues Band $a I got it / Chambers Brothers $a The whistling gypsy / Tommy Makem $a Roll in my sweet baby's arm / The New Lost City Ramblers $a Paper of pins / Oscar Brand & Jean Ritchie $a East Virginia blues / Pete Seeger
339    $a m
679    $a 061
700    $7 ba0yba0y $8 fre    $a Sainte-Marie $b Buffy $f 1941-.... $3 13932908 $9 20423
702    $7 ba0yba0y $8 fre    $a Houston $b Cisco $f 1918-1961 $3 13969105 $9 55989
702    $7 ba0yba0y $8 fre    $a Odetta $f 1930-2008 $3 13932919 $9 20815
702    $7 ba0yba0y $8 fre    $a Baez $b Joan $f 1941-.... $3 11889855 $9 4132
712 0  $a Ian and Sylvia
712 0  $a The Rooftop Singers
712    $7 ba0yba0y $8 fre    $a The Weavers $3 13932935 $9 55988
712    $7 ba0yba0y $8 fre    $a The Staple singers $3 13906701 $9 9777
801  0 $a FR $b 595126101 $c 20131210 $g AFNOR
995    $0 0 $2 0 $4 0 $5 2005-03-24 $9 100065 $P 10.00 $b MED $c MED $e MED1A $f C0002783222 $h AMV90ZZ $k DISQ 30/061 SAI $l Contient : 2 d.c. $o 0 $p 10.00 $r PRETSON $s DISQ_30_061000000000000_SAI $w 4 $y 2014-10-18

