01818nj  a2200289   4500
001 88814
003 http://www.mediathequederoubaix.fr/ark:/20179/KH88814
005 20240514053049.0
035 00 $a HZ_RBX149924
071 0  $a LDX 74759 $b Le Chant du Monde
090    $a 88814
091    $a 1 $b 20240514 $c 0
099    $t DV $c 2014-06-30 $d 2024-05-14 $x 2
100    $a 19       1983    k  y0frey5003    ba
101    $a fre
200    $a Chansons et musiques traditionnelles du Québec $b Enr. sonore $e Anthologie de la musique traditionnelle française $h Vol. 7 $f Wilfrid Richard, Réjean Lachance, Mme jeanne D'ArcLabrecque, Roland Letourneau...[et al.]
210    $d P 1983
215    $a 1 disque $c 33 tours $d 30 cm
327    $a Face A : Le 25 du mois d'avril $a Voulez-vous savoir ? $a Mais je les aies tout rencontreées $a En revenant de Paris $a Germine / Wilfrid Richard $a Allons mes hommes, allons faucher / Réjean LAchance $a Mon père était bûcheron $a Mon père m'a donné un mari / Mme Jeanne d'Arc Labrecque $a Brandy / Roland Letourneau $a Face B : Le réel du cultivateur / Jules Desgagnes $a Ma mère ma très chère mère $a Par derrière chez ma tante $a Belle Virginie, les larmes aux yeux $a En revenat de l'Ile-en-loup $a Là-haut sur ces montagnes $a Entre Paris et Saint Denis / Marcel Cloutier ; avec Bertrand Cloutier $a Suite de danses / Réal Brassard $a Brandy $a Nous avons fait un bal / Armand Lavoie $a Enrevenat de vêpre.../ Mme X $a Brandy / Philéas Vallée
339    $a m
679    $a 063
700  1 $a Richard $b Wilfrid
701 0  $a Lachance $b Réjean
701 0  $a Labrecque $b Jeanne d'Arc
701 0  $a Letourneau $b Roland
801  0 $a FR $b 595126101 $c 20131210 $g AFNOR
995    $0 0 $2 0 $4 0 $5 2005-03-24 $9 100242 $P 10.00 $b MED $c MED $e MED1A $f C0002782276 $h AMV90ZZ $k DISQ 30/063 RIC $o 0 $p 10.00 $r PRETSON $s DISQ_30_063000000000000_RIC $w 2 $y 2022-01-12

