01932nam a2200421   4500
001 89012
003 http://www.mediathequederoubaix.fr/ark:/20179/KH89012
010    $a 2-84116-042-4 $b br. $d Prix : 85 F : 13 EUR
020    $a FR $b 00052798
033    $a http://catalogue.bnf.fr/ark:/12148/cb37111528q
035    $a FRBNF371115280000005
039    $o OPL $a 025520973
073  0 $a 9782841160426 $2 ALS
090    $a 89012
091    $b 20240514 $c 1 $a 2
099    $t LI $c 2014-06-30 $d 2024-05-14 $x 0
100    $a 20000703d2000    a  y0frey50      ba
101 0  $a fre
102    $a FR
105    $a a   z   00|a|
106    $a r
181  0 $6 01 $a i  $b xxxe   $a b  $b xb2e  
181    $6 02 $c txt $c sti $2 rdacontent
182  0 $6 01 $a n
182    $6 02 $c n $2 rdamedia
200 1  $a La clarisse $b Texte imprimé $f poème-scénario, David Dumortier $g images... Martine Mellinette
210    $a Le Chambon-sur-Lignon $c Cheyne $d 2000 $e 43-Le Chambon-sur-Lignon $g Impr. Cheyne
215    $a 44 p. $c ill.en noir et en coul., couv. ill. en coul. $d 22 cm
225    $a Poèmes pour grandir $x 0297-2697
330    $a Clarisse est une gamine de 8 ans, qui grandit dans un univers rural de grande banlieue. Elle affirme son être avec vivacité, bien convaincue qu'elle "n'attendra pas que la vie se remplisse toute seule".
339    $a a
410  0 $0 34229977 $t Collection Poèmes pour grandir (Chambon-sur-Lignon) $x 0297-2697 $d 2000
686    $a 821 $2 Cadre de classement de la Bibliographie nationale française
700    $3 12934160 $9 56101 $o ISNI0000000001674550 $a Dumortier $b David $f 1967-.... $4 070
702    $3 12051803 $9 3857 $o ISNI0000000031969958 $a Mellinette $b Martine $f 1952-.... $4 440
801  0 $a FR $b FR-751131015 $c 20000703 $g AFNOR $h FRBNF371115280000005 $2 intermrc
999    $a FRBNF371115280000005
995    $0 0 $2 0 $3 0 $4 0 $5 2005-03-24 $9 100453 $P 10.63 $b MED $c MED $e MED0A $f C0003476056 $h JPOZZZZ $k EXT E P/DUM $o 0 $p 10.63 $r PRETLIV $s EXT_E_PDUM $w 3 $y 2014-06-30 $A 0

