01262nj  a2200265   4500
001 89207
003 http://www.mediathequederoubaix.fr/ark:/20179/KH89207
005 20240514053543.0
035 00 $a HZ_RBX150345
071 01 $a 598.014 $b Temey
090    $a 89207
091    $a 1 $b 20240514 $c 0
099    $t DV $c 2014-06-30 $d 2024-05-14 $x 4
100    $a 19       1980    k  y0frey5003    ba
101    $a fre
200    $a Ferrat 80 $b Enr. sonore $f Jean Ferrat
210    $d P 1980
215    $a 1 disque $c 33 tours $d 30 cm
327    $a Face A : Le bilan $a Oural ouralou $a L'amour est cerise $a J'ai froid $a Pour être encore en haut d' l'affiche $a Mon pays était beau $a Face B : Tu verrras tu seras bien $a Quand on interdira plus mes chansons $a J'aurais seulement voulu $a La bourrée des trois célibataires $a Chanter $a L'embellie
339    $a m
679    $a 099.2
700 0  $7 ba0yba0y $8 fre    $a Ferrat $b Jean $f 1930-2010
801  0 $a FR $b 595126101 $c 20090210 $g AFNOR
995    $0 0 $2 0 $4 0 $5 2005-12-27 $9 100686 $b MED $c MED $e MED2D $f F DESD 30/819 $h PENPDZZ $k F DESD 30/819 $o 0 $r PRETSON $s F_DESD_30_819000000000000 $w 0 $y 2014-06-30
995    $0 0 $2 0 $4 0 $5 2005-03-24 $9 100687 $P 10.00 $b MED $c MED $e MED3C $f C0002817411 $h AMV80ZZ $k DISQ 30/099.2 FER $o 0 $p 10.00 $r PRETSON $s DISQ_30_099000000000000_2_FER $w 10 $y 2021-01-26

