01071nj  a2200253   4500
001 89321
003 http://www.mediathequederoubaix.fr/ark:/20179/KH89321
005 20240514053623.0
035 00 $a HZ_RBX150459
071 0  $a SHL 1068 $b Saravah
090    $a 89321
091    $a 1 $b 20240514 $c 0
099    $t DV $c 2014-06-30 $d 2024-05-14 $x 0
100    $a 19       1977    k  y0frey5003    ba
101    $a fre
200    $a Viking bank $b Enr. sonore $f Pierre Barouh
210    $d P 1977
215    $a 1 disque $c 33 tours $d 30 cm
327    $a Face A : Viking bank $a Il y a des jours ou rien ne va $a Huit heures a dormir $a Altitude $a Oh America $a La nuit des masques $a Face B : Chanson pour Teddy $a De Montmartre à Pigalle $a Chanson pour Jacky $a La bicyclette $a Le tennis $a Marginal $a Le rossignol
339    $a m
679    $a 099.2
700    $7 ba0yba0y $8 fre    $a Barouh $b Pierre $f 1934-2016 $3 13891174 $9 3421
801  0 $a FR $b 595126101 $c 20090128 $g AFNOR
995    $0 0 $2 0 $4 0 $5 2005-12-30 $9 100814 $b MED $c MED $e MED2D $f F DESD 30/946 $h PENPDZZ $k F DESD 30/946 $o 0 $r PRETSON $s F_DESD_30_946000000000000 $w 0 $y 2014-06-30

