01328na  a2200265   4500
001 89514
003 http://www.mediathequederoubaix.fr/ark:/20179/KH89514
005 20240514054056.0
035 00 $a HZ_RBX150675
090    $a 89514
091    $a 2 $b 20240514 $c 0
099    $t LI $c 2014-06-30 $d 2024-05-14 $x 0
100    $a 19940429d1959    u  u0frey5003    ba
101    $a fre
102    $a FR
200    $a Lettres inédites de George Sand et de Pauline Viardot (1839-1849), recueillies, annotées et précédées d'une introduction par Thérèse Marix-Spire,...
210    $a Paris $c Nouvelles éditions latines $d 1959
215    $a In-8 ̊, 319 p., pl., portr., fac-sim., couv. ill.
300    $a Voir au Département de la Musique les compositions musicales originales de Pauline Viardot, et ses transcriptions, harmonisations et éditions de musique ancienne
339    $a m
700    $a Viardot $b Pauline $c Michelle-Ferdinande-Pauline Garcia, Mme Louis $f 1821-1910
702    $7 ba0yba0y $8 fre    $a Marix-Spire $b Thérèse $f 1898-1987 $3 12316561 $9 56190 $4 340
701    $7 ba0yba0y $8 fre    $a Sand $b George $f 1804-1876 $3 11923601 $c pseud. $9 5874
801  0 $a FR $b 595126101 $c 20100901 $g AFNOR
995    $0 0 $2 0 $4 0 $5 2005-03-24 $9 101053 $P 24.00 $b MED $c MED $e MED3E $f C0002835891 $h ALTDCZZ $k Mag 8/24 553 $o 0 $p 24.00 $r PRETLIV $s MAG_8_240000000000000_553 $w 0 $y 2014-06-30

