01750nj  a2200253   4500
001 89659
003 http://www.mediathequederoubaix.fr/ark:/20179/KH89659
005 20240514054141.0
035 00 $a HZ_RBX150844
071 0  $a 2C 156 - 16.078
090    $a 89659
091    $a 1 $b 20240514 $c 0
099    $t DV $c 2014-06-30 $d 2024-05-14 $x 1
100    $a 19       1972    k  y0frey5003    ba
101    $a fre
200    $a La corrida $b Enr. sonore $a Quelle joie $a Mon cœur éclate ...[etc.] $h vol. 2 $i années 1956-57-58-59 $f Gilbert Bécaud
210    $d P 1972
215    $a 3 disques $c 33 tours $d 30 cm
327    $a aussi : disque 1 face 1 : patte blanche $a Le grand magasin $a Le pays d'où je viens $a Disque 1 face 2 : Le pianiste de Varsovie $a Embrasse-moi mon amour $a La passion de vivre $a C'est ça qu'on appelle aimer $a Si, si, si la vie est belle $a Salut les copains $a Disque 2 face 3 : Les marchés de Provence $a Incroyablement $a La machine à écrire $a Le magicien $a Le square Séverine $a Il fait des bonds ...le pierrot qui danse $a Disque 2 face 4 : Le jour où la pluie viendra $a La ville $a Pour qui veille l'étoile $a Rantanplan $a C'est merveilleux l'amour $a Viens danser $a Disque 3 face 5 : Croquemitoufle $a Alleluia $a Le mur $a Les amours de décembre $a Si je pouvais revivre un jour ma vie $a Le rideau rouge $a Disque 3 face 6 : Pilou ... pilou ...he hermano $a L'enterrement de Cornelius $a La chanson pour Roselyne $a La cruche $a Marie, Marie
339    $a m
679    $a 099.2
700    $3 12205859 $7 ba0yba0y $8 fre    $a Bécaud $b Gilbert $f 1927-2001 $9 3939
801  0 $a FR $b 595126101 $c 20090129 $g AFNOR
995    $0 0 $2 0 $4 0 $5 2005-03-24 $9 101230 $P 10.00 $b MED $c MED $e MED1A $f C0002786880 $h AMV80ZZ $k DISQ 30/099.2 BEC $l Contient 3 disques $o 0 $p 10.00 $r PRETSON $s DISQ_30_099000000000000_2_BEC $w 4 $y 2017-06-24

