01273nam a22003253n 4500
001 89873
003 http://www.mediathequederoubaix.fr/ark:/20179/KH89873
033    $a http://catalogue.bnf.fr/ark:/12148/cb329726719
035    $a FRBNF329726710000000
039    $o CRI $a LX000601190004P 
090    $a 89873
091    $a 2 $b 20240514 $c 1
099    $t LI $c 2014-06-30 $d 2024-05-14 $x 0
100    $a 19970701d1963    m  y0frey50      ba
101 0  $a fre
102    $a FR
105    $a ||||z   00|||
106    $a r
181  0 $6 01 $a i  $b xxxe  
181    $6 02 $c txt $2 rdacontent
182  0 $6 01 $a n
182    $6 02 $c n $2 rdamedia
200 1  $a Nouveau précis de philosophie. [Classes de mathématiques et de technique-mathématiques.] $b Texte imprimé $f Armand Cuvillier,...
210    $a Paris $c A. Colin (impr. Martin-Tari) $d 1963
215    $a In-16 (20 cm), VIII-480 p., ill. 17 F. [D. L. 14906-63]
339    $a m
700    $3 11898347 $9 42585 $o ISNI0000000108624051 $a Cuvillier $b Armand $4 070
801  0 $a FR $b FR-751131015 $c 19970701 $g AFNOR $h FRBNF329726710000000 $2 intermrc
999    $a FRBNF329726710000000
995    $0 0 $2 0 $4 0 $5 2005-03-24 $9 101503 $P 24.00 $b MED $c MED $e MED3E $f C0002834081 $h AZZMAZZ $k Mag. in-8/24 474 $o 0 $p 24.00 $r PRETLIV $s MAG___IN824_474_00000000000000 $w 0 $y 2014-06-30

