01358nam a2200325   4500
001 90037
003 http://www.mediathequederoubaix.fr/ark:/20179/KH90037
005 20160125024633.0
035 00 $a HZ_RBX151284
090    $a 90037
091    $a 0
099    $t LI $c 2014-06-30 $d 2014-06-30 $x 0
100    $a 19       1895    k  y0frey5003    ba
101    $a fre
200    $a Les crimes de la plume $a [Les victimes] $f par Raoul de Navery
210    $a [Paris $c H. Gautier $d ca 1895]
215    $a 228-312 p. $c ill. $d 27 cm
225 0  $a Les drames de la justice $v 10 $v 11
300    $a Cachet Hequette, Roubaix
300    $a Ex-libris ms. Jh. Masure
305    $a Henri Gautier d'après la page de titre de "L'accusé", autre titre de la même collection
339    $a m
410    $t Les drames de la justice $v 10 $v 11
493    $1 Les drames de la justice / par Raoul de Navery $1 H. Gautier , ca 1895]
700 0  $9 181882 $a Chervet $b Eugénie-Caroline Saffray $c pseud. Raoul de Navery
702    $9 181883 $4 390 $a Masure $b Joseph $c abbé
702    $9 181881 $4 390 $a Hequette $c Roubaix, Nord
801  0 $a FR $b 595126101 $c 20051114 $g AFNOR
930    $5 595126101:C0002847602 $b 595126101 $a MAG L/P 4/208 309 $e Fonds patrimonial
995    $0 0 $2 0 $4 0 $5 2005-03-24 $9 101690 $b MED $c MED $e MED3J $f C0002847602 $h PPEFGZZ $k MAG L/P 4/208 309 $o 2 $r PRETLIV $s MAG_LP_4208_309000000000000 $w 0 $y 2014-06-30

