01317na  a2200349   4500
001 90207
003 http://www.mediathequederoubaix.fr/ark:/20179/KH90207
005 20240514054649.0
010    $b Br. $d 12.96 EUR.
021    $a FR $b D.L. 72-24558
035 00 $a HZ_RBX151461
090    $a 90207
091    $a 2 $b 20240514 $c 0
099    $t LI $c 2014-06-30 $d 2024-05-14 $x 0
100    $a 19730101d1972    m  y0frey5003    ba
101    $a fre
102    $a FR
105    $a y   zz  00|za
106    $a r
200    $a Correspondance $f George Sand $h Tome IX $i Janvier 1849-décembre 1850
210    $a Paris $c Garnier $d 1972 $e Bourges $g Impr. Tardy-Quercy-Auvergne
215    $a XIII-1020-[16] p. $d 18 cm
225 0  $a Classiques Garnier
300    $a Notes bibliogr. Index
339    $a m
410    $t Classiques Garnier
493    $1 Correspondance... / George Sand . $1 Garnier Frères , 1964-1979 .
501    $a Correspondance $m français $k 1964-1991
702    $7 ba0yba0y $8 fre    $a Lubin $b Georges $f 1904-2000 $3 11913547 $4 340 $9 49391
700    $7 ba0yba0y $8 fre    $a Sand $b George $f 1804-1876 $3 11923601 $c pseud. $9 5874
801  0 $a FR $b 595126101 $c 20110111 $g AFNOR
995    $0 0 $2 0 $4 0 $5 2005-03-24 $9 101892 $P 12.96 $b MED $c MED $e MED3E $f C0002836708 $h ALTTLZZ $k Mag 8/24 530 $o 0 $p 12.96 $r PRETLIV $s MAG_8_240000000000000_530 $w 0 $y 2014-06-30 $7  $8  $A  $m  $z 

