00950nj  a2200241   4500
001 90372
003 http://www.mediathequederoubaix.fr/ark:/20179/KH90372
005 20240514054707.0
035 00 $a HZ_RBX151638
090    $a 90372
091    $a 1 $b 20240514 $c 0
099    $t DV $c 2014-06-30 $d 2024-05-14 $x 0
100    $a 19       1982    k  y0frey5003    ba
101    $a fre
200    $a Forever now $b Enr. sonore $f The Psychedelic Furs
210    $d P 1982
215    $a 1 disque $c 33 t $d 30 cm
327    $a Face A : President gas $a Love my way $a Run and run $a Merry-go-round $a Sleep comes down $a Face B : Forever now $a Danger $a You & i $a Goodbye $a No easy street
339    $a m
679    $a 2
710    $7 ba0yba0y $8 fre    $a The Psychedelic furs $3 13905920 $9 36647
801  0 $a FR $b 595126101 $c 20130215 $g AFNOR
995    $0 0 $2 0 $4 0 $5 2005-03-24 $9 102076 $P 10.00 $b MED $c MED $e MED3C $f C0002914140 $h AMV20ZZ $k DISQ 30/2 PSY $o 0 $p 10.00 $r PRETSON $s DISQ_30_200000000000000_PSY $w 3 $y 2014-06-30

