01003nj  a2200241   4500
001 90526
003 http://www.mediathequederoubaix.fr/ark:/20179/KH90526
005 20240514055133.0
035 00 $a HZ_RBX151795
090    $a 90526
091    $a 1 $b 20240514 $c 0
099    $t DV $c 2014-06-30 $d 2024-05-14 $x 3
100    $a 19       1984    k  y0frey5003    ba
101    $a fre
200    $a Love at first sting $b Enr. sonore $f Scorpions
210    $d P 1984
215    $a 1 disque $c 33 t $d 30 cm
327    $a Face A : Bad boy running wild $a Rock you like a hurricane $a I'm leaving you $a Coming home $a The same thrill $a Face B : Big city nights $a As soon as the good times roll $a Crossfire $a Still loving you
339    $a m
679    $a 2
710    $7 ba0yba0y $8 fre    $a Scorpions $3 13906404 $9 2683
801  0 $a FR $b 595126101 $c 20130319 $g AFNOR
995    $0 0 $2 0 $4 0 $5 2005-03-24 $9 102243 $P 10.00 $b MED $c MED $e MED1A $f C0002915162 $h AMV25ZZ $k DISQ 30/2 SCO 50 $o 0 $p 10.00 $r PRETSON $s DISQ_30_200000000000000_SCO_50 $u Coup de coeur $w 4 $y 2024-04-05 $A 0

