00783nj  a2200217   4500
001 90686
003 http://www.mediathequederoubaix.fr/ark:/20179/KH90686
005 20240514055147.0
035 00 $a HZ_RBX151964
071 0  $a 410.008 $b MCA Records
090    $a 90686
091    $a 1 $b 20240514 $c 0
099    $t DV $c 2014-06-30 $d 2024-05-14 $x 0
100    $a 19               k  y0frey5003    ba
101    $a fre
200    $a Wishbone four $b Enr. sonore $f Wishbone Ash
215    $a 1 disque $c 33 tours $d 30 cm
339    $a m
710    $7 ba0yba0y $8 fre    $a Wishbone Ash $3 13907535 $9 10690
801  0 $a FR $b 595126101 $c 20050324 $g AFNOR
995    $0 0 $2 0 $4 0 $5 2005-03-24 $9 102418 $P 10.00 $b MED $c MED $e MED1A $f C0002915803 $h AMV20ZZ $k DISQ 30/2 WIS $o 0 $p 10.00 $r PRETSON $s DISQ_30_200000000000000_WIS $w 4 $y 2014-06-30 $7  $8  $A  $m  $z 

