01140nam a2200313   4500
001 90850
003 http://www.mediathequederoubaix.fr/ark:/20179/KH90850
005 20180720094526.0
035 00 $a HZ_RBX152130
090    $a 90850
091    $a 0
099    $t LI $c 2014-06-30 $d 2014-06-30 $x 0
100    $a 19       1858    k  y0frey5003    ba
101    $a fre
200    $a Comédies bourgeoises $g par Henry Monnier
205    $a Ed. interdite pour l'étranger
210    $a Paris $c Michel Lévy frères $d 1858
215    $a 202 p. $d 14 cm
225 0  $a Collection Hetzel et Lévy
300    $a Inventaire ENSAIT n ̊9169
300    $a Ex libris Pierre Destombes
310    $a Demi-rel. toile à coins
339    $a m
410    $t Collection Hetzel et Lévy
700 0  $9 284240 $a Monnier $b Henry $f 1799-1877
702    $9 166363 $4 320 $a Destombes $b Pierre $c roubaisien $f 1846-1915
801  0 $a FR $b 595126101 $c 20121109 $g AFNOR
930    $5 595126101:C0002848276 $b 595126101 $a LD/15 $e Fonds patrimonial; legs Destombes
995    $0 0 $2 0 $4 0 $5 2005-03-24 $9 102588 $b MED $c MED $e MED3T $f C0002848276 $h PPELGZZ $k LD/15 $o 2 $r PRETLIV $s LD_15_000000000000000 $w 0 $y 2014-06-30

