01535nam a2200385   4500
001 90972
003 http://www.mediathequederoubaix.fr/ark:/20179/KH90972
010    $d 29,10 F
020    $a FR $b 07001896
033    $a http://catalogue.bnf.fr/ark:/12148/cb353399016
035    $a FRBNF353399010000009
039    $o OPL $a 01144604X
090    $a 90972
091    $b 20240514 $c 1 $a 2
099    $t LI $c 2014-06-30 $d 2024-05-14 $x 0
100    $a 19700101d1970    m  y0frey50      ba
101 0  $a fre
102    $a FR
105    $a ||||z   00|||
106    $a r
181  0 $6 01 $a i  $b xxxe  
181    $6 02 $c txt $2 rdacontent
182  0 $6 01 $a n
182    $6 02 $c n $2 rdamedia
200 1  $a La Crise de confiance , les idées, le pouvoir et la violence en Amérique [the Crisis of confidence, ideas, power and violence in America]. Traduit de l'américain sous la direction de Roland Mehl.. $b Texte imprimé
210    $a Paris $c Denoël $d 1970
215    $a 1 vol. (307 p.) $d 22 cm
300    $a Index
339    $a m
686    $a 93  $2 Cadre de classement de la Bibliographie nationale française
700    $3 11923995 $9 3175 $o ISNI0000000109319139 $a Schlesinger $b Arthur Meier $4 070
702    $3 11915447 $9 20211 $o ISNI000000011821569X $a Mehl $b Roland $4 730
801  0 $a FR $b FR-751131015 $c 19700101 $g AFNOR $h FRBNF353399010000009 $2 intermrc
999    $a FRBNF353399010000009
995    $0 0 $2 0 $4 0 $5 2005-03-24 $9 102716 $P 24.00 $b MED $c MED $e MED3E $f C0002903254 $h AZZMAZZ $k Mag. in-8/23 979 $o 0 $p 24.00 $r PRETLIV $s MAG___IN823_979_00000000000000 $w 0 $y 2014-06-30

