01309nam a2200289   4500
001 91104
003 http://www.mediathequederoubaix.fr/ark:/20179/KH91104
005 20180720094527.0
033    $a http://catalogue.bnf.fr/ark:/12148/cb37021109c
035 00 $a HZ_RBX152405
090    $a 91104
091    $a 0
099    $t LI $c 2014-06-30 $d 2014-06-30 $x 0
100    $a 19       1963    k  y0frey5003    ba
101    $a fre
200    $a Bibliographie des auteurs modernes de langue française $e 1801-1962 $h Tome Quinzième $i [MIC-MIR] $f par Hector Talvart et Joseph Place $g continuée par Georges Place
210    $a Paris $c Ed. de la Chronique des lettres françaises $d 1963
215    $a 287 p. $d 24 cm
339    $a m
606 0  $9 248180 $a Ecrivains français $z 19e siècle $x Dictionnaires
606 0  $9 248181 $a Littérature française $z 19e siècle $x Bibliographie descriptive
700 0  $9 284209 $a Talvart $b Hector $f 1880-1959
701 0  $9 284210 $a Place $b Joseph $f 18..-1963
702 0  $9 284255 $a Place $b Georges $f 19..-.... $c bibliographe $4 070
801  0 $a FR $b 595126101 $c 20070830 $g AFNOR
930    $5 595126101:C0002814984 $b 595126101 $a MAG L/P 8/115 560 $e Fonds patrimonial
995    $0 0 $2 0 $4 0 $5 2005-03-24 $9 102864 $b MED $c MED $e MED3I $f C0002814984 $h PPEFGZZ $k MAG L/P 8/115 560 $o 2 $r PRETLIV $s MAG_LP_8115_560000000000000 $w 0 $y 2014-06-30

