01679ccm a22004333n 4500
001 91231
003 http://www.mediathequederoubaix.fr/ark:/20179/KH91231
033    $a http://catalogue.bnf.fr/ark:/12148/cb429217702
035    $a FRBNF429217700000007
039    $o MUS $a FG013908320001P
090    $a 91231
091    $a 2 $b 20240515 $c 1
099    $t PA $c 2014-06-30 $d 2024-05-15 $x 0
100    $a 20120319d1950    u  y0frey50      ba
101 0  $a fre
102    $a GB
106    $a r
128    $a co  $c ka01 $b oa01
145 0  $b 01kpf  a $c 01ofu   
181  0 $6 01 $a d  $b axxe  
181    $6 02 $c ntm $2 rdacontent
182  0 $6 01 $a n
182    $6 02 $c n $2 rdamedia
200 1  $a Aaron Copland. Concerto for piano and orchestra $b Musique imprimée
208    $a [Partition de poche.]
210    $a [Londres] $c Boosey & Hawkes $d cop. 1950
215    $a In-16, 67 p.
225    $a Hawkes pocket scores $v N° 696
300    $a Le titre porte : Reissued under the auspices of Arrow music press
300    $a Copyright 1929 de COS COB press.
339    $a m
410  0 $0 39583447 $t Hawkes pocket scores $v 696
500 11 $3 14840643 $9 321599 $a Concertos $r Piano, orchestre
608    $3 12240524 $9 325089 $a Concertos (piano) $3 11975995 $9 324 $z 20e siècle $2 rameau
679    $a 4 $c 19.73
700    $3 13892722 $9 22385 $o ISNI0000000120961237 $a Copland $b Aaron $4 230
801  0 $a FR $b FR-751131015 $c 20120319 $g AFNOR $h FRBNF429217700000007 $2 intermrc
999    $a FRBNF429217700000007
995    $0 0 $2 0 $4 0 $5 2005-03-24 $9 103001 $P 24.83 $b MED $c MED $e MED1A $f C0002818726 $h AMV39ZZ $k PA/4 COP/19.73 $l Contient : 1 partition + 1 partie (11 p.) $o 0 $p 24.83 $r PRETPAR $s PA_4_000000000000000_COP_19_73 $w 3 $y 2014-06-30

