01119nj  a2200265   4500
001 91355
003 http://www.mediathequederoubaix.fr/ark:/20179/KH91355
005 20240515050846.0
035 00 $a HZ_RBX152722
071 0  $a NUM 48086
090    $a 91355
091    $a 1 $b 20240515 $c 0
099    $t DV $c 2014-06-30 $d 2024-05-15 $x 0
100    $a 19       1985    k  y0frey5003    ba
101    $a fre
200    $a Troubadour de la paix $b Enr. sonore $a le chanteur des rues $f Nuno Da Silva, interpr. $g Hubert Ithier, Frédéric Lecoultre, aut., comp. $g Paul Piot, arr., dir.
210    $d P 1985
215    $a 1 disque $c 45 tours $d 17 cm
339    $a m
700 0  $a Da Silva $b Nuno $c roubaisien
701 0  $7 ba0yba0y $8 fre    $3 14828189 $9 58012 $7 ba0yba0y $8 fre    $a Ithier $b Hubert $f 1920-2009
701    $7 ba0yba0y $8 fre    $a Piot $b Paul $f 1924-2004 $3 13934955 $9 2373
701    $7 ba0yba0y $8 fre    $a Lecoultre $b Frédéric $3 14766618 $9 76896
801  0 $a FR $b 595126101 $c 20050324 $g AFNOR
995    $0 0 $2 0 $4 0 $5 2005-03-24 $9 103191 $P 10.00 $b MED $c MED $e MED3C $f C0003562734 $h PENRSZZ $k FLRSON 17/255 $o 2 $p 10.00 $r PRETSON $s FLRSON_17255_000000000000000 $w 0 $y 2014-06-30

