01544cam a22003973  4500
001 91469
003 http://www.mediathequederoubaix.fr/ark:/20179/KH91469
010    $d 13 F
033    $a http://catalogue.bnf.fr/ark:/12148/cb33027432m
035    $a FRBNF330274320000003
039    $o CRI $a LX001001420302P
090    $a 91469
091    $a 2 $b 20240515 $c 1
099    $t LI $c 2014-06-30 $d 2024-05-15 $x 0
100    $a 19970701d1964    m  y0frey50      ba
101 1  $a fre $c pol
102    $a FR
105    $a ||||z   00|||
106    $a r
181  0 $6 01 $a i  $b xxxe  
181    $6 02 $c txt $2 rdacontent
182  0 $6 01 $a n
182    $6 02 $c n $2 rdamedia
200 1  $a Journal $b Texte imprimé $f Witold Gombrowicz $g traduit du polonais par Allan Kosko
210    $a Paris $c Julliard $d 1964 $e 94-Villeneuve-Saint-Georges $g Union typographique
215    $a 388 p. $d 20 cm
225    $a Lettres nouvelles $v 34
339    $a m
410  0 $0 34235057 $t Les Lettres nouvelles (Collection) $v 34
454  1 $t Dziennik (1953-1956)
500 11 $3 14543659 $9 297939 $a Dziennik $m français $2 lien automatique
700    $3 11905352 $9 11841 $o ISNI0000000121447336 $a Gombrowicz $b Witold $f 1904-1969 $4 070
702    $3 11910003 $9 32415 $o ISNI0000000021862444 $a Kosko $b Allan $f 1907-1986 $4 730
801  0 $a FR $b FR-751131015 $c 19970701 $g AFNOR $h FRBNF330274320000003 $2 intermrc
999    $a FRBNF330274320000003
995    $0 0 $2 0 $4 0 $5 2005-03-24 $9 103333 $P 24.00 $b MED $c MED $e MED3E $f C0002908262 $h AZZMAZZ $k Mag. in-8/23 725 $o 0 $p 24.00 $r PRETLIV $s MAG___IN823_725_00000000000000 $w 0 $y 2014-06-30

