00892na  a2200217   4500
001 91583
003 http://www.mediathequederoubaix.fr/ark:/20179/KH91583
005 20240515050934.0
035 00 $a HZ_RBX152972
090    $a 91583
091    $a 2 $b 20240515 $c 0
099    $t LI $c 2014-06-30 $d 2024-05-15 $x 0
100    $a 19       1967    k  y0frey5003    ba
101    $a fre
200    $a Vailant-Couturier $e écrivain $e textes littéraires choisis et présentés par $f André Stil
210    $a Paris $c Les Editeurs Français réunis $d 1967
215    $a 377 p. $c couv. ill. $d 18 cm
339    $a m
600 0  $7 ba0yba0y $8 fre    $3 12095321 $9 56686 $7 ba0yba0y $8 fre    $a Vaillant-Couturier $b Paul $f 1892-1937
801  0 $a FR $b 595126101 $c 20070830 $g AFNOR
995    $0 0 $2 0 $4 0 $5 2005-03-24 $9 103460 $P 24.00 $b MED $c MED $e MED3E $f C0002907070 $h AZZMAZZ $k Mag. in-8/23 676 $o 0 $p 24.00 $r PRETLIV $s MAG___IN823_676_00000000000000 $w 0 $y 2014-06-30

