02133cam a2200493   4500
001 91694
003 http://www.mediathequederoubaix.fr/ark:/20179/KH91694
010    $a 2-213-02426-X $b vol 1
010    $a 2-213-02427-8 $b vol. 2 $b rel. $d 280 F, 210 F
020    $a FR $b 09009062
033    $a http://catalogue.bnf.fr/ark:/12148/cb35054521d
035    $a FRBNF350545210000006
039    $o OPL $a 007549795
039    $o OPP $a 37274641 $d 20090406
090    $a 91694
091    $b 20240515 $c 1 $a 2
099    $t LI $c 2014-06-30 $d 2024-05-15 $x 0
100    $a 19900206d1989    m  y0frey50      ba
101 0  $a fre
102    $a FR
105    $a a   z   00|||
106    $a r
181  0 $6 01 $a i  $b xxxe   $a b  $b xb2e  
181    $6 02 $c txt $c sti $2 rdacontent
182  0 $6 01 $a n
182    $6 02 $c n $2 rdamedia
200 1  $a Oeuvres $b Texte imprimé $f Volney $g [textes réunis et revus par Anne et Henry Deneys]
210    $a [Paris] $c Fayard $d 1989 $e 86-Ligugé $g Impr. Aubin
215    $a 2 vol. (684, 498 p.) $c ill. $d 23 cm
225    $a Corpus des oeuvres de philosophie en langue française
300    $a Bibliogr. des oeuvres de Volney, 3 p.
339    $a m
410  0 $0 34234240 $t Corpus des oeuvres de philosophie en langue française $x 0765-4685 $d 1989
606    $3 11933106 $9 2620 $a Philosophie politique $3 11976032 $9 3298 $z 18e siècle $2 rameau
676    $a 320.509 033 $v 23
676    $a 194 $v 23
686    $a 190 $2 Cadre de classement de la Bibliographie nationale française
686    $a 1 $2 Cadre de classement de la Bibliographie nationale française
700    $3 11928661 $9 283255 $o ISNI0000000083431332 $a Volney $b Constantin-François de Chasseboeuf de $f 1757-1820 $4 070
702    $3 12246376 $9 56720 $o ISNI0000000115582232 $a Deneys-Tunney $b Anne $f 1957-2017 $4 340
702    $3 11899559 $9 56721 $o ISNI0000000116037017 $a Deneys $b Henry $f 1929-2020 $4 340
801  0 $a FR $b FR-751131015 $c 19900206 $g AFNOR $h FRBNF350545210000006 $2 intermrc
999    $a FRBNF350545210000006
995    $0 0 $2 0 $4 0 $5 2005-03-24 $9 103578 $P 32.50 $b MED $c MED $e MED3E $f C0002850524 $h AZZMAZZ $k Mag. in-8/44 568 $o 0 $p 32.50 $r PRETLIV $s MAG___IN844_568_00000000000000 $w 1 $y 2014-06-30

