01197cam a2200337   4500
001 91809
003 http://www.mediathequederoubaix.fr/ark:/20179/KH91809
033    $a http://catalogue.bnf.fr/ark:/12148/cb31189160n
035    $a FRBNF311891600000001
039    $o CRI $a CG014800610005P
090    $a 91809
091    $a 2 $b 20240515 $c 1
099    $t LI $c 2014-06-30 $d 2024-05-15 $x 0
100    $a 19930813d1919    m  y0frey50      ba
101 0  $a fre
102    $a FR
105    $a ||||z   00|||
106    $a r
181  0 $6 01 $a i  $b xxxe  
181    $6 02 $c txt $2 rdacontent
182  0 $6 01 $a n
182    $6 02 $c n $2 rdamedia
200 1  $a Histoires incertaines $b Texte imprimé $f Henri de Régnier,...
205    $a 4e édition
210    $a Paris $c Mercure de France $d 1919
215    $a 1 vol. (290 p.) $d in-16
339    $a m
700    $3 11921397 $9 53022 $o ISNI0000000121229638 $a Régnier $b Henri de $f 1864-1936 $4 070
801  0 $a FR $b FR-751131015 $c 19930813 $g AFNOR $h FRBNF311891600000001 $2 intermrc
999    $a FRBNF311891600000001
995    $0 0 $2 0 $4 0 $5 2005-03-24 $9 103704 $P 24.00 $b MED $c MED $e MED3E $f C0002862589 $h ALTROZZ $k Mag. in-8/23 440 $o 0 $p 24.00 $r PRETLIV $s MAG___IN8_23_440000000000000 $w 0 $y 2014-06-30

