01415nj  a2200289   4500
001 91936
003 http://www.mediathequederoubaix.fr/ark:/20179/KH91936
005 20240515051650.0
035 00 $a HZ_RBX153389
071 0  $a U 310106 $b Auvidis
090    $a 91936
091    $a 1 $b 20240515 $c 0
099    $t DC $c 2014-06-30 $d 2024-05-15 $x 5
100    $a 19       1996    k  y0frey5003    ba
101    $a fre
200    $a Autour du sapin $b Enr. sonore $f Mylie
210    $d P 1996
215    $a 1 d.c. $e 1 brochure (7 p. ; 12 cm)
327    $a Un homme en rouge et blanc $a Vive le vent (jingle bells) $a Natacha $a Il pleut des papillons $a Mon beau sapin $a Dors mon petit enfant $a Si tu veux être un petit lutin $a Noël blanc (white christmas) $a Petit garçon $a Lili ma poupée $a Les soldats de bois $a Joyeux Noël $a C'est le vent $a Un homme en rouge et blanc (instrumental) $a Mon beau sapin $a Dors bien mon petit enfant $a Si tu veux être un petit lutin $a C'est le vent
339    $a a
606    $a Noël, Temps de $x Chants et musique $2 rameau
606    $a Chansons enfantines $x Disques $2 rameau
606    $7 ba0yba0y $8 fre    $3 12404408 $9 39905 $a Noëls français $x Disques $2 rameau
679    $a 751
700 0  $a Mylie $f 19..-.... $c chanteuse
801  0 $a FR $b 595126101 $c 20070830 $g AFNOR
995    $0 0 $2 0 $4 0 $5 2005-03-24 $9 103840 $P 13.72 $b MED $c MED $e MED2C $f C0002919378 $h JMUEFZZ $k DC/751 MYL $o 0 $p 13.72 $r PRETSON $s DC_751_000000000000000_MYL $w 79 $y 2021-12-21

