01688nam a2200409   4500
001 92054
003 http://www.mediathequederoubaix.fr/ark:/20179/KH92054
010    $a 2-84420-092-3 $b rel $d Prix : 99 F : 15,09 EUR
020    $a FR $b 00075740
033    $a http://catalogue.bnf.fr/ark:/12148/cb37200628q
035    $a FRBNF372006280000005
039    $o OPL $a 02592622X
073  0 $a 9782844200921 $2 ALS
090    $a 92054
091    $b 20240515 $c 1 $a 2
099    $t LI $c 2014-06-30 $d 2024-05-15 $x 26
100    $a 20001213d2000    a  y0frey50      ba
101 0  $a fre
102    $a FR
105    $a a   z   00|a|
106    $a r
181  0 $6 01 $a i  $b xxxe   $a b  $b xb2e  
181    $6 02 $c txt $c sti $2 rdacontent
182  0 $6 01 $a n
182    $6 02 $c n $2 rdamedia
200 1  $a Le petit être $b Texte imprimé $f Jeanne Benameur $g [ill. par] Nathalie Novi
210    $a [Paris] $c T. Magnier $d 2000 $e impr. en Belgique
215    $a Non paginé [26] p. $c ill. en coul., couv. ill. en coul. $d 26 cm
339    $a a
608    $a Albums $2 CNLJ $k Avis critique donné par le Centre national de la littérature pour la jeunesse
609 0  $a Solitude $x Ouvrages pour la jeunesse $2 rameau
686    $a 823 $2 Cadre de classement de la Bibliographie nationale française
700    $3 12084430 $9 44939 $o ISNI0000000121172387 $a Benameur $b Jeanne $f 1952-.... $4 070
702    $3 12405289 $9 28234 $o ISNI0000000121289657 $a Novi $b Nathalie $f 1963-.... $4 440
801  0 $a FR $b FR-751131015 $c 20001213 $g AFNOR $h FRBNF372006280000005 $2 intermrc
999    $a FRBNF372006280000005
995    $0 0 $2 0 $4 0 $5 2005-03-24 $9 103982 $P 15.80 $b MED $c MED $e MED0A $f C0003648271 $h JABPFAF $k EXT PE A/BEN $o 0 $p 15.80 $r PRETLIV $s EXT_PE_ABEN $w 16 $y 2019-09-12

