01347nam a22003373n 4500
001 92219
003 http://www.mediathequederoubaix.fr/ark:/20179/KH92219
033    $a http://catalogue.bnf.fr/ark:/12148/cb326509188
035    $a FRBNF326509180000005
039    $o CRI $a SU099910310001P  
090    $a 92219
091    $a 2 $b 20240515 $c 1
099    $t LI $c 2014-06-30 $d 2024-05-15 $x 0
100    $a 19970701d1951    m  y0frey50      ba
101 0  $a fre
102    $a FR
105    $a ||||z   00|||
106    $a r
181  0 $6 01 $a i  $b xxxe  
181    $6 02 $c txt $2 rdacontent
182  0 $6 01 $a n
182    $6 02 $c n $2 rdamedia
200 1  $a Francis Stuart. Le Baptême de la nuit , roman traduit de l'anglais par Georgette Henry $b Texte imprimé
210    $a Paris, Éditions du Temps présent $a (Ligugé, impr. de Aubin) $d 1951. In-16 (190 x 120), 375 p. 420 fr. [D. L. 7570-51] -XcR-
339    $a m
454  1 $t The Flowering cross
700    $3 12182008 $9 52987 $o ISNI0000000081652166 $a Stuart $b Francis $4 070
702    $3 11066569 $9 283944 $a Henry $b Georgette $4 730
801  0 $a FR $b FR-751131015 $c 19970701 $g AFNOR $h FRBNF326509180000005 $2 intermrc
999    $a FRBNF326509180000005
995    $0 0 $2 0 $4 0 $5 2005-03-24 $9 104201 $P 24.00 $b MED $c MED $e MED3E $f C0002862254 $h ALTROZZ $k Mag. in-8/23 257 $o 0 $p 24.00 $r PRETLIV $s MAG___IN8_23_257000000000000 $w 0 $y 2014-06-30

