01287nam a22003493n 4500
001 92351
003 http://www.mediathequederoubaix.fr/ark:/20179/KH92351
033    $a http://catalogue.bnf.fr/ark:/12148/cb331640783
035    $a FRBNF331640780000004
039    $o CRI $a LX001901701901P 
090    $a 92351
091    $a 2 $b 20240515 $c 1
099    $t LI $c 2014-06-30 $d 2024-05-15 $x 0
100    $a 19970701d1968    m  y0frey50      ba
101 0  $a fre
102    $a FR
105    $a ||||z   00|||
106    $a r
181  0 $6 01 $a i  $b xxxe  
181    $6 02 $c txt $2 rdacontent
182  0 $6 01 $a n
182    $6 02 $c n $2 rdamedia
200 1  $a La Porte aux marionnettes $b Texte imprimé $f Marcel Sala
210    $a [Paris,] $c Gallimard $d 1968
215    $a In-16 (20 cm), 255 p. 16 F. [D. L. 8817-68]
339    $a m
686    $a 800 $2 Cadre de classement de la Bibliographie nationale française
700    $3 11451949 $9 317359 $a Sala $b Marcel $4 070
801  0 $a FR $b FR-751131015 $c 19970701 $g AFNOR $h FRBNF331640780000004 $2 intermrc
856 4  $u http://gallica.bnf.fr/ark:/12148/bpt6k3340413d
999    $a FRBNF331640780000004
995    $0 0 $2 0 $4 0 $5 2005-03-24 $9 104375 $P 24.00 $b MED $c MED $e MED3E $f C0002867644 $h ALTROZZ $k Mag. in-8/23 175 $o 0 $p 24.00 $r PRETLIV $s MAG___IN8_23_175000000000000 $w 0 $y 2014-06-30

