01185cam a22003373  4500
001 92614
003 http://www.mediathequederoubaix.fr/ark:/20179/KH92614
010    $d 12 F
033    $a http://catalogue.bnf.fr/ark:/12148/cb330600679
035    $a FRBNF33060067000000X
039    $o CRI $a LX001203801001P
090    $a 92614
091    $a 2 $b 20240515 $c 1
099    $t LI $c 2014-06-30 $d 2024-05-15 $x 0
100    $a 19970701d1964    m  y0frey50      ba
101 0  $a fre
102    $a FR
105    $a ||||z   00|||
106    $a r
181  0 $6 01 $a i  $b xxxe  
181    $6 02 $c txt $2 rdacontent
182  0 $6 01 $a n
182    $6 02 $c n $2 rdamedia
200 1  $a Sariat $b Texte imprimé $e roman $f Alice Kahn
210    $a Paris $c Éditeurs français réunis $d 1964 $e Mesnil $g Impr. Firmin-Didot
215    $a 1 vol. (248 p.) $d 18 cm
339    $a m
700    $3 11552756 $9 317382 $a Kahn $b Alice Schöne, Mme $4 070
801  0 $a FR $b FR-751131015 $c 19970701 $g AFNOR $h FRBNF33060067000000X $2 intermrc
999    $a FRBNF33060067000000X
995    $0 0 $2 0 $4 0 $5 2005-03-24 $9 104718 $P 24.00 $b MED $c MED $e MED3E $f C0002879196 $h AZZMAZZ $k Mag. in-8/23 005 $o 0 $p 24.00 $r PRETLIV $s MAG___IN823_005_00000000000000 $w 0 $y 2014-06-30

