02789nam a2200493   4500
001 92730
003 http://www.mediathequederoubaix.fr/ark:/20179/KH92730
010    $a 2-912084-27-X $b rel. $d Prix : 95 F : 14,50 EUR
020    $a FR $b 00072129
033    $a http://catalogue.bnf.fr/ark:/12148/cb371980171
035    $a FRBNF371980170000005
039    $o OPL $a 025879481
073  0 $a 9782912084279 $2 ALS
090    $a 92730
091    $b 20240515 $c 1 $a 2
099    $t LI $c 2014-06-30 $d 2024-05-15 $x 16
100    $a 20001128d2000    a  y0frey50      ba
101 0  $a fre
102    $a FR
105    $a a   z   00|a|
106    $a r
181  0 $6 01 $a i  $b xxxe   $a b  $b xb2e  
181    $6 02 $c txt $c sti $2 rdacontent
182  0 $6 01 $a n
182    $6 02 $c n $2 rdamedia
200 1  $a Le tireur de langue $b Texte imprimé $f poèmes réunis par Jean-Marie Henry $g sculptures de Roland Roure $g photogr. de Yann Bouvier
210    $a [Voisins-le-Bretonneux] $c Rue du monde $d 2000 $e 18-Saint-Germain-du-Puy $g Impr. IFC-Askréa
215    $a 61 p. $c ill. en coul., couv. ill. en coul. $d 19 x 25 cm
225    $a La poésie
300    $a La couv. porte en plus : "anthologie de poèmes insolites, étonnants ou carrément drôles"
321    $a La Revue des livres pour enfants. Sélection annuelle
321    $a Escales en littérature de jeunesse
329    $a **Anthologie de poèmes insolites, étonnants ou carrément drôles. Malice et délice à toutes les pages ! L'anthologiste s'en donne à coeur joie, débusquant près d'une centaine de petits trésors d'humour poétique, multipliant les jeux d'écho d'un texte à l'autre, les clins d'oeil. Et l'illustrateur ne s'en prive pas non plus ! Les sculptures de Roland Roure, plaques découpées et peintes, courent allègrement, naïves mais ô combien malignes, à travers la joyeuse galopade des poèmes
339    $a a
410  0 $0 36130940 $t La Poésie (Voisins-le-Bretonneux) $x 1636-886X $d 2000
608    $a Poésies, comptines et chansons $2 CNLJ $k Avis critique donné par le Centre national de la littérature pour la jeunesse
686    $a 821 $2 Cadre de classement de la Bibliographie nationale française
702    $3 13182072 $9 40904 $o ISNI0000000109060462 $a Henry $b Jean-Marie $f 1955-.... $4 340
702    $3 13491709 $9 57030 $o ISNI000000007836952X $a Roure $b Roland $f 1940-.... $4 440
702    $3 13583100 $9 321613 $a Bouvier $b Yann $4 440
801  0 $a FR $b FR-751131015 $c 20001128 $g AFNOR $h FRBNF371980170000005 $2 intermrc
999    $a FRBNF371980170000005
995    $0 0 $2 0 $4 0 $5 2005-03-24 $9 104872 $P 12.74 $b MED $c MED $e MED2A $f C0002860765 $h JPOZZZZ $k E P/ABC $o 0 $p 12.74 $r PRETLIV $s E_PABC $w 17 $y 2017-11-10
995    $0 0 $2 0 $4 0 $5 2005-03-24 $9 104874 $P 12.74 $b MED $c MED $e MED0A $f C0002881753 $h JDT80ZZ $k EXT E P/ABC $o 0 $p 12.74 $r PRETLIV $s EXT_E_PABC $w 10 $y 2017-03-14

