01021nam a2200277   4500
001 92843
003 http://www.mediathequederoubaix.fr/ark:/20179/KH92843
005 20160125020159.0
035 00 $a HZ_RBX154563
090    $a 92843
091    $a 0
099    $t LI $c 2014-06-30 $d 2014-06-30 $x 0
100    $a 19       1948    k  y0frey5003    ba
101    $a fre
200    $a Les marionnettes $f Brossard
210    $a Cannes $c Ed. de l'Ecole moderne française $d [1948]
215    $a 28 p. $c ill., couv. ill. $d 24 cm
225 0  $a Enfantines
315    $a Brochures d'éducation nouvelle populaire, n ̊37, mai 1948
339    $a m
410    $t Enfantines
606    $9 236027 $a Marionnettes
700 0  $9 149291 $a Brossard $b Gilbert $c conteur-marionnettiste
801  0 $a FR $b 595126101 $c 20110520 $g AFNOR
930    $5 595126101:C0002936257 $b 595126101 $a BR 8/1345 $e Fonds patrimonial
995    $0 0 $2 0 $4 0 $5 2005-03-24 $9 104997 $P 13.72 $b MED $c MED $e MED3M $f C0002936257 $h PPEFGZZ $k BR 8/1345 $o 2 $p 13.72 $r PRETLIV $s BR_81345_000000000000000 $w 0 $y 2014-06-30

