01440nj  a2200313   4500
001 92973
003 http://www.mediathequederoubaix.fr/ark:/20179/KH92973
005 20240515053206.0
035 00 $a HZ_RBX154724
071 0  $a RCA Victor/BMG $b 74321 796812
090    $a 92973
091    $a 1 $b 20240515 $c 0
099    $t DC $c 2014-06-30 $d 2024-05-15 $x 28
100    $a 19       2000    k  y0frey5003    ba
101    $a fre
200    $a Sings Salvadore Pœ $b Enr. sonore $f Lisa Ekdahl
210    $d P 2000
215    $a 1 d.c. $e 1 brochure (n.p. ; 13 cm)
327    $a Daybreak $a Rivers of love $a Sunny weather $a Only you $a The color of you $a How many more times $a I will be blessed $a Since you've been gone $a I've never seen anything like you $a I don't miss you anymore $a Nightingale $a The rhythm of our hearts $a Sun rose $a Of my conceit
339    $a m
606    $a Jazz $y Norvège $x Disques $2 rameau
606    $a Jazz (chants) $x Disques $2 rameau
606    $7 ba0yba0y $8 fre    $a Chanteuses de jazz $3 12166760 $9 231 $x Disques $2 rameau $9 231
606    $7 ba0yba0y $8 fre    $3 13329618 $9 2993 $a Bossas-novas $x Disques $2 rameau
679    $a 1
700    $7 ba0yba0y $8 fre    $a Ekdahl $b Lisa $f 1971-.... $3 14006961 $9 57086
701 0  $a Poe $b Salvadore
801  0 $a FR $b 595126101 $c 20110524 $g AFNOR
995    $0 0 $2 0 $4 0 $5 2005-03-24 $9 105132 $P 18.85 $b MED $c MED $e MED1A $f C0005916474 $h AMV13ZZ $k DC/1 EKD $l Contient : 1 CD + 1 brochure $o 0 $p 18.85 $r PRETSON $s DC_1_000000000000000_EKD $w 104 $y 2023-11-21

