01636nam a22004093  4500
001 93086
003 http://www.mediathequederoubaix.fr/ark:/20179/KH93086
033    $a http://catalogue.bnf.fr/ark:/12148/cb330198549
035    $a FRBNF330198540000008
039    $o CRI $a LX000906530504PV001
039    $o OPP $a 33019855 $d 20181130
039    $o OPP $a 33019856 $d 20181130
090    $a 93086
091    $a 2 $b 20240515 $c 1
099    $t LI $c 2014-06-30 $d 2024-05-15 $x 0
100    $a 19970701g19601963m  y0frey50      ba
101 0  $a fre
102    $a FR
105    $a ||||z   00|||
106    $a r
181  0 $6 01 $a i  $b xxxe  
181    $6 02 $c txt $2 rdacontent
182  0 $6 01 $a n
182    $6 02 $c n $2 rdamedia
200 1  $a Mémoires d'un parisien $b Texte imprimé $f Jean Galtier-Boissière
210    $a Paris $c La Table ronde $d 1961
215    $a 3 vol. (412, 346, 406 p.) $d 20 cm
339    $a m
493    $1 Mémoires d'un parisien / Jean Galtier-Boissière . $1 La Table ronde , 196. .
686    $a 920 $2 Cadre de classement de la Bibliographie nationale française
700    $3 11904000 $9 57125 $o ISNI0000000121171368 $a Galtier-Boissière $b Jean $f 1891-1966 $4 070
801  0 $a FR $b FR-751131015 $c 19970701 $g AFNOR $h FRBNF330198540000008 $2 intermrc
856 4  $u http://gallica.bnf.fr/ark:/12148/bpt6k3359119x
856 4  $u http://gallica.bnf.fr/ark:/12148/bpt6k3357979b
856 4  $u http://gallica.bnf.fr/ark:/12148/bpt6k33577238
999    $a FRBNF330198540000008
995    $0 0 $2 0 $4 0 $5 2005-03-24 $9 105254 $P 24.00 $b MED $c MED $e MED3E $f C0002879536 $h AZZMAZZ $k Mag. in-8/22 718 $o 0 $p 24.00 $r PRETLIV $s MAG___IN822_718_00000000000000 $w 0 $y 2014-06-30

