00989nam a2200229   4500
001 93195
003 http://www.mediathequederoubaix.fr/ark:/20179/KH93195
005 20160125020201.0
035 00 $a HZ_RBX154975
090    $a 93195
091    $a 0
099    $t LI $c 2014-06-30 $d 2014-06-30 $x 0
100    $a 19       1964    k  y0frey5003    ba
101    $a fre
200    $a Etude quantitative de l'emploi $e arrondissement de Lille $f Comité de Roubaix-Tourcoing d'études et d'action économiques et sociales
210    $a Roubaix $c Comité de Roubaix-Tourcoing d'études et d'action économiques et sociales $d 1964
215    $a 14-IV p. $d 27 cm
339    $a m
606 0  $9 248021 $a Travail, Marché du $y France $y Lille (Nord ; agglomération)
801  0 $a FR $b 595126101 $c 20070830 $g AFNOR
930    $5 595126101:C0002744626 $b 595126101 $a BR 4/2103 $e Fonds patrimonial
995    $0 0 $2 0 $4 0 $5 2005-03-24 $9 105374 $b MED $c MED $e MED3N $f C0002744626 $h PPEFGZZ $k BR 4/2103 $o 2 $r PRETLIV $s BR_42103_000000000000000 $w 0 $y 2014-06-30

