01588nam a2200397   4500
001 93317
003 http://www.mediathequederoubaix.fr/ark:/20179/KH93317
033    $a http://catalogue.bnf.fr/ark:/12148/cb374354944
035    $a FRBNF374354940000009
039    $o GEA $a 001963184
090    $a 93317
091    $a 2 $b 20240515 $c 1
099    $t LI $c 2014-06-30 $d 2024-05-15 $x 0
100    $a 19940923e19691867m  y0frey50      ba
101 0  $a fre
102    $a CH
105    $a ||||e   00|y|
106    $a r
181  0 $6 01 $a i  $b xxxe  
181    $6 02 $c txt $2 rdacontent
182  0 $6 01 $a n
182    $6 02 $c n $2 rdamedia
200 1  $a Dictionnaire du patois de la Flandre française ou wallonne $b Texte imprimé $f L. Vermesse
205    $a Reprod. en fac-sim.
210    $a Genève $c Slatkine reprints $d 1969
215    $a XXIX-507 p. $d 24 cm
225    $a Bibliothèque des dictionnaires patois de la France $h Première série $v IV
324    $a Fac-sim. de l'éd. de Douai : 1867
339    $a m
410  0 $0 34265454 $t Bibliothèque des dictionnaires patois de la France $v 4
606    $3 11935400 $9 298035 $a Wallon (dialecte) $3 11949743 $9 18904 $x Locutions $3 11953148 $9 16558 $y Flandre (France) $2 rameau
676    $a 447.944 28 $v 23
700    $3 12361835 $9 280974 $o ISNI0000000080864845 $a Vermesse $b Louis $f 1837-1865 $4 070
801  0 $a FR $b FR-751131015 $c 19940923 $g AFNOR $h FRBNF374354940000009 $2 intermrc
999    $a FRBNF374354940000009
995    $0 0 $2 0 $4 0 $5 2005-03-24 $9 105502 $P 24.00 $b MED $c MED $e MED2B $f C0002906163 $h ACFUEZZ $k U ETUD FR/447 VER $o 2 $p 24.00 $r PRETLIV $s U_ETUD_FR447_VER $w 0 $y 2014-06-30

