00866na  a2200241   4500
001 93487
003 http://www.mediathequederoubaix.fr/ark:/20179/KH93487
005 20240515053924.0
035 00 $a HZ_RBX155329
090    $a 93487
091    $a 2 $b 20240515 $c 0
099    $t LI $c 2014-06-30 $d 2024-05-15 $x 0
100    $a 19921118d1966    u  u0frey5003    ba
101    $a fre
102    $a FR
200    $a Les Asymétries fonctionnelles, sport et latéralité
210    $a Paris $c A.G.E.M.P. $d 1966
215    $a 24 cm, 116-X p., ill., multigr.
300    $a Thèse. Méd. Paris. 1966. N ̊835
339    $a m
700    $a Azémar $b Guy $f 1926?-2014 $3 12041145 $9 284478
801  0 $a FR $b 595126101 $c 20050324 $g AFNOR
995    $0 0 $2 0 $4 0 $5 2005-03-24 $9 105686 $P 24.00 $b MED $c MED $e MED3E $f C0002894528 $h AZZMAZZ $k Mag. in-8/22 313 $o 0 $p 24.00 $r PRETLIV $s MAG___IN822_313_00000000000000 $w 0 $y 2014-06-30

