01324nam a22003253n 4500
001 93642
003 http://www.mediathequederoubaix.fr/ark:/20179/KH93642
033    $a http://catalogue.bnf.fr/ark:/12148/cb31912420g
035    $a FRBNF319124200000007
039    $o CRI $a SU023008910001P  
090    $a 93642
091    $a 2 $b 20240515 $c 1
099    $t LI $c 2014-06-30 $d 2024-05-15 $x 1
100    $a 19970701d1954    m  y0frey50      ba
101 0  $a fre
102    $a FR
105    $a ||||z   00|||
106    $a r
181  0 $6 01 $a i  $b xxxe  
181    $6 02 $c txt $2 rdacontent
182  0 $6 01 $a n
182    $6 02 $c n $2 rdamedia
200 1  $a La Bouche du cheval  ("the Horse's mouth"), roman traduit de l'anglais par Mme Lebettre-Laporte $b Texte imprimé
210    $a Paris, A. Michel $a (Lagny-sur-Marne, impr. de E. Grevin et fils) $d 1954. In-16, 445 p. 780 fr. [D. L. 12125-54] -XcR-
339    $a m
700    $3 12040277 $9 311456 $o ISNI0000000110605589 $a Cary $b Joyce Lunel $4 070
702    $3 11294951 $9 284497 $a Lebettre-Laporte $b Madeleine $4 730
801  0 $a FR $b FR-751131015 $c 19970701 $g AFNOR $h FRBNF319124200000007 $2 intermrc
999    $a FRBNF319124200000007
995    $0 0 $2 0 $4 0 $5 2005-03-24 $9 105842 $P 24.00 $b MED $c MED $e MED3E $f C0002893182 $h ALTROZZ $k Mag. in-8/22 282 $o 0 $p 24.00 $r PRETLIV $s MAG___IN8_22_282000000000000 $w 1 $y 2024-03-12

