01380nam a22003373n 4500
001 93761
003 http://www.mediathequederoubaix.fr/ark:/20179/KH93761
033    $a http://catalogue.bnf.fr/ark:/12148/cb31899183q
035    $a FRBNF318991830000009
039    $o CRI $a SU021704000001P  
090    $a 93761
091    $a 2 $b 20240515 $c 1
099    $t LI $c 2014-06-30 $d 2024-05-15 $x 0
100    $a 19970701d1957    m  y0frey50      ba
101 0  $a fre
102    $a FR
105    $a ||||z   00|||
106    $a r
181  0 $6 01 $a i  $b xxxe  
181    $6 02 $c txt $2 rdacontent
182  0 $6 01 $a n
182    $6 02 $c n $2 rdamedia
200 1  $a Pris sur le vif. ['Gulf Coast stories'. Traduction de Robert Vidal.] $b Texte imprimé $f Erskine Caldwell
210    $a Paris, Presses de la Cité $a (Châtillon-sous-Bagneux, Impr. S.E.G.) $d 1957. In-8° (21 cm), 251 p. 675 fr. [D. L. 11610-57] -XcR-
300    $a Grands romans cosmopolites
339    $a m
700    $3 11894842 $9 34834 $o ISNI0000000121010740 $a Caldwell $b Erskine $4 070
702    $3 12205826 $9 52204 $o ISNI0000000000765434 $a Vidal $b J. Robert $4 730
801  0 $a FR $b FR-751131015 $c 19970701 $g AFNOR $h FRBNF318991830000009 $2 intermrc
999    $a FRBNF318991830000009
995    $0 0 $2 0 $4 0 $5 2005-03-24 $9 105966 $P 23.78 $b MED $c MED $e MED3E $f C0002897021 $h ALTROZZ $k Mag. in-8/22 131 $o 0 $p 23.78 $r PRETLIV $s MAG___IN8_22_131000000000000 $w 0 $y 2014-06-30

