00807na  a2200229   4500
001 93912
003 http://www.mediathequederoubaix.fr/ark:/20179/KH93912
005 20240515054628.0
010    $a 2-930232-38-2
035 00 $a HZ_RBX155837
090    $a 93912
091    $a 2 $b 20240515 $c 0 $s http://www.sudoc.fr/06955112X $m 3
099    $t LI $c 2014-06-30 $d 2024-05-15 $x 1
100    $a 19       2000    k  y0frey5003    ba
101    $a fre
200    $a 50 poèmes $f Edward Estlin Cummings
210    $c Ed. Le Taillis pré $d 2000
339    $a m
676    $a 812
700    $7 ba0yba0y $8 fre    $a Cummings $b Edward Estlin $f 1894-1962 $3 11898287 $9 13382
801  0 $a FR $b 595126101 $c 20050324 $g AFNOR
995    $0 0 $2 0 $4 0 $5 2005-03-24 $9 106127 $P 14.64 $b MED $c MED $e MED3A $f C0002897932 $h ACFLALE $k ANG P $o 0 $p 14.64 $r PRETLIV $s ANG_P $w 11 $y 2021-11-19

