01536cam a22003853  4500
001 94081
003 http://www.mediathequederoubaix.fr/ark:/20179/KH94081
010    $d 22 F
033    $a http://catalogue.bnf.fr/ark:/12148/cb34195809g
035    $a FRBNF341958090000008
039    $o CRI $a HB001803020001P
039    $o OPP $a 31697713 $d 20120717
090    $a 94081
091    $a 2 $b 20240515 $c 1
099    $t LI $c 2014-06-30 $d 2024-05-15 $x 0
100    $a 19970701d1942    m  y0frey50      ba
101 0  $a fre
102    $a FR
105    $a ||||z   00|||
106    $a r
181  0 $6 01 $a i  $b xxxe  
181    $6 02 $c txt $2 rdacontent
182  0 $6 01 $a n
182    $6 02 $c n $2 rdamedia
200 1  $a On s'est battu dans le ciel $b Texte imprimé $f capitaine Accart $g présentation de l'auteur par Roland Dorgelès
210    $a Grenoble $a Paris $c B. Arthaud $d DL 1942
215    $a 1 vol. (152 p.) $c pl., carte h. t. $d In-16
339    $a m
686    $a 900 $2 Cadre de classement de la Bibliographie nationale française
700    $3 11843358 $9 298056 $o ISNI0000000110223695 $a Accart $b Jean-Mary $f 1912-1992 $4 070
702    $3 11900436 $9 30505 $o ISNI0000000120224878 $a Dorgelès $b Roland $f 1885-1973 $4 340
801  0 $a FR $b FR-751131015 $c 19970701 $g AFNOR $h FRBNF341958090000008 $2 intermrc
856 4  $u http://gallica.bnf.fr/ark:/12148/bpt6k377521t
999    $a FRBNF341958090000008
995    $0 0 $2 0 $4 0 $5 2005-03-24 $9 106318 $P 23.78 $b MED $c MED $e MED3E $f C0002888959 $h ACFHSZZ $k Mag. in-8/22 035 $o 0 $p 23.78 $r PRETLIV $s MAG___IN8_22_035000000000000 $w 0 $y 2014-06-30

