01437nam a2200313   4500
001 94181
003 http://www.mediathequederoubaix.fr/ark:/20179/KH94181
005 20220731063630.0
010    $a 2-909026-29-9
035 00 $a HZ_RBX156163
090    $a 94181
091    $a 0
099    $t LI $c 2014-06-30 $d 2022-07-31 $x 0
100    $a 19       2000    k  y0frey5003    ba
101    $a fre
200    $a Légendes et contes $e traditions et folklore $e catalogue de livres à emprunter $f Médiathèque de Roubaix, Service du prêt aux adultes et adolescents
210    $a Roubaix $c Médiathèque de Roubaix $d 2000
215    $a [12] p. $d 30 cm
225 0  $a Les livres invisibles $v 5
225 0  $a Catalogues réalisés par la Bibliothèque municipale de Roubaix
339    $a m
410    $t Les livres invisibles $v 5
410    $t Catalogues réalisés par la Bibliothèque municipale de Roubaix
601    $3 11873703 $7 ba0yba0y $8 fre    $a Médiathèque municipale $c Roubaix, Nord $o ISNI0000000119457770 $9 264587
606 0  $9 248486 $a Contes $x Bibliographie $x Catalogues
710 02 $9 130158 $a Médiathèque municipale $c Roubaix, Nord $c roubaisien $b Service du prêt aux adultes et adolescents
801  0 $a FR $b 595126101 $c 20101117 $g AFNOR
930    $5 595126101:C0002848991 $b 595126101 $a BR 4/2154 $e Fonds patrimonial
995    $0 0 $2 0 $4 0 $5 2005-03-24 $9 106431 $b MED $c MED $e MED3N $f C0002848991 $h PPEFGZZ $k BR 4/2154 $o 2 $r PRETLIV $s BR_42154_000000000000000 $w 0 $y 2014-06-30

