01202cam a22003133n 4500
001 94307
003 http://www.mediathequederoubaix.fr/ark:/20179/KH94307
033    $a http://catalogue.bnf.fr/ark:/12148/cb318746437
035    $a FRBNF318746430000000
039    $o CRI $a SU019306150001P
090    $a 94307
091    $a 2 $b 20240515 $c 1
099    $t LI $c 2014-06-30 $d 2024-05-15 $x 0
100    $a 19970701d1953    m  y0frey50      ba
101 0  $a fre
102    $a FR
105    $a ||||z   00|||
106    $a r
181  0 $6 01 $a i  $b xxxe  
181    $6 02 $c txt $2 rdacontent
182  0 $6 01 $a n
182    $6 02 $c n $2 rdamedia
200 1  $a Les Lunettes vertes $b Texte imprimé $e récit $f Pierre Brisson
210    $a Paris, Gallimard $a (Lagny-sur-Marne, impr. de E. Grevin et fils) $d 1953. In-16, 167 p. 290 fr. [D. L. 1210-54] -XcR-
339    $a m
700    $3 12172358 $9 295587 $o ISNI0000000114625659 $a Brisson $b Pierre $4 070
801  0 $a FR $b FR-751131015 $c 19970701 $g AFNOR $h FRBNF318746430000000 $2 intermrc
999    $a FRBNF318746430000000
995    $0 0 $2 0 $4 0 $5 2005-03-24 $9 106561 $P 23.78 $b MED $c MED $e MED3E $f C0002943107 $h AZZMAZZ $k Mag. in-8/21 908 $o 0 $p 23.78 $r PRETLIV $s MAG___IN821_908_00000000000000 $w 0 $y 2014-06-30

