01221nam a2200289   4500
001 94411
003 http://www.mediathequederoubaix.fr/ark:/20179/KH94411
005 20220907030547.0
033    $a http://catalogue.bnf.fr/ark:/12148/cb335912605
035 00 $a HZ_RBX156415
090    $a 94411
091    $a 0
099    $t LI $c 2014-06-30 $d 2022-09-07 $x 0
100    $a 19       1942    k  y0frey5003    ba
101    $a fre
200    $a Le roman de renart $e version nouvelle de $f Paul Tuffrau $g gravures sur bois de Lucien Boucher
210    $a [Paris] $c L'artisan du livre $d 1942
215    $a VIII-172 p., [4] f. de pl. $c ill. en noir et en coul. $d 26 cm
310    $a Emboîtage cartonné
310    $a Ex. n ̊263/ 500 sur papier pur fil Lafuma
339    $a m
500    $7 ba0yba0y $8 frefre $a Roman de Renart $9 1382
702 0  $9 285786 $a Boucher $b Lucien $f 1889-1971 $4 760
700    $7 ba0yba0y $8 fre    $a Tuffrau $b Paul $f 1887-1973 $9 67250
801  0 $a FR $b 595126101 $c 20050324 $g AFNOR
930    $5 595126101:C0002933796 $b 595126101 $a MAG L/P 4/208 349 $e Fonds patrimonial
995    $0 0 $2 0 $4 0 $5 2005-03-24 $9 106672 $P 38.11 $b MED $c MED $e MED3J $f C0002933796 $h PPEFGZZ $k MAG L/P 4/208 349 $o 2 $p 38.11 $r PRETLIV $s MAG_LP_4208_349000000000000 $w 0 $y 2014-06-30

