01744cam a22004213  4500
001 94648
003 http://www.mediathequederoubaix.fr/ark:/20179/KH94648
010    $d 10 F
033    $a http://catalogue.bnf.fr/ark:/12148/cb329309140
035    $a FRBNF329309140000007
039    $o CRI $a LX000306360203P
039    $o OPP $a 43422260 $d 20170125
090    $a 94648
091    $a 2 $b 20240515 $c 1
099    $t LI $c 2014-06-30 $d 2024-05-15 $x 0
100    $a 19970701d1964    m  y0frey50      ba
101 0  $a fre
102    $a FR
105    $a ||||z   00|||
106    $a r
181  0 $6 01 $a i  $b xxxe  
181    $6 02 $c txt $2 rdacontent
182  0 $6 01 $a n
182    $6 02 $c n $2 rdamedia
200 1  $a Les canons de Valmy $b Texte imprimé $f L. Bourliaguet,... $g illustrations de René Péron
210    $a Paris $c Société nouvelle des Éditions G. P. $d 1964 $e Nantes $g Impr. moderne
215    $a 1 vol. (247 p.) $c ill. en coul., cart. ill. $d 21 cm
225    $a Super 1000 $v 12
339    $a m
410  0 $0 34235076 $t Super 1000 $v 12
608    $a Romans $2 CNLJ $k Avis critique donné par le Centre national de la littérature pour la jeunesse
686    $a 840 $2 Cadre de classement de la Bibliographie nationale française
700    $3 11893489 $9 57635 $o ISNI0000000079783423 $a Bourliaguet $b Léonce $f 1895-1965 $4 070
702    $3 12222859 $9 298082 $o ISNI0000000109172632 $a Péron $b René $f 1904-1972 $4 440
801  0 $a FR $b FR-751131015 $c 19970701 $g AFNOR $h FRBNF329309140000007 $2 intermrc
856 4  $u http://gallica.bnf.fr/ark:/12148/bpt6k3345997c
999    $a FRBNF329309140000007
995    $0 0 $2 0 $4 0 $5 2005-03-24 $9 106916 $P 23.78 $b MED $c MED $e MED3E $f C0002867571 $h AZZMAZZ $k Mag. in-8/21 754 $o 0 $p 23.78 $r PRETLIV $s MAG___IN821_754_00000000000000 $w 0 $y 2014-06-30

