01370nam a22003493n 4500
001 94770
003 http://www.mediathequederoubaix.fr/ark:/20179/KH94770
033    $a http://catalogue.bnf.fr/ark:/12148/cb31828169g
035    $a FRBNF31828169000000X
039    $o CRI $a SU014704830001P  
090    $a 94770
091    $a 2 $b 20240515 $c 1
099    $t LI $c 2014-06-30 $d 2024-05-15 $x 1
100    $a 19970701d1914    m  y0frey50      ba
101 0  $a fre
102    $a FR
105    $a ||||z   00|||
106    $a r
181  0 $6 01 $a i  $b xxxe  
181    $6 02 $c txt $2 rdacontent
182  0 $6 01 $a n
182    $6 02 $c n $2 rdamedia
200 1  $a Léon Bloy. Le Désespéré, roman. Nouvelle édition $b Texte imprimé
210    $a Paris, Mercure de France $d 1914. In-18, 439 p., pl.
339    $a m
500 11 $3 12399090 $9 298095 $a Le désespéré $m français $2 lien automatique
686    $a 800 $2 Cadre de classement de la Bibliographie nationale française
700    $3 11892439 $9 286767 $o ISNI0000000121184433 $a Bloy $b Léon $4 070
801  0 $a FR $b FR-751131015 $c 19970701 $g AFNOR $h FRBNF31828169000000X $2 intermrc
856 4  $u http://gallica.bnf.fr/ark:/12148/bpt6k9618373z
999    $a FRBNF31828169000000X
995    $0 0 $2 0 $4 0 $5 2005-03-24 $9 107045 $P 23.78 $b MED $c MED $e MED3E $f C0002954857 $h AZZMAZZ $k Mag. in-8/21 651 $o 0 $p 23.78 $r PRETLIV $s MAG___IN821_651_00000000000000 $w 8 $y 2021-09-11

