01184nam a2200289   4500
001 94968
003 http://www.mediathequederoubaix.fr/ark:/20179/KH94968
005 20160125024740.0
035 00 $a HZ_RBX157182
090    $a 94968
091    $a 0
099    $t LI $c 2014-06-30 $d 2014-06-30 $x 0
100    $a 19       1864    k  y0frey5003    ba
101    $a eng $a ger
200    $a Travelling-manual in Germany or A practical methodto learn the german language and its pronunciationwithut the help of a teacher $f by Dr Gustavus Schneider,...
210    $a Frankfort $c W. Rommel $d 1864
215    $a XLVIII-95 p. $d 17 cm
300    $a Inventaire ENSAIT n ̊8128
300    $a Ex libris ms Pierre Destombes
310    $a Cartonnage d'éditeur
339    $a m
606 0  $9 248539 $a Allemand (langue) $x Langage parlé
700 0  $9 183570 $a Schneider $b Gustavus
702    $9 166363 $4 320 $a Destombes $b Pierre $c roubaisien $f 1846-1915
801  0 $a FR $b 595126101 $c 20121109 $g AFNOR
930    $5 595126101:C0002931980 $b 595126101 $a LD/249 $e Fonds patrimonial; legs Destombes
995    $0 0 $2 0 $4 0 $5 2005-03-24 $9 107250 $b MED $c MED $e MED3T $f C0002931980 $h PPELGZZ $k LD/249 $o 2 $r PRETLIV $s LD_249_000000000000000 $w 0 $y 2014-06-30

