00817nj  a2200217   4500
001 95080
003 http://www.mediathequederoubaix.fr/ark:/20179/KH95080
005 20240515060046.0
035 00 $a HZ_RBX157338
071 0  $b Pathé $a 8605
090    $a 95080
091    $a 1 $b 20240515 $c 0
099    $t DG $c 2014-06-30 $d 2024-05-15 $x 0
100    $a 19               k  y0frey5003    ba
101    $a fre
200    $a Mon grand $b Enr. sonore
339    $a m
700    $7 ba0yba0y $8 fre    $a Deprince $b Adolphe $f 1901-1995 $3 13967803 $c roubaisien $9 9660
801  0 $a FR $b 595126101 $c 20110928 $g AFNOR
930    $5 595126101:C0002922240 $b 595126101 $a FLRSON 78T/155 $e Fonds local et régional sonore
995    $0 0 $2 0 $4 0 $5 2005-03-24 $9 107366 $P 15.24 $b MED $c MED $e MED3C $f C0002922240 $h PENRSZZ $k FLRSON 78T/155 $o 2 $p 15.24 $r PRETSON $s FLRSON_78T155 $w 0 $y 2014-06-30

