01437cam a22003853  4500
001 95211
003 http://www.mediathequederoubaix.fr/ark:/20179/KH95211
010    $b Br. $d 7 fr. 50
033    $a http://catalogue.bnf.fr/ark:/12148/cb318038522
035    $a FRBNF318038520000000
039    $o CRI $a SU012207810001P
090    $a 95211
091    $a 2 $b 20240515 $c 1
099    $t LI $c 2014-06-30 $d 2024-05-15 $x 0
100    $a 19930512d1937    m  y0frey50      ba
101 0  $a fre
102    $a FR
105    $a ||||z   00|a|
106    $a r
181  0 $6 01 $a i  $b xxxe  
181    $6 02 $c txt $2 rdacontent
182  0 $6 01 $a n
182    $6 02 $c n $2 rdamedia
200 1  $a Le Cap des tourmentes $b Texte imprimé $f André Bernis
210    $a Paris $c Les Éditions de France $d 1937 $e Corbeil $g impr. Crété
214  0 $a Paris $c Les Éditions de France $d 1937
214  3 $a Corbeil $c Impr. Crété
215    $a 1 vol. (III-243 p.) $c couv. ill. en coul. $d 19 cm
225    $a Le livre d'aujourd'hui $v n° 232
339    $a m
410  0 $0 34282742 $t Le Livre d'aujourd'hui $v 232
700    $3 12167498 $9 328415 $o ISNI0000000079746665 $a Bernis $b André $f 1898-1959 $4 070
801  0 $a FR $b FR-751131015 $c 19930512 $g AFNOR $h FRBNF318038520000000 $2 intermrc
999    $a FRBNF318038520000000
995    $0 0 $2 0 $4 0 $5 2005-03-24 $9 107502 $P 23.78 $b MED $c MED $e MED3E $f C0002957627 $h ALTROZZ $k Mag. in-8/21 525 $o 0 $p 23.78 $r PRETLIV $s MAG___IN8_21_525000000000000 $w 0 $y 2014-06-30

