01241nam a2200289   4500
001 95392
003 http://www.mediathequederoubaix.fr/ark:/20179/KH95392
005 20180720094535.0
010    $a 2-7013-0070-3
033    $a http://catalogue.bnf.fr/ark:/12148/cb34705560k
035 00 $a HZ_RBX157715
090    $a 95392
091    $a 0
099    $t LI $c 2014-06-30 $d 2014-06-30 $x 0
100    $a 19       1975    k  y0frey5003    ba
101    $a fre
200    $a Grand armorial de France $e catalogue général des armoiries des familles nobles de France comprenant les blasons des familles $h Tome V $i MAR-RIC $f Henri Jougla de Morenas $g introd. de Raoul de Warren,...
205    $a Nouv. éd.
210    $a Paris $a Nancy $c Berger-Levrault $d 1975
215    $a 473 p. $c ill. $d 32 cm
339    $a m
606 0  $a Noblesse $y France $x Armoiries $2 rameau
700 0  $9 284407 $a Jougla de Morenas $b Henri
702  1 $9 52116 $7 ba0yba0y $8 fre    $a Warren $b Raoul de $f 1905-1992 $4 080
801  0 $a FR $b 595126101 $c 20070830 $g AFNOR
930    $5 595126101:C0002935358 $b 595126101 $a MAGL/P Fol/300 950 $e Fonds patrimonial
995    $0 0 $2 0 $4 0 $5 2005-03-24 $9 107684 $b MED $c MED $e MED3K $f C0002935358 $h PPEFGZZ $k MAGL/P Fol/300 950 $o 2 $r PRETLIV $s MAGLP_FOL300_950_0000000000000 $w 0 $y 2014-06-30

