00994na  a2200229   4500
001 95521
003 http://www.mediathequederoubaix.fr/ark:/20179/KH95521
005 20240515060710.0
035 00 $a HZ_RBX157853
090    $a 95521
091    $a 2 $b 20240515 $c 0
099    $t LI $c 2014-06-30 $d 2024-05-15 $x 0
100    $a 19940113d1955    u  u0frey5003    ba
101    $a fre
102    $a FR
200    $a Cléo de Mérode. Le Ballet de ma vie $e [Préface par André de Fouquières.]
210    $a Paris, P. Horay $a (Condé-sur-Escaut, impr. de C. Descamps) $d 1955. In-16, 279 p., pl., portr., fac-similé, couv. ill. 780 fr. [D. L. 9661-55] -VIIIe-IXe-
339    $a m
700    $a Mérode $b Cléopâtre-Diane
702    $7 ba0yba0y $8 fre    $a Fouquières $b André de $f 1875-1959 $3 12172359 $9 57834 $4 080
801  0 $a FR $b 595126101 $c 20050324 $g AFNOR
995    $0 0 $2 0 $4 0 $5 2005-03-24 $9 107818 $P 23.78 $b MED $c MED $e MED3E $f C0002893823 $h AZZMAZZ $k Mag. in-8/21 354 $o 0 $p 23.78 $r PRETLIV $s MAG___IN821_354_00000000000000 $w 0 $y 2014-06-30

