01313nam a2200361   4500
001 95659
003 http://www.mediathequederoubaix.fr/ark:/20179/KH95659
010    $d 29 F
020    $a FR $b 07022796
033    $a http://catalogue.bnf.fr/ark:/12148/cb35362322f
035    $a FRBNF353623220000005
039    $o OPL $a 01192969X
090    $a 95659
091    $b 20240515 $c 1 $a 2
099    $t LI $c 2014-06-30 $d 2024-05-15 $x 0
100    $a 19710101d1970    m  y0frey50      ba
101 0  $a fre
102    $a FR
105    $a ||||z   00|||
106    $a r
181  0 $6 01 $a i  $b xxxe  
181    $6 02 $c txt $2 rdacontent
182  0 $6 01 $a n
182    $6 02 $c n $2 rdamedia
200 1  $a Henry Miller [Henry Miller in Selbstzeugnissen und Bilddokumenten] $b Texte imprimé
210    $a Paris $c Buchet-Chastel $d 1970
215    $a 1 vol. (189 p.) $c pl., couv. ill.
339    $a m
686    $a 92  $2 Cadre de classement de la Bibliographie nationale française
700    $3 12172053 $9 57866 $o ISNI0000000108986407 $a Schmiele $b Walter $4 070
801  0 $a FR $b FR-751131015 $c 19710101 $g AFNOR $h FRBNF353623220000005 $2 intermrc
999    $a FRBNF353623220000005
995    $0 0 $2 0 $4 0 $5 2005-03-24 $9 107962 $P 24.00 $b MED $c MED $e MED3E $f C0002959386 $h AZZMAZZ $k Mag. in-8/21 356 $o 0 $p 24.00 $r PRETLIV $s MAG___IN821_356_00000000000000 $w 0 $y 2014-06-30

