00895na  a2200253   4500
001 95859
003 http://www.mediathequederoubaix.fr/ark:/20179/KH95859
005 20240515060756.0
035 00 $a HZ_RBX158266
090    $a 95859
091    $a 2 $b 20240515 $c 0
099    $t LI $c 2014-06-30 $d 2024-05-15 $x 0
100    $a 19850101d1970    u  y0frey5003    ba
101    $a und
102    $a XX
105    $a y   zz  00|z|
106    $a r
200    $a Le Dépeupleur $e Samuel Beckett.
210    $a Paris $c Éditions de Minuit $d 1970 $e 61-Alençon $g impr. Corbière et Jugain
215    $a 55 p. ; 18,6 cm.
339    $a m
700    $7 ba0yba0y $8 fre    $a Beckett $b Samuel $f 1906-1989 $3 11890895 $9 308483
801  0 $a FR $b 595126101 $c 20050324 $g AFNOR
995    $0 0 $2 0 $4 0 $5 2005-03-24 $9 108172 $P 23.78 $b MED $c MED $e MED3E $f C0002966650 $h AZZMAZZ $k Mag. in-8/21 242 $o 0 $p 23.78 $r PRETLIV $s MAG___IN821_242_00000000000000 $w 3 $y 2014-06-30

