01101nam a2200289   4500
001 95974
003 http://www.mediathequederoubaix.fr/ark:/20179/KH95974
005 20190326023543.0
035 00 $a HZ_RBX158389
090    $a 95974
091    $a 0
099    $t LI $c 2014-06-30 $d 2014-06-30 $x 0
100    $a 19       1872    k  y0frey5003    ba
101    $a fre
200    $a Le Comte kostia $f par Victor Cherbuliez
205    $a Quatrième éd.
210    $a Paris $c Librairie Hachette $d 1872
215    $a 376 p. $d 19 cm
300    $a Inventaire ENSAIT n ̊8053
300    $a Ex libris impr. Pierre Destombes
310    $a Demi-rel. chagrin marron, dos à cinq nerfs orné defleurons
339    $a m
702    $9 166363 $4 320 $a Destombes $b Pierre $c roubaisien $f 1846-1915
700 0  $7 ba0yba0y $8 fre    $a Cherbuliez $b Victor $f 1829-1899 $9 53536
801  0 $a FR $b 595126101 $c 20121109 $g AFNOR
930    $5 595126101:C0002938796 $b 595126101 $a LD/362 $e Fonds patrimonial; legs Destombes
995    $0 0 $2 0 $4 0 $5 2005-03-24 $9 108295 $b MED $c MED $e MED3T $f C0002938796 $h PPELGZZ $k LD/362 $o 2 $r PRETLIV $s LD_362_000000000000000 $w 0 $y 2014-06-30

