01037nam a2200277   4500
001 96116
003 http://www.mediathequederoubaix.fr/ark:/20179/KH96116
005 20220908045402.0
010    $a 2-205-03297-6
011    $a 0758-4717
033    $a http://catalogue.bnf.fr/ark:/12148/cb348696518
035 00 $a HZ_RBX158593
090    $a 96116
091    $a 0
099    $t LI $c 2014-06-30 $d 2022-09-08 $x 0
100    $a 19       1986    k  y0frey5003    ba
101    $a fre
200    $a La vie, la mort et tout le bazar $f Delan, Boucq
210    $a Paris $c Dargaud $d 1986
215    $a 47 p. $c ill. en coul., couv. ill. en coul. $d 30 cm
339    $a m
700 0  $9 283808 $a Delan $f 1956-....
701    $7 ba0yba0y $8 fre    $a Boucq $b François $f 1955-.... $4 440 $9 280474
801  0 $a FR $b 595126101 $c 20070703 $g AFNOR
930    $5 595126101:C0002937431 $b 595126101 $a MAG L/P 4/208 445 $e Fonds patrimonial
995    $0 0 $2 0 $4 0 $5 2005-03-24 $9 108448 $b MED $c MED $e MED3J $f C0002937431 $h PPEFGZZ $k MAG L/P 4/208 445 $o 2 $r PRETLIV $s MAG_LP_4208_445000000000000 $w 0 $y 2014-06-30

