02330cam a2200457   4500
001 96265
003 http://www.mediathequederoubaix.fr/ark:/20179/KH96265
010    $a 2-07-074458-2 $b br. $d Prix : 85 F : 12,96 EUR
020    $a FR $b 00144710
033    $a http://catalogue.bnf.fr/ark:/12148/cb376868251
035    $a FRBNF376868250000001
039    $o OPL $a 026684769
090    $a 96265
091    $b 20240515 $c 1 $a 2
099    $t LI $c 2014-06-30 $d 2024-05-15 $x 1
100    $a 20010904d2001    m  y0frey50      ba
101 1  $a fre $c jpn
102    $a FR
105    $a ||||z   00|y|
106    $a r
181  0 $6 01 $a i  $b xxxe  
181    $6 02 $c txt $2 rdacontent
182  0 $6 01 $a n
182    $6 02 $c n $2 rdamedia
200 1  $a Moi, d'un Japon ambigu $b Texte imprimé $f Kenzaburô Ôé $g trad. du japonais par René de Ceccatty et Ryôji Nakamura
210    $a [Paris] $c Gallimard $d 2001 $e 53-Mayenne $g Impr. Floch
215    $a 96 p. $c couv. ill. en coul. $d 19 cm
330    $a Rassemble quatre textes du grand romancier japonais, lauréat du Prix Nobel en 1994 : outre le discours prononcé à l'occasion de la remise du Prix Nobel, il s'agit de trois conférences sur la culture japonaise, la littérature contemporaine et le problème politique de la prise de position des écrivains japonais depuis la Seconde Guerre mondiale. Pour mieux appréhender l'œuvre et le style de K. Ôé.
339    $a m
454  1 $t Aimaina nihon no watashi
606    $3 11932275 $9 12599 $a Littérature et société $3 11934253 $9 11687 $y Japon $3 12433520 $9 3628 $z 1945-.... $2 rameau
606    $3 12009644 $9 38093 $a Écrivains japonais $3 12433520 $9 3628 $z 1945-.... $2 rameau
606    $3 12127651 $9 38092 $a Littérature japonaise $z 1945-1989 $2 rameau
676    $a 895.609 005 $v 23
686    $a 820 $2 Cadre de classement de la Bibliographie nationale française
700    $3 11918035 $9 465 $o ISNI000000012031278X $a Ōe $b Kenzaburō $f 1935-2023 $4 070
702    $3 11895705 $9 466 $o ISNI0000000121476903 $a Ceccatty $b René de $f 1952-.... $4 730
702    $3 11917377 $9 467 $o ISNI0000000115834444 $a Nakamura $b Ryōji $4 730
801  0 $a FR $b FR-751131015 $c 20010904 $g AFNOR $h FRBNF376868250000001 $2 intermrc
999    $a FRBNF376868250000001
995    $0 0 $2 0 $4 0 $5 2005-03-24 $9 108601 $P 10.37 $b MED $c MED $e MED1A $f C0002922193 $h ALTTLZZ $k LIT/OE $o 0 $p 10.37 $r PRETLIV $s LITOE $w 10 $y 2015-04-01

