01395nam a2200325   4500
001 96491
003 http://www.mediathequederoubaix.fr/ark:/20179/KH96491
005 20220608042225.0
035 00 $a HZ_RBX159051
090    $a 96491
091    $a 0
099    $t LI $c 2014-06-30 $d 2022-06-08 $x 0
100    $a 19       1868    k  y0frey5003    ba
101    $a fre
200    $a La dame aux camélias $a Diane de Lys $a Le bijou de la reine $f de Al. Dumas fils,...
210    $a Paris $c M. Lévy frères $d 1868
215    $a 423 p. $d 18 cm
225 0  $a Théâtre complet de Al. Dumas fils $v 1
300    $a Inventaire ENSAIT n ̊7880/1
300    $a Ex libris impr. Pierre Destombes
310    $a Demi-rel. chagrin rouge, dos à cinq nerfs
339    $a m
410    $t Théatre complet de Al. Dumas fils $v 1
488    $1 Le demi-monde  ; La question d'argent / de Al. Dumas fils,... . $1 M. Lévy frères , 1868 .
494    $1 Théâtre complet / de Al. Dumas fils,... $1 M. Lévy frères , 1868-1880
700    $7 ba0yba0y $8 fre    $a Dumas $b Alexandre $f 1824-1895 $9 47929
702    $9 166363 $4 320 $a Destombes $b Pierre $c roubaisien $f 1846-1915
801  0 $a FR $b 595126101 $c 20121109 $g AFNOR
930    $5 595126101:C0002938322 $b 595126101 $a LD/429 $e Fonds patrimonial; legs Destombes
995    $0 0 $2 0 $4 0 $5 2005-03-24 $9 108836 $b MED $c MED $e MED3T $f C0002938322 $h PPELGZZ $k LD/429 $o 2 $r PRETLIV $s LD_429_000000000000000 $w 0 $y 2014-06-30

