00886nam a2200241   4500
001 96634
003 http://www.mediathequederoubaix.fr/ark:/20179/KH96634
005 20160125024803.0
035 00 $a HZ_RBX159239
090    $a 96634
091    $a 0
099    $t LI $c 2014-06-30 $d 2014-06-30 $x 0
100    $a 19       1988    k  y0frey5003    ba
101    $a frd
200    $a Expressions, locutions, dictons et proverbes picards $f Maurice Tonneau
210    $a [S.l.] $c l'auteur $d 1988
215    $a 260 p. $d 30 cm
339    $a m
606 0  $9 241316 $a Poésie picarde $y France
700 0  $9 160192 $4 650 $a Tonneau $b Maurice
801  0 $a FR $b 595126101 $c 20070830 $g AFNOR
930    $5 595126101:C0002938974 $b 595126101 $a MAG L/P 4/208 517 $e Fonds patrimonial
995    $0 0 $2 0 $4 0 $5 2005-03-24 $9 109007 $b MED $c MED $e MED3J $f C0002938974 $h PPEFGZZ $k MAG L/P 4/208 517 $o 2 $r PRETLIV $s MAG_LP_4208_517000000000000 $w 0 $y 2014-06-30

