01202nam a22003253n 4500
001 96759
003 http://www.mediathequederoubaix.fr/ark:/20179/KH96759
033    $a http://catalogue.bnf.fr/ark:/12148/cb33075099b
035    $a FRBNF33075099000000X
039    $o CRI $a LX001303801101P 
090    $a 96759
091    $a 2 $b 20240515 $c 1
099    $t LI $c 2014-06-30 $d 2024-05-15 $x 0
100    $a 19970701d1968    m  y0frey50      ba
101 0  $a fre
102    $a FR
105    $a ||||z   00|||
106    $a r
181  0 $6 01 $a i  $b xxxe  
181    $6 02 $c txt $2 rdacontent
182  0 $6 01 $a n
182    $6 02 $c n $2 rdamedia
200 1  $a Tchicaya u Tam'si. Légendes africaines  [anthologie]... $b Texte imprimé
210    $a [Paris,] $c P. Seghers $d 1968
215    $a In-16 (20 cm), 264 p., couv. ill. 12 F. [D. L. 19059-68]
339    $a m
702    $3 11887681 $9 12256 $o ISNI0000000121481550 $a Tchicaya U Tam'si $4 340
801  0 $a FR $b FR-751131015 $c 19970701 $g AFNOR $h FRBNF33075099000000X $2 intermrc
999    $a FRBNF33075099000000X
995    $0 0 $2 0 $4 0 $5 2005-03-24 $9 109136 $P 23.78 $b MED $c MED $e MED3E $f C0002969454 $h AZZMAZZ $k Mag. in-8/20 928 $o 0 $p 23.78 $r PRETLIV $s MAG___IN820_928_00000000000000 $w 0 $y 2014-06-30

