01333nam a22003493n 4500
001 96889
003 http://www.mediathequederoubaix.fr/ark:/20179/KH96889
033    $a http://catalogue.bnf.fr/ark:/12148/cb41620880r
035    $a FRBNF416208800000004
039    $o ARS $a FU027002460001P  
090    $a 96889
091    $a 2 $b 20240515 $c 1
099    $t LI $c 2014-06-30 $d 2024-05-15 $x 0
100    $a 20060101d1950    m  y0frey50      ba
101 0  $a fre
102    $a FR
105    $a ||||z   00|||
106    $a r
181  0 $6 01 $a i  $b xxxe  
181    $6 02 $c txt $2 rdacontent
182  0 $6 01 $a n
182    $6 02 $c n $2 rdamedia
200 1  $a Le Maître de Milan, roman $b Texte imprimé $f Audiberti
205    $a 9e édition
210    $a Paris $c Gallimard $d 1950
215    $a 264 p. $d in-16
339    $a m
700    $3 11889471 $9 5507 $o ISNI0000000121020906 $a Audiberti $b Jacques $4 070
801  0 $a FR $b FR-751131015 $c 20060101 $g AFNOR $h FRBNF416208800000004 $2 intermrc
999    $a FRBNF416208800000004
995    $0 0 $2 0 $4 0 $5 2005-03-24 $9 109293 $P 23.78 $b MED $c MED $e MED3E $f C0002969030 $h ALTROZZ $k Mag. in-8/20 832 $o 0 $p 23.78 $r PRETLIV $s MAG___IN8_20_832000000000000 $w 0 $y 2014-06-30
995    $0 0 $2 0 $4 0 $5 2005-03-24 $9 109294 $P 23.78 $b MED $c MED $e MED3E $f C0003304576 $h ALTROZZ $k Mag. in-8/5 436 $o 0 $p 23.78 $r PRETLIV $s MAG___IN8_5_436000000000000 $w 0 $y 2014-06-30

