01130nam a2200301   4500
001 97009
003 http://www.mediathequederoubaix.fr/ark:/20179/KH97009
005 20220925071706.0
035 00 $a HZ_RBX159669
090    $a 97009
091    $a 0
099    $t LI $c 2014-06-30 $d 2022-09-25 $x 0
100    $a 19       1890    k  y0frey5003    ba
101    $a fre
200    $a L'art d'écrire enseigné par les grands maîtres $f par Charles Gidel,...
205    $a Quatrième éd.
210    $a Paris $c P. Ollendorff $d 1890
215    $a VII-414 p. $d 19 cm
300    $a Inventaire ENSAIT n ̊7601
300    $a Ex libris impr. Pierre Destombes
310    $a Demi-rel. toile citron, pièce de dos
339    $a m
606    $7 ba0yba0y $8 fre    $a Écriture $9 18598
700 0  $9 184261 $a Gidel $b Charles
702    $9 166363 $4 320 $a Destombes $b Pierre $c roubaisien $f 1846-1915
801  0 $a FR $b 595126101 $c 20121109 $g AFNOR
930    $5 595126101:C0002926731 $b 595126101 $a LD/533 $e Fonds patrimonial; legs Destombes
995    $0 0 $2 0 $4 0 $5 2005-03-24 $9 109429 $b MED $c MED $e MED3T $f C0002926731 $h PPELGZZ $k LD/533 $o 2 $r PRETLIV $s LD_533_000000000000000 $w 0 $y 2014-06-30

