01521cam a22003973  4500
001 97168
003 http://www.mediathequederoubaix.fr/ark:/20179/KH97168
010    $d 200 fr.
033    $a http://catalogue.bnf.fr/ark:/12148/cb31891606q
035    $a FRBNF318916060000000
039    $o CRI $a SU020912360001P
039    $o OPP $a 33465690 $d 20150527
090    $a 97168
091    $a 2 $b 20240515 $c 1
099    $t LI $c 2014-06-30 $d 2024-05-15 $x 0
100    $a 19970701d1953    m  y0frey50      ba
101 0  $a fre
102    $a FR
105    $a a   z   00|y|
106    $a r
181  0 $6 01 $a i  $b xxxe   $a b  $b xb2e  
181    $6 02 $c txt $c sti $2 rdacontent
182  0 $6 01 $a n
182    $6 02 $c n $2 rdamedia
200 1  $a Lyautey (1854-1934) $b Texte imprimé $f [signé : Robert Burnand]
210    $a Paris $c Librairie Hachette $d DL 1953 $e Corbeil $g Impr. Crété
215    $a 1 vol. (64 p.) $c ill. en n. et bl., couv. ill. en coul. $d 24 cm
225    $a Encyclopédie par l'image $e histoire
300    $a Cop. 1953
339    $a m
410  0 $0 34283973 $t Encyclopédie par l'image $d 1953
600    $3 11913686 $9 41849 $a Lyautey $b Hubert $f 1854-1934 $2 rameau
700    $3 12937484 $9 284652 $o ISNI0000000121269998 $a Burnand $b Robert $f 1882-1953 $4 070
801  0 $a FR $b FR-751131015 $c 19970701 $g AFNOR $h FRBNF318916060000000 $2 intermrc
999    $a FRBNF318916060000000
995    $0 0 $2 0 $4 0 $5 2005-03-24 $9 109600 $P 23.78 $b MED $c MED $e MED3E $f C0002974695 $h ACFHSZZ $k Mag. in-8/20 670 $o 0 $p 23.78 $r PRETLIV $s MAG___IN8_20_670000000000000 $w 0 $y 2014-06-30

