01345nam a2200325   4500
001 97313
003 http://www.mediathequederoubaix.fr/ark:/20179/KH97313
005 20160125024812.0
035 00 $a HZ_RBX160120
090    $a 97313
091    $a 0
099    $t LI $c 2014-06-30 $d 2014-06-30 $x 0
100    $a 19       1873    k  y0frey5003    ba
101    $a fre
200    $a Contes d' Hamilton $a Le bélier $f Hamilton $g publ. avec une notice de M. de Lescure
210    $a Paris $c Librairie des Bibliophiles $d 1873
215    $a 192 p. $d 18 cm
225 0  $a Collection des petits chefs-d'œuvre
300 0  $a Ex. n ̊35/50 sur papier whatman
300    $a Inventaire ENSAIT n ̊9233
300    $a Ex libris impr. Pierre Destombes
310    $a Demi-rel. chagrin marron à coins, dos à cinq nerfsorné de fleurons, tranche sup. dorée
339    $a m
410    $t Collection des petits chefs-d'œuvre
700 0  $9 165512 $a Hamilton $b Anthoine $c comte
702 0  $9 183658 $4 080 $a Lescure $b Louis-Marie $c Marquis de
702    $9 166363 $4 320 $a Destombes $b Pierre $c roubaisien $f 1846-1915
801  0 $a FR $b 595126101 $c 20121109 $g AFNOR
930    $5 595126101:C0002928555 $b 595126101 $a LD/557 $e Fonds patrimonial; legs Destombes
995    $0 0 $2 0 $4 0 $5 2005-03-24 $9 109754 $b MED $c MED $e MED3T $f C0002928555 $h PPELGZZ $k LD/557 $o 2 $r PRETLIV $s LD_557_000000000000000 $w 0 $y 2014-06-30

