01332nam a2200325   4500
001 97426
003 http://www.mediathequederoubaix.fr/ark:/20179/KH97426
005 20220927040625.0
035 00 $a HZ_RBX160238
090    $a 97426
091    $a 0
099    $t LI $c 2014-06-30 $d 2022-09-27 $x 0
100    $a 19       1877    k  y0frey5003    ba
101    $a fre
200    $a Correspondance inédite $h Troisième série $f de Henri Heine $g avec une préf. et des notes explicatives
210    $a Paris $c M. Lévy frères $d 1877
215    $a 333 p. $d 19 cm
225 0  $a Oeuvres complètes de Henri Heine
300    $a Inventaire ENSAIT n ̊7591/3
300    $a Ex libris impr. Pierre Destombes
310    $a Demi-rel. chagrin marron, dos à cinq nerfs avec pièces de dos
320    $a Notes bibliogr.
339    $a m
410    $t Oeuvres complètes de Henri Heine
600    $9 184400 $a Heine $b Heinrich $f 1797-1856 $x Correspondance
700    $7 ba0yba0y $8 fre    $a Heine $b Heinrich $f 1797-1856 $9 284677
702    $9 166363 $4 320 $a Destombes $b Pierre $c roubaisien $f 1846-1915
801  0 $a FR $b 595126101 $c 20131029 $g AFNOR
930    $5 595126101:C0002928440 $b 595126101 $a LD/567 $e Fonds patrimonial; legs Destombes
995    $0 0 $2 0 $4 0 $5 2005-03-24 $9 109876 $b MED $c MED $e MED3T $f C0002928440 $h PPELGZZ $k LD/567 $o 2 $r PRETLIV $s LD_567_000000000000000 $w 0 $y 2014-06-30

