01200nam a22003373n 4500
001 97613
003 http://www.mediathequederoubaix.fr/ark:/20179/KH97613
033    $a http://catalogue.bnf.fr/ark:/12148/cb33103300h
035    $a FRBNF331033000000001
039    $o CRI $a LX001502160601PV
090    $a 97613
091    $a 2 $b 20240515 $c 1
099    $t LI $c 2014-06-30 $d 2024-05-15 $x 0
100    $a 19970701d1968????m  y0frey50      ba
101 0  $a fre
102    $a FR
105    $a ||||z   00|||
106    $a r
181  0 $6 01 $a i  $b xxxe  
181    $6 02 $c txt $2 rdacontent
182  0 $6 01 $a n
182    $6 02 $c n $2 rdamedia
200 1  $a Un Pont sur le Rhin vers l'Europe unie... $b Texte imprimé $f Rayhen et Rayhenne Mondry
210    $a Paris $c Debresse $d 1968-
215    $a In-8° (22 cm)
339    $a m
700    $3 11505549 $9 317642 $a Mondry $b Rayhenne $4 070
701    $3 11475700 $9 317643 $a Mondry $b Rayhen $4 070
801  0 $a FR $b FR-751131015 $c 19970701 $g AFNOR $h FRBNF331033000000001 $2 intermrc
999    $a FRBNF331033000000001
995    $0 0 $2 0 $4 0 $5 2005-03-24 $9 110088 $P 23.78 $b MED $c MED $e MED3E $f C0002979417 $h AZZMAZZ $k Mag. in-8/20 458 $o 0 $p 23.78 $r PRETLIV $s MAG___IN820_458_00000000000000 $w 0 $y 2014-06-30

