02101nj  a2200325   4500
001 97744
003 http://www.mediathequederoubaix.fr/ark:/20179/KH97744
005 20240515063007.0
035 00 $a HZ_RBX160650
071 0  $a ARN 68389 $b Arion
090    $a 97744
091    $a 1 $b 20240515 $c 0
099    $t DC $c 2014-06-30 $d 2024-05-15 $x 0
100    $a 19               k  y0frey5003    ba
101    $a fre
200    $a Madrigaux $b Enr. sonore $e livre VI $f Carlo Gesualdo, comp. $g Métamorphoses, ens. voc. $g Maurice Bourbon, BAR, dir.
323    $a Métamorphoses se compose de : Daphné Kupferstein, Claire Gouton, S ; Pascale Costantini, MS ; James Maes, Frédéric Loquet, CT ; Eric Trémolières, Eric Raffard, T ; Philippe Roche, B
327    $a Se la mia morte brami $a Beltà, poi che t'assenti $a Tu piangi, o Filli mia $a Resta di darmi noia $a Chiaro risplender suole $a "Io parto" e non più dissi $a Mille volte il di moro $a O dolce mio tesoro $a Deh, come invan sospiro $a Io pur respiro in cosi gran dolore $a Alme d'amor ribelle $a Candido e verde fiore $a Ardita zanzaretta $a Ardo per te, mio bene $a Ancide sol la morte $a Que "no" crudel $a Moro, lasso, al mio duolo $a Volan quasi farfalle $a Al mio gioir il ciel si fa sereno $a Tu segui, o bella Clori $a Ancor che per amarti io mi consumi $a Già piansi nel dolore $a Quando ridente e bella
339    $a m
606    $a Musique vocale $y Italie $z 16e siècle $x Disques $2 rameau
606    $7 ba0yba0y $8 fre    $3 12289887 $9 266367 $a Madrigaux (musique) italiens $x Disques $2 rameau
679    $a 3 $c 32
700    $7 ba0yba0y $8 fre    $a Gesualdo $b Carlo $f 1560?-1613 $3 13894418 $9 7882
702 0  $a Kupferstein $b Daphné
702 0  $7 ba0yba0y $8 fre    $3 16138924 $9 308679 $a Gouton $b Claire
702    $7 ba0yba0y $8 fre    $a Bourbon $b Maurice $f 1944-.... $3 13922556 $9 33409
712 0  $a Métamorphoses $c roubaisien
801  0 $a FR $b 595126101 $c 20080131 $g AFNOR
930    $5 595126101:C0002922397 $b 595126101 $a FLRSON DC/1204 $e Fonds local et régional sonore
995    $0 0 $2 0 $4 0 $5 2005-03-24 $9 110225 $P 19.82 $b MED $c MED $e MED3C $f C0002922397 $h PENRSZZ $k FLRSON DC/1204 $o 2 $p 19.82 $r PRETSON $s FLRSON_DC1204 $w 0 $y 2014-06-30

