02076cam a2200481   4500
001 97903
003 http://www.mediathequederoubaix.fr/ark:/20179/KH97903
010    $a 2-07-041153-2 $b br. $d 60 F
020    $a FR $b 00058253
033    $a http://catalogue.bnf.fr/ark:/12148/cb37107815f
035    $a FRBNF371078150000007
039    $o OPL $a 025454509
090    $a 97903
091    $b 20240515 $c 1 $a 2
099    $t LI $c 2014-06-30 $d 2024-05-15 $x 3
100    $a 20000616d2000    m  y0frey50      ba
101 1  $a fre $a rus $c rus $g fre
102    $a FR
105    $a ||||z   00|a|
106    $a r
181  0 $6 01 $a i  $b xxxe  
181    $6 02 $c txt $2 rdacontent
182  0 $6 01 $a n
182    $6 02 $c n $2 rdamedia
200 1  $a La mort d'Ivan Ilitch $b Texte imprimé $f Léon Tolstoï $g trad. du russe, préfacé et annoté par Françoise Flamant
205    $a Trad. révisée
210    $a [Paris] $c Gallimard $d 2000 $e 18-Saint-Amand $g Bussière Camedan impr.
215    $a 1 vol. (243 p.-[16] p. de pl. en noir et en coul.) $d 18 cm
225    $a Collection Folio bilingue $v 89
300    $a Texte russe et trad. française en regard
304    $a Mention parallèle de titre ou de responsabilité : Smertʹ Ivana Ilʹuča
308    $a Folio
339    $a m
410  0 $0 34267745 $t Collection Folio bilingue (Paris) $x 1151-9495 $v 89
410  0 $0 34234540 $t Collection Folio $x 0768-0732 $d 2000
500 11 $3 13511985 $9 321702 $a Smertʹ Ivana Ilʹiča $m français-russe $2 lien automatique
510 1  $z rus $a Smertʹ Ivana Ilʹuča
686    $a 823 $2 Cadre de classement de la Bibliographie nationale française
700    $3 11926775 $9 7512 $o ISNI0000000122424494 $a Tolstoï $b Léon $f 1828-1910 $4 070
702    $3 11902870 $9 48374 $o ISNI0000000079797710 $a Marrou-Flamant $b Françoise $f 1931-2015 $4 730
801  0 $a FR $b FR-751131015 $c 20000616 $g AFNOR $h FRBNF371078150000007 $2 intermrc
999    $a FRBNF371078150000007
995    $0 0 $2 0 $4 0 $5 2005-03-24 $9 110399 $P 6.86 $b MED $c MED $e MED3A $f C0002974873 $h ACFLALE $k Lang. etr./RUSSE/R TOL $o 0 $p 6.86 $r PRETLIV $s LANG___ETR_RUSSER_TOL $w 10 $y 2024-04-25 $7  $8  $A  $m  $z 

