01000na  a2200253   4500
001 98023
003 http://www.mediathequederoubaix.fr/ark:/20179/KH98023
005 20240507075854.0
035 00 $a HZ_RBX160971
090    $a 98023
091    $a 2 $b 20240507 $c 0
099    $t LI $c 2014-06-30 $d 2024-05-07 $x 0
100    $a 19930719d1968    u  u0frey5003    ba
101    $a fre
102    $a FR
200    $a John Osborne. Témoignage irrecevable $g Traduit de l'anglais par Jean-Louis Curtis
210    $c Gallimard $d 1968
215    $a In-16 (16 cm), 109 p. 5 F. [D. L. 1177-69]
300    $a Théâtre du monde entier
339    $a m
700    $7 ba0yba0y $8 fre    $a Osborne $b John $f 1929-1994 $3 12093206 $9 281156
702    $7 ba0yba0y $8 fre    $a Curtis $b Jean-Louis $f 1917-1995 $3 11898324 $4 730 $c pseud. $9 29991
801  0 $a FR $b 595126101 $c 20050324 $g AFNOR
995    $0 0 $2 0 $4 0 $5 2005-03-24 $9 110523 $P 23.78 $b MED $c MED $e MED3E $f C0002976689 $h AZZMAZZ $k Mag. in-8/20 233 $o 0 $p 23.78 $r PRETLIV $s MAG___IN820_233_00000000000000 $w 0 $y 2014-06-30

