01245nam a2200289   4500
001 98137
003 http://www.mediathequederoubaix.fr/ark:/20179/KH98137
005 20220627065322.0
035 00 $a HZ_RBX161099
090    $a 98137
091    $a 0
099    $t LI $c 2014-06-30 $d 2022-06-27 $x 0
100    $a 19       1987    k  y0frey5003    ba
101    $a fre
200    $a Les zones humides $f [réd. Isabelle Leclercq $g ill. de couv. Jean Patou,... et al.]
210    $a Lille $c Conseil régional du Nord-Pas-de-Calais $c Préfecture de région Nord-Pas-de-Calais $d 1987 $e Tourcoing $g impr. d'Aussy
215    $a 23 p. $c ill., couv. ill. en coul. $d 30 cm
225 0  $a Tableau de bord de l'environnement $v 3
320    $a Bibliogr.
339    $a m
410    $t Tableau de bord de l'environnement $v 3
606 0  $a Écologie des zones humides $x France $y Nord-Pas-de-Calais (France) $2 rameau
700    $7 ba0yba0y $8 fre    $a Leclercq $b Isabelle $9 5556
702 0  $9 288561 $a Pattou $b Jean $f 1940-.... $4 440
801  0 $a FR $b 595126101 $c 20070830 $g AFNOR
930    $5 595126101:C0002940256 $b 595126101 $a BR 4/2268 $e Fonds patrimonial
995    $0 0 $2 0 $4 0 $5 2005-03-24 $9 110649 $b MED $c MED $e MED3N $f C0002940256 $h PPEFGZZ $k BR 4/2268 $o 2 $r PRETLIV $s BR_42268_000000000000000 $w 0 $y 2014-06-30

