01260nam a2200361   4500
001 98249
003 http://www.mediathequederoubaix.fr/ark:/20179/KH98249
020    $a FR $b 07118387
033    $a http://catalogue.bnf.fr/ark:/12148/cb351879153
035    $a FRBNF351879150000008
039    $o OPL $a 009617387
090    $a 98249
091    $b 20240515 $c 1 $a 2
099    $t LI $c 2014-06-30 $d 2024-05-15 $x 0
100    $a 19720101d1971    m  y0frey50      ba
101 0  $a fre
102    $a FR
105    $a ||||z   00|||
106    $a r
181  0 $6 01 $a i  $b xxxe  
181    $6 02 $c txt $2 rdacontent
182  0 $6 01 $a n
182    $6 02 $c n $2 rdamedia
200 1  $a Politique de l'éducation $b Texte imprimé
210    $a Paris $c Éditions du Seuil $d 1971
215    $a 1 vol. (318 p.) $d 20 cm
300    $a Économie et société. _ Notes bibliogr
339    $a m
410  0 $0 34243923 $t Economie & société $x 0070-8801 $v 9
700    $3 11903285 $9 35596 $a Fournier $b Jacques $4 070
801  0 $a FR $b FR-751131015 $c 19720101 $g AFNOR $h FRBNF351879150000008 $2 intermrc
999    $a FRBNF351879150000008
995    $0 0 $2 0 $4 0 $5 2005-03-24 $9 110767 $P 23.78 $b MED $c MED $e MED3E $f C0002930146 $h AZZMAZZ $k Mag. in-8/20 134 $o 0 $p 23.78 $r PRETLIV $s MAG___IN820_134_00000000000000 $w 0 $y 2014-06-30

