01480nam a22003733n 4500
001 98369
003 http://www.mediathequederoubaix.fr/ark:/20179/KH98369
033    $a http://catalogue.bnf.fr/ark:/12148/cb331744385
035    $a FRBNF331744380000004
039    $o CRI $a LX001908731004P 
090    $a 98369
091    $a 2 $b 20240515 $c 1
099    $t LI $c 2014-06-30 $d 2024-05-15 $x 0
100    $a 19970701d1967    m  y0frey50      ba
101 0  $a fre
102    $a FR
105    $a ||||z   00|||
106    $a r
181  0 $6 01 $a i  $b xxxe  
181    $6 02 $c txt $2 rdacontent
182  0 $6 01 $a n
182    $6 02 $c n $2 rdamedia
200 1  $a L'Europe des affaires, rôle et structure des groupes $b Texte imprimé $f Jean Meynaud,... Dusan Sidjanski,...
210    $a Paris $c Payot $d 1967
215    $a In-8° (23 cm), 247 p., couv. ill. 18 F. [D. L. 14133-67]
300    $a Bibliothèque politique et économique
339    $a m
686    $a 320 $2 Cadre de classement de la Bibliographie nationale française
700    $3 11508418 $9 317686 $a Sidjanski $b Dusan $4 070
701    $3 11915895 $9 58749 $o ISNI0000000121371802 $a Meynaud $b Jean $4 070
801  0 $a FR $b FR-751131015 $c 19970701 $g AFNOR $h FRBNF331744380000004 $2 intermrc
856 4  $u http://gallica.bnf.fr/ark:/12148/bpt6k33520573
999    $a FRBNF331744380000004
995    $0 0 $2 0 $4 0 $5 2005-03-24 $9 110896 $P 23.78 $b MED $c MED $e MED3E $f C0002989894 $h ACFSSZZ $k Mag. in-8/19 938 $o 0 $p 23.78 $r PRETLIV $s MAG___IN8_19_938000000000000 $w 0 $y 2014-06-30

