01824cam a2200457   4500
001 98539
003 http://www.mediathequederoubaix.fr/ark:/20179/KH98539
010    $a 2-84200-385-3 $b br. $d Prix : 55,76 F : 8,50 EUR
020    $a FR $b 00131022
033    $a http://catalogue.bnf.fr/ark:/12148/cb37640642s
035    $a FRBNF37640642000000X
039    $o OPL $a 026529587
090    $a 98539
091    $b 20240515 $c 1 $a 2
099    $t LI $c 2014-06-30 $d 2024-05-15 $x 0
100    $a 20010716d2001    k  y0frey50      ba
101 0  $a fre
102    $a FR
105    $a ||||j   00|||
106    $a r
181  0 $6 01 $a i  $b xxxe  
181    $6 02 $c txt $2 rdacontent
182  0 $6 01 $a n
182    $6 02 $c n $2 rdamedia
200 1  $a L'essentiel de l'Union européenne et du droit communautaire $b Texte imprimé $f Jean-Marc Favret $g préf. de Robert Toulemon
205    $a 3e éd.
210    $a Paris $c Gualino $d 2001 $e 53-Bonchamp-lès-Laval $g Impr. Barnéoud
215    $a 88 p. $d 17 cm
225    $a Les carrés
300    $a Bibliogr. p. 87-88
339    $a m
410  0 $0 34293031 $t Les Carrés (Paris. 1996) $x 1288-8206 $d 2001
601    $3 12350708 $9 2940 $a Union européenne $2 rameau
606    $3 11950150 $9 38031 $a Droit européen $2 rameau
608    $3 12167353 $9 2941 $a Manuels d'enseignement supérieur $2 rameau
676    $a 341.242 2 $v 23
686    $a 32  $2 Cadre de classement de la Bibliographie nationale française
700    $3 13327803 $9 58837 $o ISNI0000000121283255 $a Favret $b Jean-Marc $f 1932-.... $4 070
801  0 $a FR $b FR-751131015 $c 20010716 $g AFNOR $h FRBNF37640642000000X $2 intermrc
999    $a FRBNF37640642000000X
995    $0 0 $2 0 $4 0 $5 2005-03-24 $9 111075 $P 6.83 $b MED $c MED $e MED1A $f C0002937326 $h ACFUEZZ $k U L/P/341.242/FAV $o -3 $p 6.83 $r PRETLIV $s U_LP341_242FAV $u Ne plus censé  être présent - FP 20150829 $w 0 $y 2014-06-30

