01490nam a2200385   4500
001 98659
003 http://www.mediathequederoubaix.fr/ark:/20179/KH98659
010    $d 18 F
020    $a FR $b 06917496
033    $a http://catalogue.bnf.fr/ark:/12148/cb35315539d
035    $a FRBNF353155390000009
039    $o OPL $a 011178506
090    $a 98659
091    $b 20240515 $c 1 $a 2
099    $t LI $c 2014-06-30 $d 2024-05-15 $x 0
100    $a 19700101d1969    m  y0frey50      ba
101 0  $a fre
102    $a FR
105    $a ||||z   00|||
106    $a r
181  0 $6 01 $a i  $b xxxe  
181    $6 02 $c txt $2 rdacontent
182  0 $6 01 $a n
182    $6 02 $c n $2 rdamedia
200 1  $a La Guerre de succession , les élections présidentielles de 1969 $b Texte imprimé
210    $a Paris $c Presses universitaires de France $d 1969
215    $a 1 vol. (292 p.) $c couv. ill. $d 21 cm
339    $a m
686    $a 944 $2 Cadre de classement de la Bibliographie nationale française
686    $a 93  $2 Cadre de classement de la Bibliographie nationale française
700    $3 11924188 $9 58886 $o ISNI0000000109186348 $a Schwartzenberg $b Roger-Gérard $4 070
801  0 $a FR $b FR-751131015 $c 19700101 $g AFNOR $h FRBNF353155390000009 $2 intermrc
856 4  $u http://gallica.bnf.fr/ark:/12148/bpt6k3359650f
999    $a FRBNF353155390000009
995    $0 0 $2 0 $4 0 $5 2005-03-24 $9 111199 $P 23.78 $b MED $c MED $e MED3E $f C0002992651 $h AZZMAZZ $k Mag. in-8/19 850 $o 0 $p 23.78 $r PRETLIV $s MAG___IN819_850_00000000000000 $w 0 $y 2014-06-30

