01627cam a2200397   4500
001 98794
003 http://www.mediathequederoubaix.fr/ark:/20179/KH98794
010    $d 26 F
033    $a http://catalogue.bnf.fr/ark:/12148/cb330265679
035    $a FRBNF33026567000000X
039    $o CRI $a LX001000810306P
090    $a 98794
091    $a 2 $b 20240515 $c 1
099    $t LI $c 2014-06-30 $d 2024-05-15 $x 0
100    $a 19970701d1965    m  y0frey50      ba
101 0  $a fre
102    $a FR
105    $a a   z   00|||
106    $a r
181  0 $6 01 $a i  $b xxxe   $a b  $b xb2e  
181    $6 02 $c txt $c sti $2 rdacontent
182  0 $6 01 $a n
182    $6 02 $c n $2 rdamedia
200 1  $a La prise de la Bastille $b Texte imprimé $e 14 juillet 1789 $f Jacques Godechot,...
210    $a Paris $c Gallimard $d 1965 $e 27-Le Mesnil-sur-l'Estrée $g impr. Firmin-Didot et Cie
215    $a 440 p. $c pl. $d 21 cm
225    $a Trente journées qui ont fait la France $v 17
339    $a m
410  0 $0 37335544 $t Trente journées qui ont fait la France (Paris) $x 1773-7753 $v 17 $d 1965
607    $3 11940695 $9 37129 $a France $z 1774-1792 (Louis XVI) $2 rameau
607    $3 11932931 $9 579 $a Paris (France) $2 rameau
607    $3 12101587 $9 61133 $a Paris (France) $z 1789-1799 (Révolution) $2 rameau
700    $3 11905231 $9 9813 $o ISNI0000000109309176 $a Godechot $b Jacques $f 1907-1989 $4 070
801  0 $a FR $b FR-751131015 $c 19970701 $g AFNOR $h FRBNF33026567000000X $2 intermrc
999    $a FRBNF33026567000000X
995    $0 0 $2 0 $4 0 $5 2005-03-24 $9 111341 $P 23.78 $b MED $c MED $e MED3E $f C0002992245 $h ACFHSZZ $k Mag. in-8/19 762 $o 0 $p 23.78 $r PRETLIV $s MAG___IN8_19_762000000000000 $w 1 $y 2014-06-30

