02118cam a2200445   4500
001 98909
003 http://www.mediathequederoubaix.fr/ark:/20179/KH98909
010    $a 2-84205-584-5 $b br. $d 79 F
020    $a FR $b 00140697
033    $a http://catalogue.bnf.fr/ark:/12148/cb376527166
035    $a FRBNF376527160000008
039    $o OPL $a 026737314
090    $a 98909
091    $b 20240515 $c 1 $a 2
099    $t LI $c 2014-06-30 $d 2024-05-15 $x 1
100    $a 20010926d2001    m  y0frey50      ba
101 0  $a fre
102    $a FR
105    $a ||||z   00|y|
106    $a r
181  0 $6 01 $a i  $b xxxe  
181    $6 02 $c txt $2 rdacontent
182  0 $6 01 $a n
182    $6 02 $c n $2 rdamedia
200 1  $a Résister au bougisme $b Texte imprimé $e démocratie forte contre mondialisation techno-marchande $f Pierre-André Taguieff
210    $a Paris $c Fondation du 2 mars $c Mille et une nuits $d 2001 $e impr. en Italie
215    $a 202 p. $c couv. ill. $d 20 cm
225    $a Essai
330    $a En lançant le concept de bougisme, P.-A. Taguieff s'attaque au processus dans lequel la société actuelle semble engagée. Selon lui, il résulte de la dégradation du concept de progrès. Il s'en prend à la rhétorique mystificatrice des élites néo-libérales masquant le passage à une société post-démocratique, remplaçant le citoyen par le consommateur et l'actionnaire.
339    $a m
410  0 $0 37580726 $t Essai (Paris. 2001) $x 1629-4807 $d 2001
606    $3 13318556 $9 2621 $a Démocratie $2 rameau
606    $3 12569446 $9 10766 $a Mondialisation $3 11975856 $9 9513 $x Aspect politique $2 rameau
606    $3 13318426 $9 4497 $a Progrès $2 rameau
676    $a 320.5 $v 23
686    $a 32  $2 Cadre de classement de la Bibliographie nationale française
700    $3 12066873 $9 11281 $o ISNI000000011072350X $a Taguieff $b Pierre-André $f 1946-.... $4 070
801  0 $a FR $b FR-751131015 $c 20010926 $g AFNOR $h FRBNF376527160000008 $2 intermrc
999    $a FRBNF376527160000008
995    $0 1 $2 0 $4 0 $5 2005-03-24 $9 111475 $P 9.63 $b MED $c MED $e MED3A $f C0002993788 $h ACFSSZZ $k Doc./337 TAG $o 4 $p 9.63 $r PRETLIV $s DOC___337_000000000000000_TAG $w 8 $y 2017-04-01

