01533cam a22003973  4500
001 99032
003 http://www.mediathequederoubaix.fr/ark:/20179/KH99032
010    $d 26,75 F
033    $a http://catalogue.bnf.fr/ark:/12148/cb32942518z
035    $a FRBNF329425180000007
039    $o CRI $a LX000404660812PV003
090    $a 99032
091    $a 2 $b 20240515 $c 1
099    $t LI $c 2014-06-30 $d 2024-05-15 $x 0
100    $a 19970701d1965    m  y0frey50      ba
101 0  $a fre
102    $a FR
105    $a ||||z   00|||
106    $a r
181  0 $6 01 $a i  $b xxxe  
181    $6 02 $c txt $2 rdacontent
182  0 $6 01 $a n
182    $6 02 $c n $2 rdamedia
200 1  $a De Louis XVIII à Louis-Philippe, 1814-1848 $b Texte imprimé $f duc de Castries
210    $a Paris $c A. Fayard $d 1965
215    $a 1 vol. (413 p.) $c pl., cart. ill. $d 22 cm
225 19 $a Le testament de la monarchie $v 4
225    $a Les temps et les destins $v 11
339    $a m
410  0 $0 43587341 $t Les Temps et les destins $v 11
686    $a 900 $2 Cadre de classement de la Bibliographie nationale française
700    $3 11895537 $9 286513 $o ISNI0000000108893219 $a Castries $b René de La Croix $f 1908-1986 $c duc de $4 070
801  0 $a FR $b FR-751131015 $c 19970701 $g AFNOR $h FRBNF329425180000007 $2 intermrc
856 4  $u http://gallica.bnf.fr/ark:/12148/bpt6k1003372m
999    $a FRBNF329425180000007
995    $0 0 $2 0 $4 0 $5 2005-03-24 $9 111603 $P 23.78 $b MED $c MED $e MED3E $f C0002992897 $h ACFHSZZ $k Mag. in-8/19 641 $o 0 $p 23.78 $r PRETLIV $s MAG___IN8_19_641000000000000 $w 0 $y 2014-06-30

