01127na  a2200289   4500
001 99210
003 http://www.mediathequederoubaix.fr/ark:/20179/KH99210
005 20240515064727.0
035 00 $a HZ_RBX162504
090    $a 99210
091    $a 2 $b 20240515 $c 0
099    $t LI $c 2014-06-30 $d 2024-05-15 $x 0
100    $a 19       1964    k  y0frey5003    ba
101    $a fre
200    $a Le siècle de Louis XIV $h T. 1 $i L'apogée de la FRance $f Will et Ariel Durant
210    $c Ed. Rencontre $d cop. 1964
225 0  $a Histoire de la civilisation
320    $a Bibliogr.
339    $a m
410    $t Histoire de la civilisation
606 0  $2 rameau $a Vie intellectuelle $z 17e siècle
607    $2 rameau $7 ba0yba0y $8 fre    $a France $x Vie intellectuelle $z 17e siècle
676    $a 944.033
700    $7 ba0yba0y $8 fre    $a Durant $b Will $f 1885-1981 $3 11901344 $9 33169
701    $7 ba0yba0y $8 fre    $a Durant $b Ariel $3 12603790 $9 281301
801  0 $a FR $b 595126101 $c 20070830 $g AFNOR
995    $0 0 $2 0 $4 0 $5 2005-03-24 $9 111805 $P 23.78 $b MED $c MED $e MED3E $f C0002993144 $h ACFHSZZ $k Mag. in-8/19 646 $o 0 $p 23.78 $r PRETLIV $s MAG___IN8_19_646000000000000 $w 0 $y 2014-06-30

