01453cam a22003613  4500
001 99355
003 http://www.mediathequederoubaix.fr/ark:/20179/KH99355
033    $a http://catalogue.bnf.fr/ark:/12148/cb329864968
035    $a FRBNF329864960000000
039    $o CRI $a LX000610400012P
090    $a 99355
091    $a 2 $b 20240515 $c 1
099    $t LI $c 2014-06-30 $d 2024-05-15 $x 1
100    $a 19970701d1966    m  y0frey50      ba
101 0  $a fre
102    $a FR
105    $a ||||z   00|||
106    $a r
181  0 $6 01 $a i  $b xxxe  
181    $6 02 $c txt $2 rdacontent
182  0 $6 01 $a n
182    $6 02 $c n $2 rdamedia
200 1  $a Le romantisme allemand et l'État $b Texte imprimé $e résistance et collaboration dans l'Allemagne napoléonienne $f Jacques Droz,...
210    $a Paris $c Payot (Saint-Amand, impr. Bussière) $d 1966
215    $a 1 vol. (310 p.) $d 23 cm
225    $a Bibliothèque historique
339    $a m
410  0 $0 34232065 $t Bibliothèque historique (Paris) $x 0520-0601 $d 1966
686    $a 940 $2 Cadre de classement de la Bibliographie nationale française
700    $3 11900661 $9 38666 $o ISNI0000000121469623 $a Droz $b Jacques $f 1909-1998 $4 070
801  0 $a FR $b FR-751131015 $c 19970701 $g AFNOR $h FRBNF329864960000000 $2 intermrc
999    $a FRBNF329864960000000
995    $0 0 $2 0 $4 0 $5 2005-03-24 $9 111984 $P 23.78 $b MED $c MED $e MED3E $f C0003008950 $h AZZMAZZ $k Mag. in-8/19 511 $o 0 $p 23.78 $r PRETLIV $s MAG___IN819_511_00000000000000 $w 1 $y 2017-05-05

