01308nam a22003373n 4500
001 99627
003 http://www.mediathequederoubaix.fr/ark:/20179/KH99627
033    $a http://catalogue.bnf.fr/ark:/12148/cb332070809
035    $a FRBNF332070800000007
039    $o CRI $a LX002201190401P 
090    $a 99627
091    $a 2 $b 20240515 $c 1
099    $t LI $c 2014-06-30 $d 2024-05-15 $x 0
100    $a 19970701d1963    m  y0frey50      ba
101 0  $a fre
102    $a FR
105    $a ||||z   00|||
106    $a r
181  0 $6 01 $a i  $b xxxe  
181    $6 02 $c txt $2 rdacontent
182  0 $6 01 $a n
182    $6 02 $c n $2 rdamedia
200 1  $a L'Age grec , 550-270 av. J.-C., par Henri Van Effenterre,... $b Texte imprimé
210    $a Paris $c le Livre de poche $d 1963
215    $a In-16 (16 cm), 478 p., ill., couv. ill. en coul. 6 F. [D. L. 13899-68]
300    $a Le Livre de poche. 2314. - Histoire universelle Larousse de poche
339    $a m
700    $3 11927584 $9 59288 $o ISNI0000000121471280 $a Van Effenterre $b Henri $4 070
801  0 $a FR $b FR-751131015 $c 19970701 $g AFNOR $h FRBNF332070800000007 $2 intermrc
999    $a FRBNF332070800000007
995    $0 0 $2 0 $4 0 $5 2005-03-24 $9 112288 $P 23.78 $b MED $c MED $e MED3E $f C0002998877 $h ACFHSZZ $k Mag. in-8/19 361 $o 0 $p 23.78 $r PRETLIV $s MAG___IN8_19_361000000000000 $w 0 $y 2014-06-30

