01670nam a2200385   4500
001 99740
003 http://www.mediathequederoubaix.fr/ark:/20179/KH99740
010    $a 2-203-30509-6 $b rel. $d 54 F
020    $a FR $b 09917677
033    $a http://catalogue.bnf.fr/ark:/12148/cb36972599z
035    $a FRBNF369725990000003
039    $o OPL $a 024327512
090    $a 99740
091    $b 20240515 $c 1 $a 2
099    $t LI $c 2014-06-30 $d 2024-05-15 $x 8
100    $a 19990324d1998    m  y0frey50      ba
101 0  $a fre
102    $a BE
105    $a a   t   00|a|
106    $a r
181  0 $6 01 $a i  $b xxxe   $a b  $b xb2e  
181    $6 02 $c txt $c sti $2 rdacontent
182  0 $6 01 $a n
182    $6 02 $c n $2 rdamedia
200 1  $a Le mystère des profondeurs $b Texte imprimé $f Tardi
210    $a [Tournai] $a [Paris] $c Casterman $d 1998 $e impr. en Belgique
215    $a 47 p. $c ill. en coul., couv. ill. en coul. $d 31 cm
225 19 $a Les Aventures extraordinaires d'Adèle Blanc-Sec. $v 8
330    $a Mars 1922, Paris. Adèle a mal aux dents. Ca tombe bien, le redoutable Dentiste, surnommé ainsi à cause des ses dents pourries, sort de prison. Et déjà, un des ses complices est retrouvé assassiné. Adèle va avoir du pain sur la planche...
339    $a m
686    $a 823 $2 Cadre de classement de la Bibliographie nationale française
700    $3 11926024 $9 27 $o ISNI0000000121421179 $a Tardi $b Jacques $f 1946-.... $4 070
801  0 $a FR $b FR-751131015 $c 19990324 $g AFNOR $h FRBNF369725990000003 $2 intermrc
999    $a FRBNF369725990000003
995    $0 0 $2 0 $4 0 $5 2005-03-24 $9 112431 $P 7.41 $b MED $c MED $e MED3H $f C0002871863 $h AAPBDSR $k BD/SERIES $o 0 $p 7.41 $r PRETLIV $s BD_SERIES $w 73 $y 2022-12-06

