01714nam a2200433   4500
001 99940
003 http://www.mediathequederoubaix.fr/ark:/20179/KH99940
010    $a 2-247-04415-8 $b br. $d 290 F
020    $a FR $b 00121129
033    $a http://catalogue.bnf.fr/ark:/12148/cb37223358z
035    $a FRBNF372233580000009
039    $o OPL $a 026372805
090    $a 99940
091    $b 20240515 $c 1 $a 2
099    $t LI $c 2014-06-30 $d 2024-05-15 $x 3
100    $a 20010528d2001    m  y0frey50      ba
101 0  $a fre
102    $a FR
105    $a ||||z   00|y|
106    $a r
181  0 $6 01 $a i  $b xxxe  
181    $6 02 $c txt $2 rdacontent
182  0 $6 01 $a n
182    $6 02 $c n $2 rdamedia
200 1  $a Introduction à l'étude du droit musulman $b Texte imprimé $f Louis Milliot,... François-Paul Blanc,...
205    $a 2e éd.
210    $a Paris $c Dalloz $d 2001 $e 45-Malesherbes $g Impr. Bookpole
215    $a VII-669 p. $d 24 cm
300    $a Bibliogr. p. 637-661. Glossaire. Index
330    $a Panorama du monde islamique dans une perspective juridique.
339    $a m
606    $3 11950132 $9 16353 $a Droit islamique $2 rameau
676    $a 340.59 $v 23
686    $a 34  $2 Cadre de classement de la Bibliographie nationale française
700    $3 12500023 $9 59422 $o ISNI000000011578992X $a Milliot $b Louis $f 1885-1961 $4 070
701    $3 11892214 $9 274721 $o ISNI0000000023319189 $a Blanc $b François-Paul $f 1938-.... $4 070
801  0 $a FR $b FR-751131015 $c 20010528 $g AFNOR $h FRBNF372233580000009 $2 intermrc
999    $a FRBNF372233580000009
995    $0 0 $2 0 $4 0 $5 2005-03-24 $9 112654 $P 35.37 $b MED $c MED $e MED3E $f C0003058696 $h ACFSSZZ $k Mag.in-8/46 249 $n 2024-06-11 $o 0 $p 35.37 $r PRETLIV $s MAG__IN8_46_249000000000000 $w 23 $y 2024-04-30

