01136nam a2200289   4500
001 100291
003 http://www.mediathequederoubaix.fr/ark:/20179/KH100291
005 20180724173841.0
035 00 $a HZ_RBX164032
090    $a 100291
091    $a 0
099    $t LI $c 2014-06-30 $d 2014-06-30 $x 0
100    $a 19       1882    k  y0frey5003    ba
101    $a fre
200    $a Mire lon la $f par René Maizeroy $g ill. de Jeanniot
210    $a Paris $c Ed. Rouveyre & G. Blond $d 1882
215    $a 182 p. $c ill., front., couv. ill. $d 20
300    $a Inventaire ENSAIT n ̊8016
300    $a Ex libris impr. Pierre Destombes
310    $a Demi-rel. toile rouge à coins, pièce de dos
339    $a m
700 0  $9 292858 $a Maizeroy $b René $f 1856-1918
702 0  $9 284486 $a Jeanniot $b Pierre-Georges $f 1848-1934
702    $9 166363 $4 320 $a Destombes $b Pierre $c roubaisien $f 1846-1915
801  0 $a FR $b 595126101 $c 20121109 $g AFNOR
930    $5 595126101:C0002981228 $b 595126101 $a LD/649 $e Fonds patrimonial; legs Destombes
995    $0 0 $2 0 $4 0 $5 2005-03-24 $9 113036 $b MED $c MED $e MED3T $f C0002981228 $h PPELGZZ $k LD/649 $o 2 $r PRETLIV $s LD_649_000000000000000 $w 0 $y 2014-06-30

