01457nam a2200385   4500
001 100498
003 http://www.mediathequederoubaix.fr/ark:/20179/KH100498
010    $a 2-84260-078-9 $b br. $d Prix : 118,07 F : 18 EUR
020    $a FR $b 00126786
033    $a http://catalogue.bnf.fr/ark:/12148/cb376377803
035    $a FRBNF376377800000004
039    $o OPL $a 026480535
090    $a 100498
091    $b 20240516 $c 1 $a 2
099    $t LI $c 2014-06-30 $d 2024-05-16 $x 2
100    $a 20010628d2001    m  y0frey50      ba
101 0  $a fre
102    $a FR
105    $a ||||z   00|a|
106    $a r
181  0 $6 01 $a i  $b xxxe  
181    $6 02 $c txt $2 rdacontent
182  0 $6 01 $a n
182    $6 02 $c n $2 rdamedia
200 1  $a Sous le regard des mouches $b Texte imprimé $a Le voyage du couronnement $f Michel Marc Bouchard
210    $a Paris $c Éd. théâtrales $d 2001 $e 14-Condé-sur-Noireau $g Corlet impr.
215    $a 151 p. $c couv. ill. $d 21 cm
339    $a m
423  0 $t Le voyage du couronnement
676    $a 842.914 (oeuvre) $v 23
686    $a 822 $2 Cadre de classement de la Bibliographie nationale française
700    $3 12248677 $9 46633 $o ISNI0000000110590022 $a Bouchard $b Michel Marc $f 1958-.... $4 070
801  0 $a FR $b FR-751131015 $c 20010628 $g AFNOR $h FRBNF376377800000004 $2 intermrc
999    $a FRBNF376377800000004
995    $0 0 $2 0 $4 0 $5 2005-03-24 $9 113257 $P 14.40 $b MED $c MED $e MED1A $f C0003004061 $h AMVTHTX $k T/BOU $o 0 $p 14.40 $r PRETLIV $s T_BOU $w 6 $y 2023-01-03

