01328cam a22003613  4500
001 100664
003 http://www.mediathequederoubaix.fr/ark:/20179/KH100664
010    $d 15 F
033    $a http://catalogue.bnf.fr/ark:/12148/cb335576617
035    $a FRBNF335576610000000
039    $o CRI $a AN057603200001P
090    $a 100664
091    $a 2 $b 20240516 $c 1
099    $t LI $c 2014-06-30 $d 2024-05-16 $x 0
100    $a 19961122d1935    m  y0frey50      ba
101 0  $a fre
102    $a FR
105    $a ||||z   00|||
106    $a r
181  0 $6 01 $a i  $b xxxe  
181    $6 02 $c txt $2 rdacontent
182  0 $6 01 $a n
182    $6 02 $c n $2 rdamedia
200 1  $a La psychologie du mariage $b Texte imprimé $g [Préface de J. Viollet]
210    $a Paris $c Editions "Mariage et Famille" $d 1935 (7 octobre)
215    $a 193 p. $d in-8°
225    $a Les grands problèmes familiaux $v 13
339    $a m
410  0 $0 40095183 $t Les Grands problèmes familiaux $v 13
702    $3 12405374 $9 284888 $o ISNI0000000109090602 $a Viollet $b Jean $f 1875-1956 $4 080
801  0 $a FR $b FR-751131015 $c 19961122 $g AFNOR $h FRBNF335576610000000 $2 intermrc
999    $a FRBNF335576610000000
995    $0 0 $2 0 $4 0 $5 2005-03-24 $9 113427 $P 23.78 $b MED $c MED $e MED3E $f C0003013921 $h AZZMAZZ $k Mag. in-8/18 980 $o 0 $p 23.78 $r PRETLIV $s MAG___IN818_980_00000000000000 $w 0 $y 2014-06-30

