01255nam a22003373n 4500
001 100817
003 http://www.mediathequederoubaix.fr/ark:/20179/KH100817
033    $a http://catalogue.bnf.fr/ark:/12148/cb331882332
035    $a FRBNF331882330000009
039    $o CRI $a LX002008560601P 
090    $a 100817
091    $a 2 $b 20240516 $c 1
099    $t LI $c 2014-06-30 $d 2024-05-16 $x 1
100    $a 19970701d1967    m  y0frey50      ba
101 0  $a fre
102    $a BE
105    $a ||||z   00|||
106    $a r
181  0 $6 01 $a i  $b xxxe  
181    $6 02 $c txt $2 rdacontent
182  0 $6 01 $a n
182    $6 02 $c n $2 rdamedia
200 1  $a Crises, chimères et révolte de l'adolescence $b Texte imprimé $f Jeanne Taillieu
210    $a Bruxelles $c Amiens, Sodi $d 1967
215    $a In-16 (20 cm), 275 p., couv. ill. 21 F. [D. L. 15666-67]
300    $a Amour, couple et famille
339    $a m
700    $3 10418977 $9 59937 $o ISNI0000000000811840 $a Taillieu $b Jeanne $4 070
801  0 $a FR $b FR-751131015 $c 19970701 $g AFNOR $h FRBNF331882330000009 $2 intermrc
999    $a FRBNF331882330000009
995    $0 0 $2 0 $4 0 $5 2005-03-24 $9 113603 $P 23.78 $b MED $c MED $e MED3E $f C0003016181 $h AZZMAZZ $k Mag. in-8/18 906 $o 0 $p 23.78 $r PRETLIV $s MAG___IN818_906_00000000000000 $w 1 $y 2015-05-05

