01450cam a22003733  4500
001 100948
003 http://www.mediathequederoubaix.fr/ark:/20179/KH100948
033    $a http://catalogue.bnf.fr/ark:/12148/cb33070702v
035    $a FRBNF330707020000007
039    $o CRI $a LX001301251201P
090    $a 100948
091    $a 2 $b 20240516 $c 1
099    $t LI $c 2014-06-30 $d 2024-05-16 $x 0
100    $a 19970701d1960    m  y0frey50      ba
101 0  $a fre
102    $a FR
105    $a ||||z   00|||
106    $a r
181  0 $6 01 $a i  $b xxxe  
181    $6 02 $c txt $2 rdacontent
182  0 $6 01 $a n
182    $6 02 $c n $2 rdamedia
200 1  $a L'appel de l'esprit $b Texte imprimé $f François de La Noë
210    $a Paris $c A. Fayard $d 1960 $e Evreux $g impr. Hérissey
215    $a 1 vol. (255 p.) $c couv. ill. $d 20 cm
225    $a Les Idées et la vie
339    $a m
410  0 $0 40923456 $t Les Idées et la vie $x 2117-6361 $d 1960
686    $a 110 $2 Cadre de classement de la Bibliographie nationale française
700    $3 11182064 $9 308216 $o ISNI000000006135361X $a La Noë $b François de $f 1895-1968 $4 070
801  0 $a FR $b FR-751131015 $c 19970701 $g AFNOR $h FRBNF330707020000007 $2 intermrc
856 4  $u http://gallica.bnf.fr/ark:/12148/bpt6k33582337
999    $a FRBNF330707020000007
995    $0 0 $2 0 $4 0 $5 2005-03-24 $9 113740 $P 23.78 $b MED $c MED $e MED3E $f C0003005978 $h AZZMAZZ $k Mag. in-8/18 802 $o 0 $p 23.78 $r PRETLIV $s MAG___IN818_802_00000000000000 $w 0 $y 2014-06-30

