00829nj  a2200217   4500
001 101055
003 http://www.mediathequederoubaix.fr/ark:/20179/KH101055
005 20240516061718.0
035 00 $a HZ_RBX165052
071 0  $b RCA $a 7243
090    $a 101055
091    $a 1 $b 20240516 $c 0
099    $t DV $c 2014-06-30 $d 2024-05-16 $x 0
100    $a 19               k  y0frey5003    ba
101    $a fre
200    $a La belle et la bête $b Enr. sonore
339    $a m
700    $7 ba0yba0y $8 fre    $a Spiers $b Pierre $f 1917-1980 $3 13899973 $9 9092
801  0 $a FR $b 595126101 $c 20050324 $g AFNOR
930    $5 595126101:C0003077852 $b 595126101 $a FLRSON 30/4170 $e Fonds local et régional sonore
995    $0 0 $2 0 $4 0 $5 2005-03-24 $9 113854 $P 22.87 $b MED $c MED $e MED3C $f C0003077852 $h PENRSZZ $k FLRSON 30/4170 $o 2 $p 22.87 $r PRETSON $s FLRSON_304170_000000000000000 $w 0 $y 2014-06-30

