01791cam a22003853  4500
001 101381
003 http://www.mediathequederoubaix.fr/ark:/20179/KH101381
033    $a http://catalogue.bnf.fr/ark:/12148/cb321621673
035    $a FRBNF321621670000005
039    $o CRI $a SU049209130001P
090    $a 101381
091    $a 2 $b 20240516 $c 1
099    $t LI $c 2014-06-30 $d 2024-05-16 $x 0
100    $a 19970701d1952    m  y0frey50      ba
101 0  $a fre
102    $a FR
105    $a ||||z   00|||
106    $a r
181  0 $6 01 $a i  $b xxxe  
181    $6 02 $c txt $2 rdacontent
182  0 $6 01 $a n
182    $6 02 $c n $2 rdamedia
200 1  $a L'expédition Orénoque Amazone, 1948-1950 $b Texte imprimé $f Alain Gheerbrant
210    $a (Paris), Gallimard $a (Montrouge, Impr. moderne) $d 1952. In-16, 392 p., pl., carte, couv. ill. avec portr. [D. L. 4440-52] -VIIIh-
215    $a 1 vol. (387 p.) $c pl., carte, couv. ill. avec portr. $d in-16
339    $a m
607    $3 15202375 $9 316122 $a Orénoque (Colombie / Venezuela, cours d'eau) $2 AFNOR NF Z 44-081
607    $3 15421581 $9 295749 $a Amazone (Pérou / Brésil, cours d'eau) $2 AFNOR NF Z 44-081
608    $a Documentaires : sciences humaines $2 CNLJ $k Avis critique donné par le Centre national de la littérature pour la jeunesse
610 0  $a Expédition Française. 1948-50 (SGE_OM)
686    $a 980 $2 Cadre de classement de la Bibliographie nationale française
700    $3 11904786 $9 43066 $o ISNI0000000110823535 $a Gheerbrant $b Alain $f 1920-2013 $4 070
801  0 $a FR $b FR-751131015 $c 19970701 $g AFNOR $h FRBNF321621670000005 $2 intermrc
999    $a FRBNF321621670000005
995    $0 0 $2 0 $4 0 $5 2005-03-24 $9 114243 $P 23.78 $b MED $c MED $e MED3E $f C0003021178 $h AAPPLGO $k Mag 8/18 549 $o 0 $p 23.78 $r PRETLIV $s MAG_8_180000000000000_549 $w 1 $y 2014-06-30 $7  $8  $A  $m  $z 

