01213nam a2200301   4500
001 101521
003 http://www.mediathequederoubaix.fr/ark:/20179/KH101521
005 20220801073641.0
035 00 $a HZ_RBX165659
090    $a 101521
091    $a 0
099    $t LI $c 2014-06-30 $d 2022-08-01 $x 0
100    $a 19       1874    k  y0frey5003    ba
101    $a fre
200    $a Nouveaux lundis $h T. dixième $f par C.-A. Sainte-Beuve,...
205    $a Deuxième éd. rev.
210    $a Paris $c M. Lévy frères $d 1874
215    $a 461 p. $d 19 cm
300    $a Inventaire ENSAIT n ̊7634/10
300    $a Ex libris impr. Pierre Destombes
310    $a Demi-rel. chagrin marron, dos à cinq nerfs
339    $a m
488    $1 Nouveaux lundis / par C.-A. Sainte-Beuve,... $1 M. Lévy frères , 1870-1878
700    $7 ba0yba0y $8 fre    $a Sainte-Beuve $b Charles-Augustin $f 1804-1869 $9 45048
702    $9 166363 $4 320 $a Destombes $b Pierre $c roubaisien $f 1846-1915
801  0 $a FR $b 595126101 $c 20121109 $g AFNOR
930    $5 595126101:C0002986383 $b 595126101 $a LD/823 $e Fonds patrimonial; legs Destombes
995    $0 0 $2 0 $4 0 $5 2005-03-24 $9 114392 $b MED $c MED $e MED3T $f C0002986383 $h PPELGZZ $k LD/823 $o 2 $r PRETLIV $s LD_823_000000000000000 $w 0 $y 2014-06-30

