01194nam a2200301   4500
001 101648
003 http://www.mediathequederoubaix.fr/ark:/20179/KH101648
005 20180720085144.0
035 00 $a HZ_RBX165809
090    $a 101648
091    $a 0
099    $t LI $c 2014-06-30 $d 2014-06-30 $x 0
100    $a 19       1857    k  y0frey5003    ba
101    $a fre
200    $a Les mémoires du diable $h T. premier $f Frédéric Soulié
210    $a Paris $c Librairie nouvelle $c Jaccottet, Bourdilliat $d 1857
215    $a 456 p. $d 19 cm
225 0  $a Oeuvres complètes de Frédéric Soulié
300    $a Inventaire ENSAIT n ̊7968/1
300    $a Ex libris impr. Pierre Destombes
310    $a Demi-rel. chagrin vert, dos à cinq nerfs
339    $a m
410    $t Oeuvres complètes de Frédéric Soulié
700 0  $9 280084 $a Soulié $b Frédéric $f 1800-1847
702    $9 166363 $4 320 $a Destombes $b Pierre $c roubaisien $f 1846-1915
801  0 $a FR $b 595126101 $c 20121109 $g AFNOR
930    $5 595126101:C0002987046 $b 595126101 $a LD/866 $e Fonds patrimonial; legs Destombes
995    $0 0 $2 0 $4 0 $5 2005-03-24 $9 114528 $b MED $c MED $e MED3T $f C0002987046 $h PPELGZZ $k LD/866 $o 2 $r PRETLIV $s LD_866_000000000000000 $w 0 $y 2014-06-30

