01511nj  a2200349   4500
001 101792
003 http://www.mediathequederoubaix.fr/ark:/20179/KH101792
005 20240516062405.0
035 00 $a HZ_RBX165965
071 0  $a E 8826 $b Astrée
090    $a 101792
091    $a 1 $b 20240516 $c 0
099    $t DC $c 2014-06-30 $d 2024-05-16 $x 0
100    $a 19       2000    k  y0frey5003    ba
101    $a fre
200    $a Piéces de clavessin V $b Enr. sonore $f Louis Couperin, comp. $g Blandine Verlet, clav.
210    $d cop. 2000
215    $e 1 brochure (7 p. ; 12 cm)
305    $a Clavecin Hans Ruckers II, 1624
306    $a Rééd. d'un enr. P 1992
307    $a Disque 5 du coffret de 5 CD : Les piéces de clavessin
327    $a Suite en mi mineur $a Suite en la mineur $a Suite en ré mineur $a Prélude et passacaille en sol mineur $a Trois sarabandes en do majeur
339    $a m
493    $1 Les piéces de clavessin ; Enr. sonore / Louis Couperin, comp. ; Blandine Verlet, clav. . $1 cop. 2000 .
606    $a Musique $y France $z 17e siècle $x Disques $2 rameau
606    $a Clavecin, Musique de $x Disques $2 rameau
606    $a Suites (clavecin) $x Disques $2 rameau
679    $a 3 $c 11.21
700 0  $a Couperin $b Louis $f 1626?-1661
702    $7 ba0yba0y $8 fre    $a Verlet $b Blandine $f 1942-2018 $3 13900810 $9 29686
801  0 $a FR $b 595126101 $c 20070830 $g AFNOR
995    $0 0 $2 0 $4 0 $5 2005-03-24 $9 114681 $P 15.24 $b MED $c MED $e MED1A $f C0002873043 $h D02 $k DC/3 COU/11.21 $o 0 $p 15.24 $r PRETSON $s DC_3_COU11_210000000000000 $w 25 $y 2014-06-30

