01178nam a2200313   4500
001 101964
003 http://www.mediathequederoubaix.fr/ark:/20179/KH101964
005 20220927080236.0
035 00 $a HZ_RBX166179
090    $a 101964
091    $a 0
099    $t LI $c 2014-06-30 $d 2022-09-27 $x 0
100    $a 19       1876    k  y0frey5003    ba
101    $a fre
200    $a Son excellence Eugène Rougon $f par Emile Zola
205    $a Cinquième éd.
210    $a Paris $c Charpentier $d 1876
215    $a 462 p.-[1]f. dépl. $d 19 cm
225    $a Bibliothèque Charpentier
300    $a Inventaire ENSAIT n ̊7907
300    $a Ex libris impr. Pierre Destombes
310    $a Demi-rel. chagrin marron, dos à cinq nerfs
339    $a m
410    $t Bibliothèque Charpentier
700    $7 ba0yba0y $8 fre    $a Zola $b Émile $f 1840-1902 $9 19519
702    $9 166363 $4 320 $a Destombes $b Pierre $c roubaisien $f 1846-1915
801  0 $a FR $b 595126101 $c 20121109 $g AFNOR
930    $5 595126101:C0003029841 $b 595126101 $a LD/976 $e Fonds patrimonial; legs Destombes
995    $0 0 $2 0 $4 0 $5 2005-03-24 $9 114868 $b MED $c MED $e MED3T $f C0003029841 $h PPELGZZ $k LD/976 $o 2 $r PRETLIV $s LD_976_000000000000000 $w 0 $y 2014-06-30

