01459cam a22003853  4500
001 102128
003 http://www.mediathequederoubaix.fr/ark:/20179/KH102128
010    $d 38,40 F
033    $a http://catalogue.bnf.fr/ark:/12148/cb329105792
035    $a FRBNF329105790000002
039    $o CRI $a LX000201350306P
090    $a 102128
091    $a 2 $b 20240516 $c 1
099    $t LI $c 2014-06-30 $d 2024-05-16 $x 0
100    $a 19970701d1965    m  y0frey50      ba
101 0  $a fre
102    $a FR
105    $a ||||z   00|||
106    $a r
181  0 $6 01 $a i  $b xxxe  
181    $6 02 $c txt $2 rdacontent
182  0 $6 01 $a n
182    $6 02 $c n $2 rdamedia
200 1  $a Hommes et cités de l'Espagne $b Texte imprimé $f récit de Jean Babelon
210    $a Paris $c Éditions du Sud $c A. Michel $d 1965
215    $a 1 vol. (347 p.) $c pl. $d 24 cm
225    $a Hommes et cités
339    $a m
410  0 $0 41122573 $t Hommes et cités (Paris. 1965) $d 1965
686    $a 900 $2 Cadre de classement de la Bibliographie nationale française
700    $3 12300864 $9 279944 $o ISNI0000000111358890 $a Babelon $b Jean $f 1889-1978 $4 070
801  0 $a FR $b FR-751131015 $c 19970701 $g AFNOR $h FRBNF329105790000002 $2 intermrc
856 4  $u http://gallica.bnf.fr/ark:/12148/bpt6k33732300
999    $a FRBNF329105790000002
995    $0 0 $2 0 $4 0 $5 2005-03-24 $9 115048 $P 23.78 $b MED $c MED $e MED3E $f C0003041356 $h AZZMAZZ $k Mag. in-8/18 234 $o 0 $p 23.78 $r PRETLIV $s MAG___IN818_234_00000000000000 $w 0 $y 2014-06-30

