01441cam a22003493  4500
001 102286
003 http://www.mediathequederoubaix.fr/ark:/20179/KH102286
033    $a http://catalogue.bnf.fr/ark:/12148/cb315889938
035    $a FRBNF315889930000002
039    $o CRI $a CG021106190501P
090    $a 102286
091    $a 2 $b 20240516 $c 1
099    $t LI $c 2014-06-30 $d 2024-05-16 $x 0
100    $a 19970701d1953    m  y0frey50      ba
101 1  $a fre $c eng
102    $a FR
105    $a ||||z   00|||
106    $a r
181  0 $6 01 $a i  $b xxxe  
181    $6 02 $c txt $2 rdacontent
182  0 $6 01 $a n
182    $6 02 $c n $2 rdamedia
200 1  $a Je l'appelais Jimmy, mon élève, le prince héritier du Japon $b Texte imprimé $f Elizabeth Gray Vining $g traduit de l'américain par Roger Blondel
210    $a Paris $c Amiot-Dumont $d 1953 $e Condé-sur-Escaut $g Impr. du Nord
215    $a 1 vol. (268 p.) $c portr., couv. mobile ill. $d 22 cm
339    $a m
454  1 $t Windows for the crown prince
700    $3 10713683 $9 317887 $a Vining $b Elizabeth Janet Gray, Mrs. Morgan $4 070
702    $3 11892422 $9 19731 $o ISNI0000000079768776 $a Blondel $b Roger $f 1895-1980 $4 730
801  0 $a FR $b FR-751131015 $c 19970701 $g AFNOR $h FRBNF315889930000002 $2 intermrc
999    $a FRBNF315889930000002
995    $0 0 $2 0 $4 0 $5 2005-03-24 $9 115220 $P 23.78 $b MED $c MED $e MED3E $f C0003053670 $h AZZMAZZ $k Mag. in-8/18 218 $o 0 $p 23.78 $r PRETLIV $s MAG___IN818_218_00000000000000 $w 0 $y 2014-06-30

