01387nam a22003253n 4500
001 102484
003 http://www.mediathequederoubaix.fr/ark:/20179/KH102484
033    $a http://catalogue.bnf.fr/ark:/12148/cb32158613s
035    $a FRBNF321586130000005
039    $o CRI $a SU048904410001P  
090    $a 102484
091    $a 2 $b 20240516 $c 1
099    $t LI $c 2014-06-30 $d 2024-05-16 $x 0
100    $a 19970701d1929    m  y0frey50      ba
101 0  $a fre
102    $a FR
105    $a ||||z   00|||
106    $a r
181  0 $6 01 $a i  $b xxxe  
181    $6 02 $c txt $2 rdacontent
182  0 $6 01 $a n
182    $6 02 $c n $2 rdamedia
200 1  $a A la poursuite du soleil. Journal de bord I. Préface de J.-B. Charcot. 51e édition $b Texte imprimé $f Alain Gerbault
210    $a Montrouge (Seine), l'Impr. moderne, 177, route de Châtillon $a Paris, Bernard Grasset, éditeur $d 1929. (30 juillet.) In-8, 205 p. et gravures. 15 fr. [8389]
339    $a m
700    $3 11904688 $9 298445 $o ISNI0000000110384309 $a Gerbault $b Alain $4 070
702    $3 11990057 $9 9741 $o ISNI0000000121393550 $a Charcot $b Jean-Baptiste $4 080
801  0 $a FR $b FR-751131015 $c 19970701 $g AFNOR $h FRBNF321586130000005 $2 intermrc
999    $a FRBNF321586130000005
995    $0 0 $2 0 $4 0 $5 2005-03-24 $9 115429 $P 23.78 $b MED $c MED $e MED3E $f C0003044354 $h AZZMAZZ $k Mag. in-8/18 072 $o 0 $p 23.78 $r PRETLIV $s MAG___IN818_072_00000000000000 $w 0 $y 2014-06-30

