01574nam a2200373   4500
001 102644
003 http://www.mediathequederoubaix.fr/ark:/20179/KH102644
005 20220923032513.0
035 00 $a HZ_RBX166905
090    $a 102644
091    $a 0
099    $t LI $c 2014-06-30 $d 2022-09-23 $x 0
100    $a 19       1861    k  y0frey5003    ba
101    $a fre
200    $a Les fastes $a Les tristes $f Ovide $g trad. de la collection Panckoucke par MM. Th. Burette et Vernadé
205    $a Nouv. éd., rev. avec le plus grand soin $f par M. E. Pessonneaux ...
210    $a Paris $c Garnier Frères $d 1861
215    $a XIII-554 p. $d 19 cm
225 0  $a Bibliothèque latine-française
225 0  $a Oeuvres choisies d'Ovide $v 2
300    $a Inventaire ENSAIT n ̊8272
300    $a Ex libris impr. Pierre Destombes
310    $a Demi-rel. basane blonde, dos à cinq nerfs orné de fleurons, pièces de dos
339    $a m
410    $t Bibliothèque latine-française
410    $t Oeuvres choisies d'Ovide $v 2
702 0  $9 284311 $a Burette $b Théodose $f 1804-1847 $4 730
702 0  $9 186041 $4 730 $a Vernadé
702 0  $9 287021 $a Pessonneaux $b Émile $f 1821-1903 $4 340
702    $9 166363 $4 320 $a Destombes $b Pierre $c roubaisien $f 1846-1915
700    $7 ba0yba0y $8 frefre $a Ovide $f 0043 av. J.-C.-0017 $9 32154
801  0 $a FR $b 595126101 $c 20121109 $g AFNOR
930    $5 595126101:C0003041893 $b 595126101 $a LD/1069 $e Fonds patrimonial; legs Destombes
995    $0 0 $2 0 $4 0 $5 2005-03-24 $9 115598 $b MED $c MED $e MED3T $f C0003041893 $h PPELGZZ $k LD/1069 $o 2 $r PRETLIV $s LD_1069_000000000000000 $w 0 $y 2014-06-30

