02588cam a22005053  4500
001 102809
003 http://www.mediathequederoubaix.fr/ark:/20179/KH102809
010    $a 2-07-058705-3 $b rel. $d 110 F
033    $a http://catalogue.bnf.fr/ark:/12148/cb36959637z
035    $a FRBNF369596370000000
039    $o OPL $a 021322474
073  0 $a 9782070587056 $2 ALS
090    $a 102809
091    $a 2 $b 20240516 $c 1
099    $t LI $c 2014-06-30 $d 2024-05-16 $x 32
100    $a 19960507d1995    a  y0frey50      ba
101 1  $a fre $c eng
102    $a FR
105    $a a   z   00|y|
106    $a r
181  0 $6 01 $a i  $b xxxe   $a b  $b xb2e  
181    $6 02 $c txt $c sti $2 rdacontent
182  0 $6 01 $a n
182    $6 02 $c n $2 rdamedia
200 1  $a La médecine $b Texte imprimé $f par Steve Parker $g en association avec le Science museum de Londres $g photogr. originales de David Exton, John Lepine, Adrian Whicher... [et al.] $g trad. et adapt. de Brigitte George,...
210    $a Paris $c Gallimard $d 1995 $e Impr. à Singapour
215    $a 63 p. $c ill. en noir et en coul., couv. ill. en coul. $d 29 cm
225    $a Passions des sciences $e les sciences de la santé $v 16
300    $a Index
330    $a Traitements et remèdes traditionnels, soins du corps et de l'esprit pratiqués par les différentes civilisations du monde, grands chercheurs et praticiens de toutes les époques... : l'aventure des arts médicaux et chirurgicaux mis en œuvre par l'homme pour lutter contre la maladie et surveiller sa santé.
339    $a a
410  0 $0 34281273 $t Passion des sciences $x 1248-7856 $v 16
454  1 $t Eyewitness science guide, Medicine
606 0  $a Médecine $x Ouvrages pour la jeunesse $2 rameau
606    $3 11983292 $9 6688 $a Médecine $2 rameau
608    $3 12042408 $9 314947 $a Ouvrages pour la jeunesse $2 rameau
608    $a Documentaires : sciences et techniques $2 CNLJ $k Avis critique donné par le Centre national de la littérature pour la jeunesse
676    $a 814.3 $v 23
686    $a 61  $2 Cadre de classement de la Bibliographie nationale française
700    $3 12076039 $9 7149 $o ISNI0000000121259052 $a Parker $b Steve $f 1952-.... $4 070
702    $3 12247871 $9 295799 $o ISNI0000000057732502 $a George $b Brigitte $f 1953-.... $4 730
712 11 $3 12068579 $9 18190 $o ISNI0000000122647348 $a Science museum $c Londres $4 205
801  0 $a FR $b FR-751131015 $c 19960507 $g AFNOR $h FRBNF369596370000000 $2 intermrc
999    $a FRBNF369596370000000
995    $0 0 $2 0 $4 0 $5 2006-10-12 $9 115814 $P 13.57 $b MED $c MED $e MED2A $f C0001736298 $h JDT60ZZ $k E/610 ABC $o 0 $p 13.57 $r PRETLIV $s E_610_000000000000000_ABC $w 46 $y 2023-11-14

