01555nam a2200361   4500
001 102933
003 http://www.mediathequederoubaix.fr/ark:/20179/KH102933
005 20180724124512.0
035 00 $a HZ_RBX167229
090    $a 102933
091    $a 0
099    $t LI $c 2014-06-30 $d 2014-06-30 $x 0
100    $a 19       1860    k  y0frey5003    ba
101    $a fre
200    $a Histoire romaine de Tite-Live $h T. sixième $i livres XXXIX (suite et fin), XL, XLI, XLII, XXLIII, XXLIV, XXV $f trad. par M. V. Verger
205    $a Nouv. éd. rev. par M. Charpentier
210    $a Paris $c Garnier Frères $d 1860
215    $a 644 p. $d 19 cm
225 0  $a Bibliothèque latine-française $v 20
225 0  $a Oeuvres complètes de Tite-Live
300    $a Inventaire ENSAIT n ̊8285/6
300    $a Ex libris impr. Pierre Destombes
310    $a Demi-rel. basane blonde, dos à cinq nerfs orné de fleurons, pièces de dos
339    $a m
410    $t Bibliothèque latine-française $v 20
410    $t Oeuvres complètes de Tite-Live
702  1 $9 287023 $a Verger $b Victor $f 1792-1849 $4 730
702 0  $9 286980 $a Charpentier $b Jean-Pierre $f 1797-1878 $4 340
702    $9 166363 $4 320 $a Destombes $b Pierre $c roubaisien $f 1846-1915
700 0  $9 37086 $7 ba0yba0y $8 frefre $a Tite-Live $f 0059? av. J.-C.-0017
801  0 $a FR $b 595126101 $c 20121109 $g AFNOR
930    $5 595126101:C0003051107 $b 595126101 $a LD/1114 $e Fonds patrimonial; legs Destombes
995    $0 0 $2 0 $4 0 $5 2005-03-24 $9 115990 $b MED $c MED $e MED3T $f C0003051107 $h PPELGZZ $k LD/1114 $o 2 $r PRETLIV $s LD_1114_000000000000000 $w 0 $y 2014-06-30

