00929na  a2200241   4500
001 103055
003 http://www.mediathequederoubaix.fr/ark:/20179/KH103055
005 20240516063201.0
035 00 $a HZ_RBX167365
090    $a 103055
091    $a 2 $b 20240516 $c 0
099    $t LI $c 2014-06-30 $d 2024-05-16 $x 0
100    $a 19930512d1963    u  u0frey5003    ba
101    $a fre
102    $a FR
200    $a Technique de la cuisine $e par François Lery,...
210    $a Paris $c Presses universitaires de France (Vendôme, Impr. des P.U.F.) $d 1963
215    $a In-16 (17 cm), 128 p., fig., couv. ill. en coul. 2,50 F. [D. L. 597-63]
300    $a Que sais-je ? 1024
339    $a m
700    $a Lery $b François $3 11474346 $9 287058
801  0 $a FR $b 595126101 $c 20050324 $g AFNOR
995    $0 0 $2 0 $4 0 $5 2005-03-24 $9 116132 $P 23.78 $b MED $c MED $e MED3E $f C0003059163 $h AZZMAZZ $k Mag. in-8/17 652 $o 0 $p 23.78 $r PRETLIV $s MAG___IN817_652_00000000000000 $w 0 $y 2014-06-30

