01364nam a2200313   4500
001 103165
003 http://www.mediathequederoubaix.fr/ark:/20179/KH103165
005 20160125024940.0
035 00 $a HZ_RBX167490
090    $a 103165
091    $a 0
099    $t LI $c 2014-06-30 $d 2014-06-30 $x 0
100    $a 19       1855    k  y0frey5003    ba
101    $a fre
200    $a Souvenirs de la Marquise de Créquy $e de 1710 à 1803 $h T. neuvième - T. dixième
205    $a Nouv. éd. rev. et augm.
210    $a Paris $c Garnier Frères $d [1855]
215    $a 248-259 p. $c front. $d 19 cm
300    $a 1855 d'après le "Catalogue général de la librairiefrançaise" de O. Lorenz
300    $a Inventaire ENSAIT n ̊8590/5
300    $a Ex libris impr. Pierre Destombes
310    $a Demi-rel. chagrin rouge, dos à cinq nerfs orné de fleurons
339    $a m
493    $1 Souvenirs de la Marquise de Créquy : de 1710 à 1803 $1 Garnier Frères , [1855]
700 0  $9 186211 $a Créquy $b Renée Caroline de Froulay de $f 1714-1803
702    $9 166363 $4 320 $a Destombes $b Pierre $c roubaisien $f 1846-1915
801  0 $a FR $b 595126101 $c 20121109 $g AFNOR
930    $5 595126101:C0003050884 $b 595126101 $a LD/1159 $e Fonds patrimonial; legs Destombes
995    $0 0 $2 0 $4 0 $5 2005-03-24 $9 116243 $b MED $c MED $e MED3T $f C0003050884 $h PPELGZZ $k LD/1159 $o 2 $r PRETLIV $s LD_1159_000000000000000 $w 0 $y 2014-06-30

