01079na  a2200289   4500
001 103309
003 http://www.mediathequederoubaix.fr/ark:/20179/KH103309
005 20220924072711.0
035 00 $a HZ_RBX167638
090    $a 103309
091    $a 0
099    $t LI $c 2014-06-30 $d 2022-09-24 $x 0
100    $a 19       1961    k  y0frey5003    ba
101    $a fre
200    $a Baden-Powell $f Jean Mauduit
210    $a Paris $c La Table ronde $d 1961
215    $a 124 p. portr. en couv. $c 18 cm
225 0  $a Meneurs d'hommes $v 12
300    $a Ex-dono Bernard Grelle (Ex. L/P 8-112 805)
339    $a m
410    $t Meneurs d'hommes $v 12
600 0  $9 19614 $7 ba0yba0y $8 fre    $a Baden-Powell $b Robert $f 1857-1941
606    $7 ba0yba0y $8 fre    $a Scouts $9 26153
700    $7 ba0yba0y $8 fre    $a Mauduit $b Jean $f 1921-.... $9 25982
702    $7 ba0yba0y $8 fre    $a Grelle $b Bernard $f 1943-.... $4 320 $9 81239
801  0 $a FR $b 595126101 $c 20070830 $g AFNOR
995    $0 0 $2 0 $4 0 $5 2005-03-24 $9 116388 $b MED $c MED $e MED3I $f C0003342508 $h PPEFGZZ $k MAG L/P 8/112 805 $o 2 $r PRETLIV $s MAG_LP_8112_805000000000000 $w 0 $y 2014-06-30

