00724na  a2200205   4500
001 103488
003 http://www.mediathequederoubaix.fr/ark:/20179/KH103488
005 20240516063800.0
035 00 $a HZ_RBX167870
090    $a 103488
091    $a 2 $b 20240516 $c 0
099    $t LI $c 2014-06-30 $d 2024-05-16 $x 0
100    $a 19       1956    k  y0frey5003    ba
101    $a eng
200    $a Jericho's Daughters $f a novel by Paul I. Wellman
210    $c Doubleday $d 1956
339    $a m
700 0  $a Wellman $b Paul $3 12952427 $9 286387
801  0 $a FR $b 595126101 $c 20050324 $g AFNOR
995    $0 0 $2 0 $4 0 $5 2005-03-24 $9 116599 $P 23.78 $b MED $c MED $e MED3E $f C0003064304 $h ACFLALE $k Mag. in-8/17 382 $o 0 $p 23.78 $r PRETLIV $s MAG___IN8_17_382000000000000 $w 0 $y 2014-06-30

