01229na  a2200277   4500
001 103632
003 http://www.mediathequederoubaix.fr/ark:/20179/KH103632
005 20240516063828.0
035 00 $a HZ_RBX168040
090    $a 103632
091    $a 2 $b 20240516 $c 0
099    $t LI $c 2014-06-30 $d 2024-05-16 $x 0
100    $a 19940228d1954    u  u0frey5003    ba
101    $a fre
102    $a FR
200    $a Les Dessins de Fragonard, par François Fosca. Notices analytiques et bibliographiques par François Daulte
210    $a Paris $c D. Perret $d 1954
215    $a In-8 ̊, XXVIII-72 p., pl., couv. mobile en coul.
300    $a Les pl. occupent les p. 1-47. - La Bibliothèque des arts, 4
300    $a La Bibliothèque des arts. 4. - Les pl. occupent les p. 1-47
339    $a m
700    $a Traz $b Georges Albert Édouard de $c pseud. François Fosca, Peter Coram
701    $7 ba0yba0y $8 fre    $a Fosca $b François $f 1881-1980 $3 12299189 $9 58668
701    $7 ba0yba0y $8 fre    $a Daulte $b François $f 1924-1998 $3 11898735 $9 28416
801  0 $a FR $b 595126101 $c 20050324 $g AFNOR
995    $0 0 $2 0 $4 0 $5 2005-03-24 $9 116774 $P 23.78 $b MED $c MED $e MED3E $f C0003075389 $h AZZMAZZ $k Mag. in-8/17 336 $o 0 $p 23.78 $r PRETLIV $s MAG___IN817_336_00000000000000 $w 1 $y 2014-06-30

