00914na  a2200217   4500
001 103780
003 http://www.mediathequederoubaix.fr/ark:/20179/KH103780
005 20240516064348.0
035 00 $a HZ_RBX168236
090    $a 103780
091    $a 2 $b 20240516 $c 0
099    $t LI $c 2014-06-30 $d 2024-05-16 $x 0
100    $a 19       1982    k  y0frey5003    ba
101    $a fre
200    $a La ballade de John et Yoko $f par la rédaction de RollingStone $g trad. de l'américain et annoté par Jean Bonnefoy et Philippe R. Hupp
210    $c Denoël $d 1982
339    $a m
702    $7 ba0yba0y $8 fre    $a Bonnefoy $b Jean $f 1950-.... $3 11892815 $9 8780
702    $7 ba0yba0y $8 fre    $a Hupp $b Philippe $f 1953-.... $3 11908057 $9 2748
801  0 $a FR $b 595126101 $c 20051103 $g AFNOR
995    $0 0 $2 0 $4 0 $5 2005-03-24 $9 116947 $P 24.00 $b MED $c MED $e MED3E $f C0003044655 $h AZZMAZZ $k Mag. in-8/17 207 $o 0 $p 24.00 $r PRETLIV $s MAG___IN817_207_00000000000000 $w 0 $y 2014-06-30

