01667nam a2200421   4500
001 103978
003 http://www.mediathequederoubaix.fr/ark:/20179/KH103978
010    $a 2-84105-128-5 $b rel. $d 490 F
020    $a FR $b 00141062
033    $a http://catalogue.bnf.fr/ark:/12148/cb37688389c
035    $a FRBNF376883890000000
039    $o OPL $a 02673907X
039    $o OPP $a 37741499 $d 20070524
090    $a 103978
091    $b 20240516 $c 1 $a 2
099    $t LI $c 2014-06-30 $d 2024-05-16 $x 0
100    $a 20010926d2001    m  y0frey50      ba
101 0  $a fre
102    $a FR
105    $a a   e   00|y|
106    $a r
181  0 $6 01 $a i  $b xxxe   $a b  $b xb2e  
181    $6 02 $c txt $c sti $2 rdacontent
182  0 $6 01 $a n
182    $6 02 $c n $2 rdamedia
200 1  $a Dictionnaire culturel des sciences $b Texte imprimé $e art, littérature, cinéma, sociologie, mythe... $f collectif sous la dir. de Nicolas Witkowski
210    $a Paris $c Regard $c [diff.] Seuil $d 2001 $e impr. en Italie
215    $a 441 p. $c ill. en noir et en coul., jaquette ill. $d 32 cm
300    $a Bibliogr., 1 p.
339    $a m
606    $3 11933232 $9 4599 $a Sciences $2 rameau
608    $3 11931877 $9 2172 $a Dictionnaires $2 rameau
676    $a 503 $v 23
686    $a 50 $2 Cadre de classement de la Bibliographie nationale française
702    $3 12228638 $9 9179 $o ISNI0000000117574359 $a Witkowski $b Nicolas $f 1949-2020 $4 651
801  0 $a FR $b FR-751131015 $c 20010926 $g AFNOR $h FRBNF376883890000000 $2 intermrc
999    $a FRBNF376883890000000
995    $0 0 $2 0 $4 0 $5 2005-03-24 $9 117161 $P 60.37 $b MED $c MED $e MED2B $f C0002983076 $h ACFUEZZ $k U ETUD/001.2 $o 2 $p 60.37 $r PRETLIV $s U_ETUD001_2_000000000000000 $w 0 $y 2014-06-30

