01769nam a2200445   4500
001 104180
003 http://www.mediathequederoubaix.fr/ark:/20179/KH104180
010    $a 2-87694-041-8 $b br. $d 148 F
020    $a FR $b 00002349
033    $a http://catalogue.bnf.fr/ark:/12148/cb37034991j
035    $a FRBNF370349910000009
039    $o OPL $a 024332662
090    $a 104180
091    $b 20240516 $c 1 $a 2
099    $t LI $c 2014-06-30 $d 2024-05-16 $x 6
100    $a 19990326d1998    m  y0frey50      ba
101 0  $a fre
102    $a FR
105    $a a   z   00|y|
106    $a r
181  0 $6 01 $a i  $b xxxe   $a b  $b xb2e  
181    $6 02 $c txt $c sti $2 rdacontent
182  0 $6 01 $a n
182    $6 02 $c n $2 rdamedia
200 1  $a Les mathématiques du Club olympique kangourou $b Texte imprimé $f Marc Bachmakov
210    $a Paris $c ACL-les Éd. du kangourou $d 1998 $e 94-Saint-Mandé $g Impr. PGE
215    $a 256 p. $c ill. en noir et en coul., couv. ill. en coul. $d 27 cm
225    $a Collection Lycées
300    $a Autre forme du titre : "Les mathématiques du COK"
300    $a Index
339    $a m
410  0 $0 36943033 $t Collection Lycées $d 1998
517 1  $a Les mathématiques du COK
606    $3 11932434 $9 16548 $a Mathématiques $2 rameau
608    $3 11975731 $9 921 $a Problèmes et exercices $2 rameau
686    $a 51  $2 Cadre de classement de la Bibliographie nationale française
700    $3 13522494 $9 274819 $o ISNI0000000001234168 $a Bašmakov $b Mark Ivanovič $f 1937-.... $4 070
801  0 $a FR $b FR-751131015 $c 19990326 $g AFNOR $h FRBNF370349910000009 $2 intermrc
999    $a FRBNF370349910000009
995    $0 0 $2 0 $4 0 $5 2005-03-24 $9 117393 $P 18.05 $b MED $c MED $e MED3A $f C0003138527 $h ACFSCZZ $k Doc./510 ABC $o 0 $p 18.05 $r PRETLIV $s DOC__510_000000000000000_ABC $w 51 $y 2019-08-28

