01898cam a2200445   4500
001 104349
003 http://www.mediathequederoubaix.fr/ark:/20179/KH104349
010    $a 2-87647-062-4 $b br. $d 144 F
020    $a FR $b 09006408
033    $a http://catalogue.bnf.fr/ark:/12148/cb350512702
035    $a FRBNF350512700000000
039    $o OPL $a 007502614
090    $a 104349
091    $b 20240516 $c 1 $a 2
099    $t LI $c 2014-06-30 $d 2024-05-16 $x 2
100    $a 19900122e19891899m  y0frey50      ba
101 0  $a fre
102    $a FR
105    $a a   z   00|||
106    $a r
181  0 $6 01 $a i  $b xxxe   $a b  $b xb2e  
181    $6 02 $c txt $c sti $2 rdacontent
182  0 $6 01 $a n
182    $6 02 $c n $2 rdamedia
200 1  $a Sur les fondements de la théorie des ensembles transfinis $b Texte imprimé $f Georg Cantor
205    $a [Reprod. en fac-sim.]
210    $a Paris $c Gabay $d 1989 $e 53-Mayenne $g Impr. de la Manutention
215    $a 1 vol. (p. 344-437) $d 24 cm
324    $a Fac-sim. de deux articles extr. des "Mémoires de la Société des sciences physiques et naturelles de Bordeaux", 1899
330    $a Réédition de la traduction de deux mémoires fondamentaux du célèbre mathématicien.
339    $a m
606    $3 13318550 $9 61250 $a Théorie des ensembles $2 rameau
676    $a 511.322 $v 23
686    $a 51 $2 Cadre de classement de la Bibliographie nationale française
686    $a 510 $2 Cadre de classement de la Bibliographie nationale française
700    $3 12137160 $9 61251 $o ISNI0000000108895716 $a Cantor $b Georg $f 1845-1918 $4 070
801  0 $a FR $b FR-751131015 $c 19900122 $g AFNOR $h FRBNF350512700000000 $2 intermrc
856 4  $u http://gallica.bnf.fr/ark:/12148/bpt6k29057h
999    $a FRBNF350512700000000
995    $0 0 $2 0 $4 0 $5 2005-03-24 $9 117590 $P 17.56 $b MED $c MED $e MED3E $f C0003138789 $h ACFSCZZ $k Mag.in-8/45 403 $o 0 $p 17.56 $r PRETLIV $s MAG__IN8_45_403000000000000 $w 6 $y 2018-12-07

