01520cam a22003733  4500
001 104461
003 http://www.mediathequederoubaix.fr/ark:/20179/KH104461
010    $d 7,50 NF
033    $a http://catalogue.bnf.fr/ark:/12148/cb33028868z
035    $a FRBNF330288680000002
039    $o CRI $a LX001002410102P
090    $a 104461
091    $a 2 $b 20240516 $c 1
099    $t LI $c 2014-06-30 $d 2024-05-16 $x 0
100    $a 19970701d1960    m  y0frey50      ba
101 1  $a fre $c spa
102    $a FR
105    $a ||||z   00|||
106    $a r
181  0 $6 01 $a i  $b xxxe  
181    $6 02 $c txt $2 rdacontent
182  0 $6 01 $a n
182    $6 02 $c n $2 rdamedia
200 1  $a Du côté de Barcelone $b Texte imprimé $e roman $f Luis Goytisolo $g traduit de l'espagnol par Jean-Francis Reille et Jean-Loup Dabadie
210    $a Paris $c Éditions du Seuil $d 1960 $e Lagny $g impr. Grevin et fils
215    $a 254 p. $c portrait sur la couv. $d 19 cm
339    $a m
454  1 $t Las Afueras
700    $3 11999386 $9 61283 $o ISNI0000000384749870 $a Goytisolo $b Luis $f 1935-.... $4 070
702    $3 13892904 $9 13034 $o ISNI0000000109011492 $a Dabadie $b Jean-Loup $f 1938-2020 $4 730
702    $3 12524363 $9 1101 $o ISNI0000000117606592 $a Reille $b Jean-Francis $f 1923-1994 $4 730
801  0 $a FR $b FR-751131015 $c 19970701 $g AFNOR $h FRBNF330288680000002 $2 intermrc
999    $a FRBNF330288680000002
995    $0 0 $2 0 $4 0 $5 2005-03-24 $9 117707 $P 23.78 $b MED $c MED $e MED3E $f C0003079202 $h ALTROZZ $k Mag. in-8/16 536 $o 0 $p 23.78 $r PRETLIV $s MAG___IN8_16_536000000000000 $w 0 $y 2014-06-30

