01365nam a22003373n 4500
001 104629
003 http://www.mediathequederoubaix.fr/ark:/20179/KH104629
033    $a http://catalogue.bnf.fr/ark:/12148/cb32916613v
035    $a FRBNF329166130000003
039    $o CRI $a LX000205380101P 
090    $a 104629
091    $a 2 $b 20240516 $c 1
099    $t LI $c 2014-06-30 $d 2024-05-16 $x 0
100    $a 19970701d1960    m  y0frey50      ba
101 0  $a fre
102    $a FR
105    $a ||||z   00|||
106    $a r
181  0 $6 01 $a i  $b xxxe  
181    $6 02 $c txt $2 rdacontent
182  0 $6 01 $a n
182    $6 02 $c n $2 rdamedia
200 1  $a L'Heure juste ["Kurz nach vier"], roman traduit de l'allemand par Addy-Frédérique $b Texte imprimé $f Ulrich Becher
210    $a Paris $c Éditions du Seuil (Ligugé, impr. Aubin) $d 1960
215    $a In-16 (19 cm), 223 p., portrait sur la couv. 7,50 NF. [D. L. 9590-60]
339    $a m
700    $3 11890871 $9 318024 $o ISNI0000000110223783 $a Becher $b Ulrich $4 070
702    $3 10986883 $9 317006 $o ISNI0000000388953748 $a Addy-Frédérique $4 730
801  0 $a FR $b FR-751131015 $c 19970701 $g AFNOR $h FRBNF329166130000003 $2 intermrc
999    $a FRBNF329166130000003
995    $0 0 $2 0 $4 0 $5 2005-03-24 $9 117883 $P 23.78 $b MED $c MED $e MED3E $f C0003084207 $h AZZMAZZ $k Mag. in-8/16 672 $o 0 $p 23.78 $r PRETLIV $s MAG___IN816_672_00000000000000 $w 0 $y 2014-06-30

