01076na  a2200313   4500
001 104795
003 http://www.mediathequederoubaix.fr/ark:/20179/KH104795
005 20240516065742.0
010    $a 2-7234-3046-4 $b Cart. $d 15.09 EUR.
035 00 $a HZ_RBX169700
090    $a 104795
091    $a 2 $b 20240516 $c 0 $s http://www.sudoc.fr/057853576 $m 3
099    $t LI $c 2014-06-30 $d 2024-05-16 $x 9
100    $a 19990826d1999        0frey5003    ba
101    $a fre
102    $a FR
105    $a a       0||y|
106    $a r
200    $a Atlas pratique de la photo
210    $a Evreux $c Atlas $d 1999
215    $a 240 p. $c ill. en coul. $d 29 x 22 cm
225 2  $a Atlas pratique
330    $a La technique, l'équipement, le portrait et autres thèmes.
339    $a m
410    $t Atlas pratique
606 0  $a Photographie $x Manuels d'amateurs $2 rameau
676    $a 770 $v 99
801  0 $a FR $b 595126101 $c 20070903 $g AFNOR
995    $0 0 $2 0 $4 0 $5 2005-03-24 $9 118074 $P 13.64 $b MED $c MED $e MED1A $f C0004032782 $h AAPATAP $k Doc./772 PRA $o 0 $p 13.64 $r PRETLIV $s DOC___772_000000000000000_PRA $w 29 $y 2023-01-03

