01394cam a22003733  4500
001 104919
003 http://www.mediathequederoubaix.fr/ark:/20179/KH104919
010    $d 450 F
033    $a http://catalogue.bnf.fr/ark:/12148/cb32470624f
035    $a FRBNF324706240000008
039    $o CRI $a SU080411190001P
039    $o OPP $a 36567457 $d 20090318
090    $a 104919
091    $a 2 $b 20240516 $c 1
099    $t LI $c 2014-06-30 $d 2024-05-16 $x 1
100    $a 19970701d1954    m  y0frey50      ba
101 0  $a fre
102    $a FR
105    $a ||||z   00|||
106    $a r
181  0 $6 01 $a i  $b xxxe  
181    $6 02 $c txt $2 rdacontent
182  0 $6 01 $a n
182    $6 02 $c n $2 rdamedia
200 1  $a La naissance de Vénus $b Texte imprimé $e roman $f Gérard Mourgue
210    $a Paris $c R. Julliard $d 1954 $g Impr. de M. Blondin
215    $a 1 vol. (214 p.) $d in-16
339    $a m
686    $a 840 $2 Cadre de classement de la Bibliographie nationale française
700    $3 11917088 $9 85822 $o ISNI0000000109019048 $a Mourgue $b Gérard $f 1921-1995 $4 070
801  0 $a FR $b FR-751131015 $c 19970701 $g AFNOR $h FRBNF324706240000008 $2 intermrc
856 4  $u http://gallica.bnf.fr/ark:/12148/bpt6k3356764w
999    $a FRBNF324706240000008
995    $0 0 $2 0 $4 0 $5 2005-03-24 $9 118208 $P 23.78 $b MED $c MED $e MED3E $f C0003100980 $h ALTROZZ $k Mag. in-8/16 444 $o 0 $p 23.78 $r PRETLIV $s MAG___IN8_16_444000000000000 $w 1 $y 2021-08-24

