02326nam a2200457   4500
001 105041
003 http://www.mediathequederoubaix.fr/ark:/20179/KH105041
010    $a 2-211-05936-8 $b br. $d Prix : 48 F : 7,32 EUR
020    $a FR $b 00114104
033    $a http://catalogue.bnf.fr/ark:/12148/cb37217168g
035    $a FRBNF372171680000009
039    $o OPL $a 02621500X
073  0 $a 9782211059367 $2 ALS
090    $a 105041
091    $b 20240516 $c 1 $a 2
099    $t LI $c 2014-06-30 $d 2024-05-16 $x 5
100    $a 20010319d2001    a  y0frey50      ba
101 0  $a fre
102    $a FR
105    $a a   z   00|a|
106    $a r
181  0 $6 01 $a i  $b xxxe   $a b  $b xb2e  
181    $6 02 $c txt $c sti $2 rdacontent
182  0 $6 01 $a n
182    $6 02 $c n $2 rdamedia
200 1  $a Fais pas le clown, papa ! $b Texte imprimé $f Valérie Zenatti $g ill. de Kimiko
210    $a Paris $c l'École des loisirs $d 2001 $e 27-Évreux $g Impr. Hérissey
215    $a 78 p. $c ill., couv. ill. en coul. $d 19 cm
225    $a Mouche
321    $a La Revue des livres pour enfants. Sélection annuelle
329    $a Le père de Jessica a " une bonne mauvaise nouvelle à annoncer ". Il est licencié et décide de devenir clown. Mais " être clown, ce n'est pas... sérieux ! ", et la petite fille, d'abord ravie d'avoir le papa le plus drôle de toute sa classe, ressent bientôt la honte. Heureusement quand l'envie et le talent se rejoignent, les choses s'arrangent d'elles-mêmes. Un livre original sur le poids du regard des autres.
333    $a À partir de 9 ans $2 CNLJ $k Avis critique donné par le Centre national de la littérature pour la jeunesse
339    $a a
410  0 $0 34247192 $t Mouche (Paris) $x 0988-0364 $d 2001
608    $a Romans $2 CNLJ $k Avis critique donné par le Centre national de la littérature pour la jeunesse
686    $a 823 $2 Cadre de classement de la Bibliographie nationale française
700    $3 13549841 $9 51977 $o ISNI0000000121358691 $a Zenatti $b Valérie $f 1970-.... $4 070
702    $3 12302893 $9 51978 $o ISNI0000000386814218 $a Kimiko $f 1963-.... $4 440
801  0 $a FR $b FR-751131015 $c 20010319 $g AFNOR $h FRBNF372171680000009 $2 intermrc
999    $a FRBNF372171680000009
995    $0 0 $2 0 $4 0 $5 2005-03-24 $9 118339 $P 5.49 $b MED $c MED $e MED0A $f C0003206516 $h JROROZZ $k EXT E R/ZEN $o 0 $p 5.49 $r PRETLIV $s EXT_E_RZEN $w 13 $y 2017-03-15

