01538cam a22003613  4500
001 105207
003 http://www.mediathequederoubaix.fr/ark:/20179/KH105207
033    $a http://catalogue.bnf.fr/ark:/12148/cb323680637
035    $a FRBNF323680630000003
039    $o CRI $a SU069709230001P
090    $a 105207
091    $a 2 $b 20240516 $c 1
099    $t LI $c 2014-06-30 $d 2024-05-16 $x 0
100    $a 19970701d1957    m  y0frey50      ba
101 0  $a fre
102    $a FR
105    $a ||||z   00|||
106    $a r
181  0 $6 01 $a i  $b xxxe  
181    $6 02 $c txt $2 rdacontent
182  0 $6 01 $a n
182    $6 02 $c n $2 rdamedia
200 1  $a Gaston Olivier, aumônier du roi Henri II (1552) $b Texte imprimé $e bibliothèque parisienne et mobilier du XVIe siècle $f Françoise Lehoux,...
210    $a Paris $b 54, rue Vaneau $c l'auteur $d 1957 $e Luçon $g impr. S. Pacteau
215    $a 1 vol. (302 p.) $c plan, tableau généalogique $d 25 cm
300    $a Testament et inventaire des biens meubles de Gaston Olivier
339    $a m
686    $a 944 $2 Cadre de classement de la Bibliographie nationale française
700    $3 12399470 $9 287209 $o ISNI0000000108630283 $a Lehoux $b Françoise $f 1902-1991 $4 070
801  0 $a FR $b FR-751131015 $c 19970701 $g AFNOR $h FRBNF323680630000003 $2 intermrc
856 4  $u http://gallica.bnf.fr/ark:/12148/bpt6k1415190q
999    $a FRBNF323680630000003
995    $0 0 $2 0 $4 0 $5 2005-03-24 $9 118531 $P 23.78 $b MED $c MED $e MED3E $f C0003085790 $h ACFHSZZ $k Mag. in-8/16 349 $o 0 $p 23.78 $r PRETLIV $s MAG___IN8_16_349000000000000 $w 0 $y 2014-06-30

