01587nam a2200361   4500
001 105340
003 http://www.mediathequederoubaix.fr/ark:/20179/KH105340
005 20220901033630.0
010    $a 2-908271-17-6
011    $a 0299-1020
033    $a http://catalogue.bnf.fr/ark:/12148/cb35792643j
035 00 $a HZ_RBX170417
090    $a 105340
091    $a 0
099    $t LI $c 2014-06-30 $d 2022-09-01 $x 0
100    $a 19       1995    k  y0frey5003    ba
101    $a fre
200    $a Flandre, entre Yser et canal de Furnes $e Nord et Flandre occidentale $f textes Claude Delacroix-Vandalle, Pierre-Louis Laget, Anne-Marie Delepiere,...[et al.] $g photogr. Pierre Thibaut,... [et al.]
210    $c L'Inventaire $d 1995
215    $a 128 p. $c ill. en coul., couv. ill. en coul. $d 30 cm
225 0  $a Images du patrimoine $v 150
339    $a m
410    $t Images du patrimoine $v 150
606 0  $9 239543 $a Architecture flamande $y France $x Ouvrages illustrés
676    $a 720.944 2
700 0  $9 186850 $a Delacroix-Vandalle $b Claude
701 0  $9 163395 $a Laget $b Pierre-Louis
701 0  $9 186851 $a Delepiere $b Anne-Marie
702 0  $9 155671 $4 600 $a Thibault $b Pierre
710    $4 650 $7 ba0yba0y $8 fre    $a France $b Inventaire général des monuments et des richesses artistiques de la France $9 18940
801  0 $a FR $b 595126101 $c 20110219 $g AFNOR
930    $5 595126101:C0002927703 $b 595126101 $a MAG L/P 4/208 843 $e Fonds patrimonial
995    $0 0 $2 0 $4 0 $5 2005-03-24 $9 118684 $P 30.49 $b MED $c MED $e MED3J $f C0002927703 $h PPEFGZZ $k MAG L/P 4/208 843 $o 2 $p 30.49 $r PRETLIV $s MAG_LP_4208_843000000000000 $w 0 $y 2014-06-30

