00793nj  a2200205   4500
001 105475
003 http://www.mediathequederoubaix.fr/ark:/20179/KH105475
005 20240516070614.0
035 00 $a HZ_RBX170567
090    $a 105475
091    $a 1 $b 20240516 $c 0
099    $t DC $c 2014-06-30 $d 2024-05-16 $x 0
100    $a 19               k  y0frey5003    ba
101    $a fre
200    $a Nous sommes sulfureux $b Enr. sonore
339    $a m
700    $7 ba0yba0y $8 fre    $a Prudent $b Jean-Pierre $f 1960-.... $3 15066999 $9 61638
801  0 $a FR $b 595126101 $c 20050324 $g AFNOR
930    $5 595126101:C0003084312 $b 595126101 $a FLRSON DC/1235 $e Fonds local et régional sonore
995    $0 0 $2 0 $4 0 $5 2005-03-24 $9 118840 $P 0.15 $b MED $c MED $e MED3C $f C0003084312 $h PENRSZZ $k FLRSON DC/1235 $o 2 $p 0.15 $r PRETSON $s FLRSON_DC1235 $w 0 $y 2014-06-30

