01409nam a22003493n 4500
001 105584
003 http://www.mediathequederoubaix.fr/ark:/20179/KH105584
033    $a http://catalogue.bnf.fr/ark:/12148/cb32385200k
035    $a FRBNF323852000000008
039    $o CRI $a SU071407750001P  
090    $a 105584
091    $a 2 $b 20240516 $c 1
099    $t LI $c 2014-06-30 $d 2024-05-16 $x 0
100    $a 19970701d1951    m  y0frey50      ba
101 0  $a fre
102    $a FR
105    $a ||||z   00|||
106    $a r
181  0 $6 01 $a i  $b xxxe  
181    $6 02 $c txt $2 rdacontent
182  0 $6 01 $a n
182    $6 02 $c n $2 rdamedia
200 1  $a N. List. L'État d'Israël devant le monde $b Texte imprimé
210    $a Paris, la Documentation permanente (Impr. Réaumur-Clichy) $d 1951. In-8° (220 x 165), 224 p., cartes, couv. en coul. [D. L. 8048-51] -VIIIf-
339    $a m
607    $3 15351402 $9 295894 $a Palestine (Jordanie, 1948-1967) $2 AFNOR NF Z 44-081
607    $3 15289968 $9 295895 $a Israël $2 AFNOR NF Z 44-081
610 0  $a Etat. Palestine. Israël (SGE_OM)
700    $3 11339202 $9 287264 $a Liestwinsky $b Nachman $4 070
801  0 $a FR $b FR-751131015 $c 19970701 $g AFNOR $h FRBNF323852000000008 $2 intermrc
999    $a FRBNF323852000000008
995    $0 0 $2 0 $4 0 $5 2005-03-24 $9 118953 $P 23.78 $b MED $c MED $e MED3E $f C0001787647 $h ACFHSZZ $k Mag. in-8/15 826 $o 0 $p 23.78 $r PRETLIV $s MAG___IN8_15_826000000000000 $w 0 $y 2014-06-30

