01390cam a22003493  4500
001 105894
003 http://www.mediathequederoubaix.fr/ark:/20179/KH105894
033    $a http://catalogue.bnf.fr/ark:/12148/cb31848596w
035    $a FRBNF318485960000006
039    $o CRI $a SU016700300001P
090    $a 105894
091    $a 2 $b 20240516 $c 1
099    $t LI $c 2014-06-30 $d 2024-05-16 $x 0
100    $a 19960729d1935    m  y0frey50      ba
101 0  $a fre
102    $a FR
105    $a ||||z   00|y|
106    $a r
181  0 $6 01 $a i  $b xxxe  
181    $6 02 $c txt $2 rdacontent
182  0 $6 01 $a n
182    $6 02 $c n $2 rdamedia
200 1  $a Extraits des chansons de geste $e publiés, traduits et annotés avec une notice... des jugements, un questionnaire et des sujets de devoirs $b Texte imprimé $f par Robert Bossuat,...
210    $a Montrouge $c Larousse $d 1935
215    $a 1 vol. (110 p.) $d 17 cm
225    $a Classiques Larousse
339    $a m
410  0 $0 34230097 $t Classiques Larousse (1933) $x 0297-4452 $d 1935
702    $3 11893071 $9 10334 $o ISNI0000000108861436 $a Bossuat $b Robert $f 1888-1968 $4 340
801  0 $a FR $b FR-751131015 $c 19960729 $g AFNOR $h FRBNF318485960000006 $2 intermrc
999    $a FRBNF318485960000006
995    $0 0 $2 0 $4 0 $5 2005-03-24 $9 119329 $P 15.55 $b MED $c MED $e MED3E $f C0003091296 $h AZZMAZZ $k Mag. in-8/15 633 $o 0 $p 15.55 $r PRETLIV $s MAG___IN815_633_00000000000000 $w 0 $y 2014-06-30

