01886nam a2200421   4500
001 106040
003 http://www.mediathequederoubaix.fr/ark:/20179/KH106040
010    $a 2-226-04867-7 $b br. $d 120 F
020    $a FR $b 09031193
033    $a http://catalogue.bnf.fr/ark:/12148/cb35103173f
035    $a FRBNF351031730000000
039    $o OPL $a 008594836
090    $a 106040
091    $b 20240516 $c 1 $a 2
099    $t LI $c 2014-06-30 $d 2024-05-16 $x 10
100    $a 19901017d1990    m  y0frey50      ba
101 0  $a fre
102    $a FR
105    $a ||||z   00|a|
106    $a r
181  0 $6 01 $a i  $b xxxe  
181    $6 02 $c txt $2 rdacontent
182  0 $6 01 $a n
182    $6 02 $c n $2 rdamedia
200 1  $a À la poursuite d'Octobre rouge $b Texte imprimé $e roman $f Tom Clancy $g trad. de l'américain par Marianne Véron, avec la collab. de Jean Sabbagh,...
210    $a Paris $c A. Michel $d 1990 $e 18-Saint-Amand-Montrond $g Impr. SEPC
215    $a 484 p. $c couv. ill. $d 24 cm
300    $a Précédemment paru sous le titre : "Octobre rouge"
330    $a L'histoire de la désertion d'Octobre rouge, sous-marin soviétique ultra-sophistiqué, traqué par la flotte soviétique et poursuivi par l'armada américaine. Adapté au cinéma par John Mc Tiernan.
339    $a m
454  1 $t The Hunt for Red October
686    $a 823 $2 Cadre de classement de la Bibliographie nationale française
700    $3 12051004 $9 49436 $o ISNI0000000122840156 $a Clancy $b Tom $f 1947-2013 $4 070
702    $3 11928059 $9 190 $o ISNI0000000109087374 $a Véron $b Marianne $4 730
702    $3 11923205 $9 61784 $o ISNI0000000023626752 $a Sabbagh $b Jean $f 1917-2006 $4 730
801  0 $a FR $b FR-751131015 $c 19901017 $g AFNOR $h FRBNF351031730000000 $2 intermrc
999    $a FRBNF351031730000000
995    $0 0 $2 0 $4 0 $5 2005-03-24 $9 119495 $P 14.86 $b MED $c MED $e MED1A $f C0003128001 $h ALTROPL $k RP/CLA $o 0 $p 14.86 $r PRETLIV $s RP_CLA $w 53 $y 2023-12-05

