01424cam a22003493  4500
001 106177
003 http://www.mediathequederoubaix.fr/ark:/20179/KH106177
010    $d 200 F
033    $a http://catalogue.bnf.fr/ark:/12148/cb334371738
035    $a FRBNF334371730000004
039    $o CRI $a AN035708040001P
090    $a 106177
091    $a 2 $b 20240516 $c 1
099    $t LI $c 2014-06-30 $d 2024-05-16 $x 0
100    $a 19970701d1955    m  y0frey50      ba
101 0  $a fre
102    $a FR
105    $a ||||z   00|||
106    $a r
181  0 $6 01 $a i  $b xxxe  
181    $6 02 $c txt $2 rdacontent
182  0 $6 01 $a n
182    $6 02 $c n $2 rdamedia
200 1  $a "Intermezzo" $b Texte imprimé $e Répertoire et voyages $f [frontispice de Maurice Brianchon]
210    $a Paris $c R. Julliard $d 1955 $e Paris $g Impr. de Chantenay
215    $a 1 vol. (128 p.) $c planche, portr., fac-similé, couv. ill. $d in-16
305    $a Numéro de : Cahiers de la Compagnie Madeleine Renaud-Jean-Louis Barrault = ISSN 0008-0470, 10e cahier, 3e année (1955)
339    $a m
702    $3 12406062 $9 77984 $o ISNI0000000078193907 $a Brianchon $b Maurice $f 1899-1979 $4 440
801  0 $a FR $b FR-751131015 $c 19970701 $g AFNOR $h FRBNF334371730000004 $2 intermrc
999    $a FRBNF334371730000004
995    $0 0 $2 0 $4 0 $5 2005-03-24 $9 119638 $P 23.78 $b MED $c MED $e MED3E $f C0003104552 $h AZZMAZZ $k Mag. in-8/15 528 $o 0 $p 23.78 $r PRETLIV $s MAG___IN815_528_00000000000000 $w 0 $y 2014-06-30

