01448cam a22003733  4500
001 106311
003 http://www.mediathequederoubaix.fr/ark:/20179/KH106311
010    $d 9,90 NF
033    $a http://catalogue.bnf.fr/ark:/12148/cb329288629
035    $a FRBNF329288620000001
039    $o CRI $a LX000305050208PV001
039    $o OPP $a 36260609 $d 20061114
090    $a 106311
091    $a 2 $b 20240516 $c 1
099    $t LI $c 2014-06-30 $d 2024-05-16 $x 0
100    $a 19970701d1959    m  y0frey50      ba
101 0  $a fre
102    $a FR
105    $a ||||z   00|||
106    $a r
181  0 $6 01 $a i  $b xxxe  
181    $6 02 $c txt $2 rdacontent
182  0 $6 01 $a n
182    $6 02 $c n $2 rdamedia
200 1  $a Histoire d'une vie $h 6 $i L' année ténébreuse, 3 janvier 1917-21 mars 1918 $b Texte imprimé $f Henry Bordeaux,...
210    $a Paris $c Plon $d 1959 $e Paris $g impr. Plon
215    $a 1 vol. (311 p.) $d 20 cm
339    $a m
493    $1 Histoire d'une vie / Henry Bordeaux, ... $1 Plon (impr. Plon) , 1951-1966
517 1  $a L'année ténébreuse, 3 janvier 1917-21 mars 1918
700    $3 11892936 $9 30406 $o ISNI0000000121347642 $a Bordeaux $b Henry $f 1870-1963 $4 070
801  0 $a FR $b FR-751131015 $c 19970701 $g AFNOR $h FRBNF329288620000001 $2 intermrc
999    $a FRBNF329288620000001
995    $0 0 $2 0 $4 0 $5 2005-03-24 $9 119787 $P 23.78 $b MED $c MED $e MED3E $f C0003109374 $h ACFHSZZ $k Mag. in-8/15 345 $o 0 $p 23.78 $r PRETLIV $s MAG___IN8_15_345000000000000 $w 0 $y 2014-06-30

