01046nam a2200265   4500
001 106442
003 http://www.mediathequederoubaix.fr/ark:/20179/KH106442
005 20191201020007.0
035 00 $a HZ_RBX171820
090    $a 106442
091    $a 0
099    $t LI $c 2014-06-30 $d 2014-06-30 $x 0
100    $a 19       1812    k  y0frey5003    ba
101    $a fre
200    $a L'esprit de l'improvisateur français ou choix de bons mots, facéties, anecdotes, etc.
210    $a Paris $c chez Blankenstein $d 1812
215    $a 282 p. $d 12 ̊(17 cm)
300    $a Inventaire ENSAIT n ̊5747
300    $a Don de la famille Wattel-Roussel de Roubaix, le 11 mars 1911
339    $a m
606 0  $7 ba0yba0y $8 fre    $a Anecdotes $9 5767
702    $9 187194 $a Wattel-Roussel $c famille
801  0 $a FR $b 595126101 $c 20070830 $g AFNOR
930    $5 595126101:C0003080091 $b 595126101 $a MAG L/P 8/111 645 $e Fonds patrimonial
995    $0 0 $2 0 $4 0 $5 2005-03-24 $9 119929 $b MED $c MED $e MED3I $f C0003080091 $h PPEFGZZ $k MAG L/P 8/111 645 $o 2 $r PRETLIV $s MAG_LP_8111_645000000000000 $w 0 $y 2014-06-30

