01879cam a22004213  4500
001 106615
003 http://www.mediathequederoubaix.fr/ark:/20179/KH106615
010    $d 12 FRF
033    $a http://catalogue.bnf.fr/ark:/12148/cb316840005
035    $a FRBNF316840000000009
039    $o CRI $a CG023001690104P
039    $o OPP $a 32518435 $d 20061206
090    $a 106615
091    $a 2 $b 20240519 $c 1
099    $t LI $c 2014-06-30 $d 2024-05-19 $x 0
100    $a 19970701d1943    m  y0frey50      ba
101 0  $a fre
102    $a FR
105    $a ||||z   00|||
106    $a r
181  0 $6 01 $a i  $b xxxe  
181    $6 02 $c txt $2 rdacontent
182  0 $6 01 $a n
182    $6 02 $c n $2 rdamedia
200 1  $a La Savoie $b Texte imprimé $f par Henry Bordeaux, G. Jean Aubry, René Pernoud, A. Van Gennep, Edmond Zeiger
210    $a Paris $c F. Sorlot $d 1943 $e 92-Fontenay-aux-Roses $g impr. de L. Bellenand
215    $a 24 p. $c fig., couv. ill. $d 29 cm
300    $a L'article de E. Zeiger-Viallet, intitulé "La Savoie sous la neige", occupe les p. 16-17
300    $a N° de : "Visages du monde, cahiers d'art et de littérature", ISSN 1256-4184, 1943(80)
305    $a Numéro de : Visages du monde (Paris) = ISSN 1256-4184, 80 (1943)
339    $a m
700    $3 11892936 $9 30406 $o ISNI0000000121347642 $a Bordeaux $b Henry $f 1870-1963 $4 070
701    $3 13069476 $9 295938 $o ISNI0000000458464561 $a Zeiger-Viallet $b Edmond-H. $4 070
701    $3 11927589 $9 26699 $o ISNI0000000121441444 $a Van Gennep $b Arnold $f 1873-1957 $4 070
701    $3 11908699 $9 53597 $o ISNI0000000115893428 $a Jean-Aubry $b G. $f 1882-1950 $4 070
801  0 $a FR $b FR-751131015 $c 19970701 $g AFNOR $h FRBNF316840000000009 $2 intermrc
999    $a FRBNF316840000000009
995    $0 0 $2 0 $4 0 $5 2005-03-24 $9 120118 $P 23.78 $b MED $c MED $e MED3E $f C0003101863 $h AZZMAZZ $k Mag. in-8/15 105 $o 0 $p 23.78 $r PRETLIV $s MAG___IN815_105_00000000000000 $w 0 $y 2014-06-30

