01100nam a2200253   4500
001 106740
003 http://www.mediathequederoubaix.fr/ark:/20179/KH106740
005 20220927024425.0
035 00 $a HZ_RBX172197
090    $a 106740
091    $a 0
099    $t LI $c 2014-06-30 $d 2022-09-27 $x 0
100    $a 19       1844    k  y0frey5003    ba
101    $a fre
200    $a Abrégé de géographie rédigé sur un nouveau plan d'après les derniers traités de paix et les découvertes les plus récentes, par Adrien Balbi
205    $a 3e éd., revue et considérablement augm. par l'auteur, et accompagnée de 24 cartes et plans
210    $a A Paris $c chez Jules Renouard et Cie $d 1844
215    $a LXXII-1364 p. $d 23 cm
339    $a m
606    $7 ba0yba0y $8 fre    $a Géographie $9 4943
700 0  $9 187293 $a Balbi $b Adrien
801  0 $a FR $b 595126101 $c 20070903 $g AFNOR
930    $5 595126101:C0003081550 $b 595126101 $a MAG L/P 8/111 753 $e Fonds patrimonial
995    $0 0 $2 0 $4 0 $5 2005-03-24 $9 120263 $b MED $c MED $e MED3I $f C0003081550 $h PPEFGZZ $k MAG L/P 8/111 753 $o 2 $r PRETLIV $s MAG_LP_8111_753000000000000 $w 0 $y 2014-06-30

