01591nam a2200373   4500
001 106941
003 http://www.mediathequederoubaix.fr/ark:/20179/KH106941
010    $a 2-213-61083-5 $b br. $d Prix : 10 EUR : 65,60 F
020    $a FR $b 00147509
033    $a http://catalogue.bnf.fr/ark:/12148/cb376918747
035    $a FRBNF376918740000007
039    $o OPL $a 026844483
090    $a 106941
091    $b 20240519 $c 1 $a 2
099    $t LI $c 2014-06-30 $d 2024-05-19 $x 1
100    $a 20011026d2001    m  y0frey50      ba
101 0  $a fre
102    $a FR
105    $a ||||z   00|a|
106    $a r
181  0 $6 01 $a i  $b xxxe  
181    $6 02 $c txt $2 rdacontent
182  0 $6 01 $a n
182    $6 02 $c n $2 rdamedia
200 1  $a Novembres $b Texte imprimé $e nouvelles $f Martine Delerm
210    $a Paris $c Fayard $d 2001 $e 18-Saint-Amand-Montrond $g Bussière Camedan impr.
215    $a 148 p. $d 19 cm
330    $a Recueil de nouvelles sur le thème de ce mois marqué par le mélange de vie et de mort, synonyme aussi de passage et de recommencement mêlés. Temps de toutes les hésitations, de toutes les tentations, lieu privilégié de rencotre avec soi-même.
339    $a m
686    $a 823 $2 Cadre de classement de la Bibliographie nationale française
700    $3 12051003 $9 15238 $o ISNI0000000055098181 $a Delerm $b Martine $f 1950-.... $4 070
801  0 $a FR $b FR-751131015 $c 20011026 $g AFNOR $h FRBNF376918740000007 $2 intermrc
999    $a FRBNF376918740000007
995    $0 0 $2 0 $4 0 $5 2005-03-24 $9 120471 $P 8.00 $b MED $c MED $e MED1A $f C0003119280 $h ALTTCNV $k NVL/DEL $o 0 $p 8.00 $r PRETLIV $s NVLDEL $w 12 $y 2018-03-03

