01006na  a2200277   4500
001 107130
003 http://www.mediathequederoubaix.fr/ark:/20179/KH107130
005 20240316212005.0
010    $a 2-259-18694-7
033    $a http://catalogue.bnf.fr/ark:/12148/cb37221266t
035 00 $a HZ_RBX172706
090    $a 107130
091    $a 0
099    $t LI $c 2014-06-30 $d 2024-03-16 $x 38
100    $a 19       2000    k  y0frey5003    ba
101    $a fre
200    $a Les héritières $h 3 $i Céline $f Jacques Duquesne
210    $a Paris $c Plon $c Le Seuil $d 2000
215    $a 296 p. $c couv. ill. en coul. $d 22 cm
339    $a m
517    $a Céline
607    $9 141027 $a Lille (Nord) $x Roman
700    $a Duquesne $b Jacques $f 1930-.... $9 33173
801  0 $a FR $b 595126101 $c 20120406 $g AFNOR
930    $5 595126101:C0004471839 $b 595126101 $a FR/R DUQ $e Fonds régional de prêt
995    $0 0 $2 0 $4 0 $5 2007-05-25 $9 120671 $P 18.00 $b MED $c MED $e MED0C $f C0004471839 $h PRRRGZZ $k FR/R DUQ $o 0 $p 18.00 $r PRETLIV $s FR_R_DUQ $w 56 $y 2024-04-06 $7 Decitre

