01041nam a2200265   4500
001 107267
003 http://www.mediathequederoubaix.fr/ark:/20179/KH107267
005 20220627054329.0
035 00 $a HZ_RBX172861
090    $a 107267
091    $a 0
099    $t LI $c 2014-06-30 $d 2022-06-27 $x 0
100    $a 19       1892    k  y0frey5003    ba
101    $a fre
200    $a Un registre d'Etat-civil $e commune d'Houplin-lez-Seclin $f par l'abbé Th. Leuridan ...
210    $a Roubaix (Nord) $c Impr. A. Reboux $d 1892
215    $a 22 p. $d 28 cm
300    $a Ex-libris ms. R. Meaugsoone ?
310    $a Ex. n ̊71/100
339    $a m
606 0  $9 249301 $a Registres de l'état civil $y France $y Houplin-Lez-Seclin (Nord)
700    $7 ba0yba0y $8 fre    $a Leuridan $b Théodore $f 1860-1933 $9 149817
801  0 $a FR $b 595126101 $c 20070830 $g AFNOR
930    $5 595126101:C0003115391 $b 595126101 $a BR 4/2341 $e Fonds patrimonial
995    $0 0 $2 0 $4 0 $5 2005-03-24 $9 120835 $b MED $c MED $e MED3N $f C0003115391 $h PPEFGZZ $k BR 4/2341 $o 2 $r PRETLIV $s BR_42341_000000000000000 $w 0 $y 2014-06-30

