01175cam a22003253n 4500
001 107398
003 http://www.mediathequederoubaix.fr/ark:/20179/KH107398
033    $a http://catalogue.bnf.fr/ark:/12148/cb33213479f
035    $a FRBNF332134790000003
039    $o CRI $a LX002205131102P
090    $a 107398
091    $a 2 $b 20240519 $c 1
099    $t LI $c 2014-06-30 $d 2024-05-19 $x 0
100    $a 19970701d1961    m  y0frey50      ba
101 0  $a fre
102    $a FR
105    $a ||||z   00|||
106    $a r
181  0 $6 01 $a i  $b xxxe  
181    $6 02 $c txt $2 rdacontent
182  0 $6 01 $a n
182    $6 02 $c n $2 rdamedia
200 1  $a Brumaire $b Texte imprimé $e roman $f Jean Verdun
210    $a Paris $c R. Julliard (impr. Chantenay) $d 1961
215    $a In-16 (19 cm), 287 p. 12 NF. [D. L. 13949-61]
339    $a m
700    $3 11927948 $9 298720 $o ISNI0000000110589099 $a Verdun $b Jean $4 070
801  0 $a FR $b FR-751131015 $c 19970701 $g AFNOR $h FRBNF332134790000003 $2 intermrc
999    $a FRBNF332134790000003
995    $0 0 $2 0 $4 0 $5 2005-03-24 $9 120970 $P 23.78 $b MED $c MED $e MED3E $f C0003126897 $h ALTROZZ $k Mag. in-8/14 647 $o 0 $p 23.78 $r PRETLIV $s MAG___IN8_14_647000000000000 $w 0 $y 2014-06-30

