00806na  a2200217   4500
001 107508
003 http://www.mediathequederoubaix.fr/ark:/20179/KH107508
005 20240519024034.0
035 00 $a HZ_RBX173147
090    $a 107508
091    $a 2 $b 20240519 $c 0
099    $t LI $c 2014-06-30 $d 2024-05-19 $x 0
100    $a 19940518d1953    u  u0frey5003    ba
101    $a fre
102    $a FR
200    $a Romagne. Odessa $e roman
210    $a Paris, Gallimard $a (Lagny-sur-Marne, impr. de E. Grevin et fils) $d 1953. In-16, 343 p. 550 fr. [D. L. 12478-53] -XcR-
339    $a m
700    $a Rieux $b Jean $c pseud.
801  0 $a FR $b 595126101 $c 20050324 $g AFNOR
995    $0 0 $2 0 $4 0 $5 2005-03-24 $9 121089 $P 23.78 $b MED $c MED $e MED3E $f C0003128506 $h ALTROZZ $k Mag. in-8/14 535 $o 4 $p 23.78 $r PRETLIV $s MAG___IN8_14_535000000000000 $w 0 $y 2014-06-30

