02130cam a2200457   4500
001 107681
003 http://www.mediathequederoubaix.fr/ark:/20179/KH107681
010    $a 2-210-77282-6 $b Magnard
010    $a 2-204-06736-9 $b Cerf $b rel. $d 59 F
020    $a FR $b 00140625
033    $a http://catalogue.bnf.fr/ark:/12148/cb37654280d
035    $a FRBNF376542800000000
039    $o OPL $a 02676708X
090    $a 107681
091    $b 20240519 $c 1 $a 2
099    $t LI $c 2014-06-30 $d 2024-05-19 $x 4
100    $a 20011004d2001    m  y0frey50      ba
101 1  $a fre $b ita $c eng
102    $a FR
105    $a a   z   00|y|
106    $a r
181  0 $6 01 $a i  $b xxxe   $a b  $b xb2e  
181    $6 02 $c txt $c sti $2 rdacontent
182  0 $6 01 $a n
182    $6 02 $c n $2 rdamedia
200 1  $a Le taoïsme $b Texte imprimé $f Lawrence E. Sullivan $g [adapt. française  par Thierry Foulc]
210    $a [Paris] $c Magnard $c Cerf $d 2001 $e impr. en Italie
215    $a 29 p. $c ill. en coul., couv. ill. en coul. $d 31 cm
225    $a Les religions des hommes
300    $a Glossaire
330    $a Fait le tour de la religion taoïste tant du point de vue historique que de celui de sa pratique actuelle. L'iconographie (dessins, reproductions d'œuvres, documents photographiques, cartes géographiques...) permet notamment aux lecteurs scolarisés de préparer leurs exposés.
339    $a a
410  0 $0 37144412 $t Les Religions des hommes $d 2001
606    $3 11933592 $9 25079 $a Taoïsme $3 11975291 $9 18259 $x Doctrines religieuses $2 rameau
608    $3 12061363 $9 7148 $a Ouvrages de vulgarisation $2 rameau
686    $a 2   $2 Cadre de classement de la Bibliographie nationale française
700    $3 12175501 $9 62556 $o ISNI0000000120964147 $a Sullivan $b Lawrence Eugene $f 1949-.... $4 070
702    $3 11903227 $9 7142 $o ISNI0000000116134765 $a Foulc $b Thieri $f 1943-2020 $4 730
801  0 $a FR $b FR-751131015 $c 20011004 $g AFNOR $h FRBNF376542800000000 $2 intermrc
999    $a FRBNF376542800000000
995    $0 3 $2 1 $4 0 $5 2005-03-24 $9 121279 $P 6.75 $b MED $c MED $e MED2A $f C2500009433 $h JDT20ZZ $k E/260 TAO $n 2021-02-13 $o 4 $p 6.75 $r PRETLIV $s E_260_000000000000000_TAO $w 18 $y 2021-01-23

