01338cam a22003613  4500
001 107880
003 http://www.mediathequederoubaix.fr/ark:/20179/KH107880
010    $d 530 FRF
033    $a http://catalogue.bnf.fr/ark:/12148/cb324906523
035    $a FRBNF32490652000000X
039    $o CRI $a SU082902150001P
090    $a 107880
091    $a 2 $b 20240519 $c 1
099    $t LI $c 2014-06-30 $d 2024-05-19 $x 0
100    $a 19970701d1954    m  y0frey50      ba
101 0  $a fre
102    $a FR
105    $a ||||z   00|||
106    $a r
181  0 $6 01 $a i  $b xxxe  
181    $6 02 $c txt $2 rdacontent
182  0 $6 01 $a n
182    $6 02 $c n $2 rdamedia
200 1  $a Le rendez-vous adriatique... $b Texte imprimé $f Suzanne Normand
210    $a Paris $c A. Bonne $d 1954 $e Angers $g Impr. Éditions de l'Ouest
215    $a 272 p. $c couv. mobile en coul. avec notice et portrait $d in-16
225    $a Par 4 chemins
339    $a m
410  0 $0 40928721 $t Par 4 chemins $d 1954
700    $3 12743852 $9 62622 $o ISNI0000000082277433 $a Normand $b Suzanne $f 1895-1981 $4 070
801  0 $a FR $b FR-751131015 $c 19970701 $g AFNOR $h FRBNF32490652000000X $2 intermrc
999    $a FRBNF32490652000000X
995    $0 0 $2 0 $4 0 $5 2005-03-24 $9 121547 $P 23.78 $b MED $c MED $e MED3E $f C0003139620 $h AZZMAZZ $k Mag. in-8/14 454 $o 0 $p 23.78 $r PRETLIV $s MAG___IN814_454_00000000000000 $w 0 $y 2014-06-30

