00910nam a2200241   4500
001 108070
003 http://www.mediathequederoubaix.fr/ark:/20179/KH108070
005 20160125025050.0
035 00 $a HZ_RBX173913
090    $a 108070
091    $a 0
099    $t LI $c 2014-06-30 $d 2014-06-30 $x 0
100    $a 19       1987    k  y0frey5003    ba
101    $a fre
200    $a Nos poèmes $f [classe de] CE 2 $g Mme Hanry
210    $a [Roubaix $c s.n.] $d 1987-1988
215    $a Non folioté $c ill. $d 30 cm
339    $a m
606 0  $9 236349 $a Écrits d'enfants français $y France $y Roubaix (Nord)
702 0  $9 187590 $4 340 $a Hanry $c Mme $c roubaisien
801  0 $a FR $b 595126101 $c 20070830 $g AFNOR
930    $5 595126101:C0003343651 $b 595126101 $a MAG L/P 4/208 941 $e Fonds patrimonial
995    $0 0 $2 0 $4 0 $5 2005-03-24 $9 121939 $b MED $c MED $e MED3J $f C0003343651 $h PPEFGZZ $k MAG L/P 4/208 941 $o 2 $r PRETLIV $s MAG_LP_4208_941000000000000 $w 0 $y 2014-06-30

