01324ng  a2200265   4500
001 108170
003 http://www.mediathequederoubaix.fr/ark:/20179/KH108170
005 20160125025051.0
035 00 $a HZ_RBX174013
090    $a 108170
091    $a 0
099    $t VI $c 2014-06-30 $d 2014-06-30 $x 0
100    $a 19       1990    k  y0frey5003    ba
101    $a fre
200    $a Swan lake $b Vidéocassette $f Mans Reutersward, réal. $g Mats Ek, chorégraphe
210    $a [s.l.] $c Sveriges Television $d 1990
215    $a 1 vidéocassette (1h43mn) $c coul., sonore $d vhs
225 2  $a Danse
330    $a Cette versiondu "Lac des cygnes" a été créée en 1987 par le turbulent fils de Birgit Culberg qui dirigea avant lui les ballets du même nom. Si elle ne prétend pas faire date dans l'histoire, elle a le mérite de 'décrasser' le mythe. Hommes et femmes ont le crâne lisse et un chignon de chair sur la nuque, artifice qui ne parvient pas à enlaidir la sublime Odette/Odile qu'est Anna Laguna.
339    $a m
345    $a Teletota
700 0  $9 187658 $4 370 $a Reuterswärd $b Mans
701 0  $9 187659 $4 200 $a Ek $b Mats
801  0 $a FR $b 595126101 $c 20060321 $g AFNOR
995    $0 0 $2 0 $4 0 $5 2005-03-24 $9 122039 $P 16.31 $b MED $c MED $e MED3C $f C0003184146 $h PPAFIZZ $k VHS/PLACE/Video 365 $o 2 $p 16.31 $r PRETDVD $s VHSPLACEVIDEO_365_000000000000 $w 0 $y 2014-06-30

