01486nam a22003373n 4500
001 108361
003 http://www.mediathequederoubaix.fr/ark:/20179/KH108361
033    $a http://catalogue.bnf.fr/ark:/12148/cb32207093h
035    $a FRBNF322070930000003
039    $o CRI $a SU053800650001P  
090    $a 108361
091    $a 2 $b 20240519 $c 1
099    $t LI $c 2014-06-30 $d 2024-05-19 $x 0
100    $a 19970701d1943    m  y0frey50      ba
101 0  $a fre
102    $a FR
105    $a ||||z   00|||
106    $a r
181  0 $6 01 $a i  $b xxxe  
181    $6 02 $c txt $2 rdacontent
182  0 $6 01 $a n
182    $6 02 $c n $2 rdamedia
200 1  $a Émile Guillaumin. La Vie d'un simple . Préface de Daniel Halévy. Édition définitive. Illustrations de Charles Bouleau $b Texte imprimé
210    $a Paris, Delamain et Boutelleau $a (Lagny-sur-Marne, impr. de E. Grévin et fils) $d 1943. In-16 (190 x 140), 323 p., fig., couv. ill. 170 fr. [D. L. 5456] -XcR-
339    $a m
500 11 $3 11972880 $9 295969 $a La vie d'un simple $m français $2 lien automatique
700    $3 11906370 $9 273022 $o ISNI0000000080837628 $a Guillaumin $b Émile $4 070
702    $3 11906721 $9 31780 $o ISNI0000000110214588 $a Halévy $b Daniel $4 080
801  0 $a FR $b FR-751131015 $c 19970701 $g AFNOR $h FRBNF322070930000003 $2 intermrc
999    $a FRBNF322070930000003
995    $0 0 $2 0 $4 0 $5 2005-03-24 $9 122233 $P 23.78 $b MED $c MED $e MED3E $f C0002902850 $h ALTROZZ $k Mag. in-8/14 238 $o 0 $p 23.78 $r PRETLIV $s MAG___IN8_14_238000000000000 $w 1 $y 2014-06-30

