00739na  a2200205   4500
001 108664
003 http://www.mediathequederoubaix.fr/ark:/20179/KH108664
005 20240519030817.0
035 00 $a HZ_RBX174601
090    $a 108664
091    $a 2 $b 20240519 $c 0
099    $t LI $c 2014-06-30 $d 2024-05-19 $x 0
100    $a 19       1956    k  y0frey5003    ba
101    $a fre
200    $a Méhariste à dix ans $f B. de Gouvello $g ill.et lithographie de l'auteur
210    $c Ed. du Scorpion $d 1956
339    $a m
700 0  $a Gouvello $b B. de
801  0 $a FR $b 595126101 $c 20050324 $g AFNOR
995    $0 0 $2 0 $4 0 $5 2005-03-24 $9 122542 $P 23.78 $b MED $c MED $e MED3E $f C0002880367 $h AZZMAZZ $k Mag. in-8/14 231 $o 0 $p 23.78 $r PRETLIV $s MAG___IN814_231_00000000000000 $w 0 $y 2014-06-30

