00968na  a2200229   4500
001 108829
003 http://www.mediathequederoubaix.fr/ark:/20179/KH108829
005 20240519030851.0
035 00 $a HZ_RBX174783
090    $a 108829
091    $a 2 $b 20240519 $c 0
099    $t LI $c 2014-06-30 $d 2024-05-19 $x 1
100    $a 19920414d1954    u  u0frey5003    ba
101    $a fre
102    $a FR
200    $a Pellé le Conquérant $h 1 $i l'apprentissage $f Martin Andersen Nexö $g traduit du danois par Jacqueline Joly
210    $a Paris, les Éditeurs français réunis (impr. de Richard) $d 1954
339    $a m
700    $7 ba0yba0y $8 fre    $a Andersen Nexø $b Martin $f 1869-1954 $3 11994516 $9 287430
702 0  $7 ba0yba0y $8 fre    $a Joly $b Jacques $f 1938-1999 $4 730 $3 12124381 $9 80347
801  0 $a FR $b 595126101 $c 20050324 $g AFNOR
995    $0 0 $2 0 $4 0 $5 2005-03-24 $9 122713 $P 23.78 $b MED $c MED $e MED3E $f C0003141198 $h AZZMAZZ $k Mag. in-8/14 040 $o 0 $p 23.78 $r PRETLIV $s MAG___IN814_040_00000000000000 $w 1 $y 2017-12-30

