01406nam a22003613n 4500
001 109157
003 http://www.mediathequederoubaix.fr/ark:/20179/KH109157
033    $a http://catalogue.bnf.fr/ark:/12148/cb41639541d
035    $a FRBNF416395410000004
039    $o ARS $a FU159009280001P  
090    $a 109157
091    $a 2 $b 20240519 $c 1
099    $t LI $c 2014-06-30 $d 2024-05-19 $x 0
100    $a 20070101d1956    m  y0frey50      ba
101 0  $a fre
102    $a FR
105    $a ||||z   00|||
106    $a r
181  0 $6 01 $a i  $b xxxe  
181    $6 02 $c txt $2 rdacontent
182  0 $6 01 $a n
182    $6 02 $c n $2 rdamedia
200 1  $a David Copperfield. Introduction et traduction par Madeleine Mélèse,... $b Texte imprimé $f Charles Dickens
210    $a Paris $c A. Hatier $d 1956
215    $a 78 p. $c couv. ill. en coul. $d in-16
225 1  $a Les Classiques pour tous $v n° 481
339    $a m
500 11 $3 11952671 $9 298786 $a David Copperfield $m français $2 lien automatique
700    $3 11900118 $9 280642 $o ISNI0000000448885549 $a Dickens $b Charles $4 070
702    $3 11121703 $9 317926 $a Mélèse $b Madeleine $4 730 $4 080
801  0 $a FR $b FR-751131015 $c 20070101 $g AFNOR $h FRBNF416395410000004 $2 intermrc
999    $a FRBNF416395410000004
995    $0 0 $2 0 $4 0 $5 2005-03-24 $9 123060 $P 23.78 $b MED $c MED $e MED3E $f C0003151541 $h ACFHSZZ $k Mag. in-8/13 915 $o -3 $p 23.78 $r PRETLIV $s MAG___IN8_13_915000000000000 $w 0 $y 2014-06-30

