00864na  a2200229   4500
001 109319
003 http://www.mediathequederoubaix.fr/ark:/20179/KH109319
005 20240519032403.0
035 00 $a HZ_RBX175442
090    $a 109319
091    $a 2 $b 20240519 $c 0
099    $t LI $c 2014-06-30 $d 2024-05-19 $x 0
100    $a 19930129g19191926u  u0frey5003    ba
101    $a fre
102    $a FR
200    $a Fragments d'histoire, 1914-1919 $e Nivelle et Painlevé $e la deuxième crise du commandement (décembre 1916-mai 1917) $f Mermeix
210    $a Paris $c P. Ollendorff (A. Michel)
215    $a In-16
339    $a m
700    $a Mermeix $f 1859-1930 $3 12458920 $9 285636
801  0 $a FR $b 595126101 $c 20051114 $g AFNOR
995    $0 0 $2 0 $4 0 $5 2005-03-24 $9 123256 $P 23.78 $b MED $c MED $e MED3E $f C0003153349 $h ACFHSZZ $k Mag. in-8/13 555 $o 0 $p 23.78 $r PRETLIV $s MAG___IN8_13_555000000000000 $w 0 $y 2014-06-30

