01791cam a2200433   4500
001 109421
003 http://www.mediathequederoubaix.fr/ark:/20179/KH109421
010    $b Br. $d 45 F
020    $a FR $b 07511685
033    $a http://catalogue.bnf.fr/ark:/12148/cb345708593
035    $a FRBNF345708590000000
039    $o OPL $a 000246404
090    $a 109421
091    $b 20240505 $c 1 $a 2
099    $t LI $c 2014-06-30 $d 2024-05-05 $x 0
100    $a 19750825d1974    m  y0frey50      ba
101 0  $a fre $a grc
102    $a FR
105    $a ||||z   00|||
106    $a r
181  0 $6 01 $a i  $b xxxe  
181    $6 02 $c txt $2 rdacontent
182  0 $6 01 $a n
182    $6 02 $c n $2 rdamedia
200 1  $a Prologues $b Texte imprimé $f Démosthène $g texte établi et traduit par Robert Clavaud,...
210    $a Paris $c les Belles lettres $d 1974 $e 28-Luisant $g impr. Durand
215    $a 170 p. avec pagination double pour les p. 84-137 $d 21 cm
225    $a Collection des universités de France
300    $a Texte en grec ancien avec trad. française en regard
339    $a m
410  0 $0 34227019 $t Collection des universités de France $x 0184-7155 $v 18-5
500 11 $3 14412426 $9 274903 $a Prologues $m grec ancien-français $k 1974
676    $a 885.01 $v 23
686    $a 824 $2 Cadre de classement de la Bibliographie nationale française
700    $3 11899538 $9 25301 $o ISNI0000000383074074 $a Démosthène $f 0384-0322 av. J.-C. $4 070
702    $3 11896978 $9 63228 $o ISNI0000000116549012 $a Clavaud $b Robert $f 19..-198. $4 340
801  0 $a FR $b FR-751131015 $c 19750825 $g AFNOR $h FRBNF345708590000000 $2 intermrc
999    $a FRBNF345708590000000
995    $0 0 $2 0 $4 0 $5 2005-03-24 $9 123360 $P 23.78 $b MED $c MED $e MED3E $f C0003153640 $h ACFHSZZ $k Mag. in-8/13 459 $o 0 $p 23.78 $r PRETLIV $s MAG___IN8_13_459000000000000 $w 0 $y 2014-06-30

