01352nam a22003373n 4500
001 109604
003 http://www.mediathequederoubaix.fr/ark:/20179/KH109604
033    $a http://catalogue.bnf.fr/ark:/12148/cb325351071
035    $a FRBNF325351070000000
039    $o CRI $a SU087909490001P  
090    $a 109604
091    $a 2 $b 20240505 $c 1
099    $t LI $c 2014-06-30 $d 2024-05-05 $x 0
100    $a 19970701d1950    m  y0frey50      ba
101 0  $a fre
102    $a FR
105    $a ||||z   00|||
106    $a r
181  0 $6 01 $a i  $b xxxe  
181    $6 02 $c txt $2 rdacontent
182  0 $6 01 $a n
182    $6 02 $c n $2 rdamedia
200 1  $a Les Requins, roman traduit de l'allemand par M. Muller-Strauss $b Texte imprimé $f Theodor Plievier
210    $a Paris, Amiot-Dumont $a (Chambéry, Impr. réunies) $d 1950. In-8° (215 x 160), 232 p., couv. mobile ill. 395 fr. [D. L. 5429] -XcR-
300    $a Périples
339    $a m
700    $3 12036695 $9 20337 $o ISNI0000000081224612 $a Plievier $b Theodor $4 070
702    $3 11258624 $9 316454 $a Muller-Strauss $b Maurice $4 730
801  0 $a FR $b FR-751131015 $c 19970701 $g AFNOR $h FRBNF325351070000000 $2 intermrc
999    $a FRBNF325351070000000
995    $0 0 $2 0 $4 0 $5 2005-03-24 $9 123549 $P 23.78 $b MED $c MED $e MED3E $f C0003148603 $h ALTROZZ $k Mag. 8/13 301 $o 0 $p 23.78 $r PRETLIV $s MAG___8_130000000000000_301 $w 0 $y 2014-06-30 $7  $8  $A  $m  $z 

