01435cam a22003733  4500
001 109764
003 http://www.mediathequederoubaix.fr/ark:/20179/KH109764
033    $a http://catalogue.bnf.fr/ark:/12148/cb31859663n
035    $a FRBNF318596630000009
039    $o CRI $a SU017901190001P
090    $a 109764
091    $a 2 $b 20240505 $c 1
099    $t LI $c 2014-06-30 $d 2024-05-05 $x 0
100    $a 19970701d1955    m  y0frey50      ba
101 0  $a fre
102    $a FR
105    $a ||||z   00|||
106    $a r
181  0 $6 01 $a i  $b xxxe  
181    $6 02 $c txt $2 rdacontent
182  0 $6 01 $a n
182    $6 02 $c n $2 rdamedia
200 1  $a Moyen-Orient, nouvel Eldorado $b Texte imprimé $f Gérard Boutelleau
210    $a Paris $c Amiot-Dumont $d 1955 $e Condé-sur-Escaut $g Impr. de C. Descamps
215    $a 233 p. $c pl., carte, couv. en coul. $d In-8
225    $a L'Avenir en marche
339    $a m
410  0 $0 40935237 $t L'Avenir en marche (Paris. 1955) $d 1955
607    $3 15365915 $9 298834 $a Proche-Orient $2 AFNOR NF Z 44-081
610 0  $a Voyage. 1954 (SGE_OM)
700    $3 13001569 $9 57631 $o ISNI0000000081862921 $a Boutelleau $b Gérard $f 1911-1962 $4 070
801  0 $a FR $b FR-751131015 $c 19970701 $g AFNOR $h FRBNF318596630000009 $2 intermrc
999    $a FRBNF318596630000009
995    $0 0 $2 0 $4 0 $5 2005-03-24 $9 123714 $P 23.78 $b MED $c MED $e MED3T $f C0003147877 $h PPEFGZZ $k BHIS/134 $o 0 $p 23.78 $r PRETLIV $s BHIS_134_000000000000000 $w 0 $y 2014-06-30 $7  $8  $A  $m  $z 

