01528nj  a2200325   4500
001 109943
003 http://www.mediathequederoubaix.fr/ark:/20179/KH109943
005 20240505072926.0
035 00 $a HZ_RBX176165
071 0  $a COL 498476 2 $b Byg/Columbia/Sony
090    $a 109943
091    $a 1 $b 20240505 $c 0
099    $t DC $c 2014-06-30 $d 2024-05-05 $x 3
100    $a 19       2000    k  y0frey5003    ba
101    $a fre
200    $a Ar mor divent $b Enr. sonore $f Bagdad de Lann-Bihoué
210    $d P 2000
215    $a 1 d.c. $e 1 brochure
327    $a Marche du pays de Retz $a Ronds de Sr Vincent $a Cayenne $a Ar mor divent $a Suite de gavottes du pays montagne $a Ensemble de bombardes $a Suite pipe-band $a Ensemble de batterie $a Marche d'Elven (business anti-swing) $a Dans plinn $a Ag an douar d'ar mor $a Triniou
339    $a m
606    $a Musique traditionnelle $y France $y Bretagne $x Disques $2 rameau
606    $a Fanfares $x Disques $2 rameau
606    $a Cornemuse, Musique de $x Disques $2 rameau
606    $7 ba0yba0y $8 fre    $3 12502862 $9 300940 $a Bagads $x Disques $2 rameau
606    $7 ba0yba0y $8 fre    $3 14605839 $9 271053 $a Bombarde, Musique de $x Disques $2 rameau
606    $7 ba0yba0y $8 fre    $3 11961654 $9 2434 $a Musique militaire $x Disques $2 rameau
679    $a 091.2
710    $7 ba0yba0y $8 fre    $a Bagad de Lann-Bihoué $3 13963404 $9 50133
801  0 $a FR $b 595126101 $c 20070830 $g AFNOR
995    $0 0 $2 0 $4 0 $5 2005-03-24 $9 123910 $P 18.47 $b MED $c MED $e MED3C $f C0003095224 $h AMV80ZZ $k DC/091.2 BAG $o 0 $p 18.47 $r PRETSON $s DC_091_200000000000000_BAG $w 57 $y 2021-06-25

