01217nam a22003133n 4500
001 110074
003 http://www.mediathequederoubaix.fr/ark:/20179/KH110074
033    $a http://catalogue.bnf.fr/ark:/12148/cb31791980s
035    $a FRBNF317919800000001
039    $o CRI $a SU011002680001P  
090    $a 110074
091    $a 2 $b 20240505 $c 1
099    $t LI $c 2014-06-30 $d 2024-05-05 $x 0
100    $a 19970701d1951    m  y0frey50      ba
101 0  $a fre
102    $a FR
105    $a ||||z   00|||
106    $a r
181  0 $6 01 $a i  $b xxxe  
181    $6 02 $c txt $2 rdacontent
182  0 $6 01 $a n
182    $6 02 $c n $2 rdamedia
200 1  $a Jean-Émile Benech. Le Chasseur dans son royaume $b Texte imprimé
210    $a Paris, Neuchâtel, V. Attinger (impr. de J. Crès) $d 1951. In-16 (185x120), 195 p. 330 fr. [D. L. 13484-51] -VIa-
339    $a m
700    $3 12589250 $9 63395 $o ISNI0000000000495593 $a Benech $b Jean-Émile $4 070
801  0 $a FR $b FR-751131015 $c 19970701 $g AFNOR $h FRBNF317919800000001 $2 intermrc
999    $a FRBNF317919800000001
995    $0 0 $2 0 $4 0 $5 2005-03-24 $9 124050 $P 23.78 $b MED $c MED $e MED3E $f C0003169594 $h ALTROZZ $k Mag. 8/12 926 $o 0 $p 23.78 $r PRETLIV $s MAG___8_120000000000000_926 $w 0 $y 2014-06-30 $7  $8  $A  $m  $z 

