01489nam a22003853n 4500
001 110242
003 http://www.mediathequederoubaix.fr/ark:/20179/KH110242
033    $a http://catalogue.bnf.fr/ark:/12148/cb31488033r
035    $a FRBNF314880330000002
039    $o CRI $a CG019300110504P  
039    $o OPP $a 34167133 $d 20110221
039    $o OPP $a 31059555 $d 20110303
039    $o OPP $a 31059555 $d 20110307
090    $a 110242
091    $a 2 $b 20240505 $c 1
099    $t LI $c 2014-06-30 $d 2024-05-05 $x 0
100    $a 19970701g19021903m  y0frey50      ba
101 0  $a fre
102    $a FR
105    $a ||||z   00|||
106    $a r
181  0 $6 01 $a i  $b xxxe  
181    $6 02 $c txt $2 rdacontent
182  0 $6 01 $a n
182    $6 02 $c n $2 rdamedia
200 1  $a Le Marquis de La Fayette et la Révolution d'Amérique. Traduit de l'anglais par Mme Gaston Paris... $b Texte imprimé $f Charlemagne Tower,...
210    $a Paris $c Plon-Nourrit et Cie $d 1902-1903
215    $a 2 vol. in-8° , portr.
339    $a m
610 0  $a La Fayette, Marquis de (HA)
700    $3 10488308 $9 318362 $a Tower $b Charlemagne $4 070
702    $3 10737570 $9 318363 $a Paris $b Mme Gaston-Bruno-Paulin $c pseud. Robert de Cerisy $4 730
801  0 $a FR $b FR-751131015 $c 19970701 $g AFNOR $h FRBNF314880330000002 $2 intermrc
999    $a FRBNF314880330000002
995    $0 0 $2 0 $4 0 $5 2005-03-24 $9 124231 $P 23.78 $b MED $c MED $e MED3E $f C0003171915 $h AZZMAZZ $k Mag. in-8/12 773 $o 0 $p 23.78 $r PRETLIV $s MAG___IN812_773_00000000000000 $w 0 $y 2014-06-30

