02468cam a2200493   4500
001 110357
003 http://www.mediathequederoubaix.fr/ark:/20179/KH110357
010    $a 2-84146-961-1 $b br. $d Prix : 15 EUR : 98,39 F
020    $a FR $b 00150092
033    $a http://catalogue.bnf.fr/ark:/12148/cb37694540t
035    $a FRBNF376945400000006
039    $o OPL $a 026903202
073  0 $a 9782841469611 $2 ALS
090    $a 110357
091    $b 20240505 $c 1 $a 2
099    $t LI $c 2014-06-30 $d 2024-05-05 $x 11
100    $a 20011115d2001    a  y0frey50      ba
101 1  $a fre $c rus
102    $a FR
105    $a a   z   00|a|
106    $a r
181  0 $6 01 $a i  $b xxxe   $a b  $b xb2e  
181    $6 02 $c txt $c sti $2 rdacontent
182  0 $6 01 $a n
182    $6 02 $c n $2 rdamedia
200 1  $a Machenka et l'ours $b Texte imprimé $e et autres contes russes $f [racontés par] Claude Clément $g ill. d'Hélène Muller
210    $a Paris $c Syros jeunesse $d 2001 $e 85-Luçon $g Impr. Pollina
215    $a 236 p. $c ill., couv. ill. en coul. $d 20 cm
300    $a Glossaire. Index
321    $a La Revue des livres pour enfants. Sélection annuelle
321    $a Escales en littérature de jeunesse
329    $a Choix judicieux de 24 contes russes divers : contes facétieux, randonnées, contes d'animaux et contes merveilleux. Illustrations en noir et blanc discrètes et très bien adaptées. Belle mise en pages. Texte agréable. Mais on reste singulièrement sur sa faim quant aux sources jamais données. $d 20020626 $f EC
330    $a Recueil de contes traditionnels russes.
339    $a a
608    $a Contes, légendes et folklore $2 CNLJ $k Avis critique donné par le Centre national de la littérature pour la jeunesse
609 0  $a Contes russes $x Ouvrages pour la jeunesse $2 rameau
610 0  $a Conte Russe (ALS)
686    $a 823 $2 Cadre de classement de la Bibliographie nationale française
702    $3 12001968 $9 22 $o ISNI0000000120981369 $a Clément $b Claude $f 1946-.... $4 010
702    $3 12017293 $9 14283 $o ISNI0000000077305516 $a Muller $b Hélène $f 1957-.... $4 440
801  0 $a FR $b FR-751131015 $c 20011115 $g AFNOR $h FRBNF376945400000006 $2 intermrc
999    $a FRBNF376945400000006
995    $0 0 $2 0 $4 0 $5 2005-03-24 $9 124369 $P 11.25 $b MED $c MED $e MED2A $f C0003176656 $h JABCTEF $k E C/ZEU $o 0 $p 11.25 $r PRETLIV $s E_C_ZEU $w 17 $y 2021-11-20
995    $0 0 $2 0 $4 0 $5 2009-11-13 $9 124370 $P 15.00 $b MED $c MED $e MED0A $f C0003452117 $h JABCTEF $k EXT E C/CLE $o 0 $p 15.00 $r PRETLIV $s EXT_E_CCLE $w 10 $y 2022-01-06

