01448nam a22003613n 4500
001 110585
003 http://www.mediathequederoubaix.fr/ark:/20179/KH110585
033    $a http://catalogue.bnf.fr/ark:/12148/cb331121676
035    $a FRBNF331121670000009
039    $o CRI $a LX001508680011P 
090    $a 110585
091    $a 2 $b 20240505 $c 1
099    $t LI $c 2014-06-30 $d 2024-05-05 $x 1
100    $a 19970701d1961    m  y0frey50      ba
101 0  $a fre
102    $a FR
105    $a ||||z   00|||
106    $a r
181  0 $6 01 $a i  $b xxxe  
181    $6 02 $c txt $2 rdacontent
182  0 $6 01 $a n
182    $6 02 $c n $2 rdamedia
200 1  $a Autres rivages ["Speak, memory"]. Traduit de l'anglais par Yvonne Davet. Souvenirs $b Texte imprimé $f Vladimir Nabokov
210    $a [Paris,] $c Gallimard (Montrouge, Impr. moderne) $d 1961
215    $a In-8° (21 cm), 343 p. 12 NF. [D. L. 1009-61]
300    $a Du monde entier
339    $a m
500 11 $3 16615038 $9 296045 $a Speak, memory $m français $2 lien automatique
700    $3 11917330 $9 4796 $o ISNI0000000122776641 $a Nabokov $b Vladimir $4 070
702    $3 11898780 $9 279019 $o ISNI0000000108893251 $a Davet $b Yvonne $4 730
801  0 $a FR $b FR-751131015 $c 19970701 $g AFNOR $h FRBNF331121670000009 $2 intermrc
999    $a FRBNF331121670000009
995    $0 0 $2 0 $4 0 $5 2005-03-24 $9 124740 $P 23.78 $b MED $c MED $e MED3E $f C0003189544 $h ALTROZZ $k Mag 8/12 640 $o 0 $p 23.78 $r PRETLIV $s MAG_8_120000000000000_640 $w 1 $y 2016-11-24 $7  $8  $A  $m  $z 

