01481ng  a2200325   4500
001 110797
003 http://www.mediathequederoubaix.fr/ark:/20179/KH110797
005 20220716063248.0
035 00 $a HZ_RBX177175
090    $a 110797
091    $a 0
099    $t VI $c 2014-06-30 $d 2022-07-16 $x 0
100    $a 19       2001    k  y0frey5003    ba
101    $a fre
200    $a René Vandierendonck $b Vidéocassette $e résultats du 2ème tour des élections 2001 $f France 3
210    $a Lille $c France 3 $d 2001
300    $a Vidéocassettes données par le Service Communication de la Ville de Roubaix
327    $a Interview de René Vandierendoncke lors des résultats du 2ème tour des élections municipales le 18 mars 2001
339    $a m
510    $a 2001-03-18
517    $a Elections municipales 2001
517    $a France 3 Région $e 18 mars 2001
600 0  $a Vandierendonck $b René $x Entretiens $x Bandes vidéos $2 rameau
606 0  $a Élections municipales $y France $y Roubaix (Nord) $x Bandes vidéos $2 rameau
702    $9 188371 $4 320 $a Roubaix $c Nord $c roubaisien $b Direction de la communication
712 0  $9 129239 $a France 3
702    $7 ba0yba0y $8 fre    $a Vandierendonck $b René $f 1951-.... $9 272783
801  0 $a FR $b 595126101 $c 20110219 $g AFNOR
930    $5 595126101:C0002753544 $b 595126101 $a FL VHS/Image 256 $e Fonds local image
995    $0 0 $2 0 $4 0 $5 2005-03-24 $9 125052 $b MED $c MED $e MED3C $f C0002753544 $h PPAFIZZ $k FL VHS/Image 256 $o 2 $r PRETDVD $s FL_VHSIMAGE_256_00000000000000 $w 0 $y 2014-06-30

