01899nam a2200373   4500
001 110964
003 http://www.mediathequederoubaix.fr/ark:/20179/KH110964
005 20220927080233.0
010    $a 2-8441-8019-1
033    $a http://catalogue.bnf.fr/ark:/12148/cb37743847z
035 00 $a HZ_RBX177359
090    $a 110964
091    $a 0
099    $t LI $c 2014-06-30 $d 2022-09-27 $x 0
100    $a 19       2001    k  y0frey5003    ba
101    $a fre
200    $a Une littérature de la conscience $e Paul Gadenne, Georges Perros, Henri Thomas, Louise de Vilmorin $f [Maxime Caron, Elisabeth Lemirre, Joanna Leary... et al.] $g ill. Paul Kichilov
210    $a Rennes $c la Part commune $d 2001
215    $a 94 p. $d 17 cm
330    $a Trois voix discrètes de notre temps de Maxime Caron ; Thomas et sa quête de l'absolu de Joanna Leary ; Paul Gadenne ou La passion du roman de Didier Sarrou ; L'anecdote de la rencontre d'Yves Landrein ; La po-éthique de l'araignée Marie-Hélène Gauthier Muzellec ; Louise d'Elisabeth Lemirre.
339    $a m
600    $7 ba0yba0y $8 fre    $a Gadenne $b Paul $f 1907-1956 $9 1155
600    $7 ba0yba0y $8 fre    $a Perros $b Georges $f 1923-1978 $9 5508
600    $7 ba0yba0y $8 fre    $a Thomas $b Henri $f 1912-1993 $9 7227
600    $7 ba0yba0y $8 fre    $a Vilmorin $b Louise de $f 1902-1969 $9 13662
606 0  $a Conscience $x Dans la littérature $2 rameau
676    $a 809.9 $v 99
701 0  $9 188441 $a Leary $b Joanna
701    $7 ba0yba0y $8 fre    $a Lemirre $b Élisabeth $9 5486
702 0  $9 64299 $7 ba0yba0y $8 fre    $a Kichilov $b Paul $f 1966-.... $4 440
700 0  $9 68080 $7 ba0yba0y $8 fre    $a Caron $b Maxime $f 1940-....
801  0 $a FR $b 595126101 $c 20070903 $g AFNOR
930    $5 595126101:C0003349225 $b 595126101 $a RES 8/5177 $e Fonds patrimonial
995    $0 0 $2 0 $4 0 $5 2005-03-24 $9 125228 $P 8.00 $b MED $c MED $e MED3O $f C0003349225 $h PPEFGZZ $k RES 8/5177 $o 2 $p 8.00 $r PRETLIV $s RES_85177_000000000000000 $w 0 $y 2014-06-30

