01303nam a22003493  4500
001 111089
003 http://www.mediathequederoubaix.fr/ark:/20179/KH111089
033    $a http://catalogue.bnf.fr/ark:/12148/cb358678713
035    $a FRBNF358678710000003
039    $o OPL $a 022515825
039    $o OPP $a 31785330 $d 20101103
090    $a 111089
091    $a 2 $b 20240506 $c 1
099    $t LI $c 2014-06-30 $d 2024-05-06 $x 0
100    $a 19970430d1950    m  y0frey50      ba
101 0  $a fre
102    $a FR
105    $a a   z   00|y|
106    $a r
181  0 $6 01 $a i  $b xxxe   $a b  $b xb2e  
181    $6 02 $c txt $c sti $2 rdacontent
182  0 $6 01 $a n
182    $6 02 $c n $2 rdamedia
200 1  $a Tropiques noirs $b Texte imprimé $f Maurice Bedel
210    $a Paris $c Hachette $d 1950 $g Impr. de Lahure
215    $a 1 vol. (255 p.) $c carte $d 18 cm
339    $a m
686    $a 91 $2 Cadre de classement de la Bibliographie nationale française
700    $3 12704634 $9 45862 $o ISNI0000000081462477 $a Bedel $b Maurice $f 1883-1954 $4 070
801  0 $a FR $b FR-751131015 $c 19970430 $g AFNOR $h FRBNF358678710000003 $2 intermrc
999    $a FRBNF358678710000003
995    $0 0 $2 0 $4 0 $5 2005-03-24 $9 125371 $P 23.78 $b MED $c MED $e MED3E $f C0003149227 $h AZZMAZZ $k Mag. in-8/12 316 $o 0 $p 23.78 $r PRETLIV $s MAG___IN812_316_00000000000000 $w 0 $y 2014-06-30

