02331nam a2200517   4500
001 111298
003 http://www.mediathequederoubaix.fr/ark:/20179/KH111298
010    $a 2-278-30000-8 $b rel. $d 60 F
020    $a FR $b 09639256
033    $a http://catalogue.bnf.fr/ark:/12148/cb357937045
035    $a FRBNF357937040000005
039    $o OPL $a 02070907X
073  0 $a 9782278300006 $2 ALS
090    $a 111298
091    $b 20240506 $c 1 $a 2
099    $t LI $c 2014-06-30 $d 2024-05-06 $x 11
100    $a 19960207d1995    a  y0frey50      ba
101 0  $a fre
102    $a FR
105    $a a   z   00|a|
106    $a r
181  0 $6 01 $a i  $b xxxe   $a b  $b xb2e  
181    $6 02 $c txt $c sti $2 rdacontent
182  0 $6 01 $a n
182    $6 02 $c n $2 rdamedia
200 1  $a Trois petits chats $b Texte imprimé $a J'en ai marre ! $f Anne-Isabelle Le Touzé
210    $a Paris $c Didier $d 1995 $e 93-Pantin $g Impr. PPO
215    $a Non paginé [34] p. $c ill. en coul., couv. ill. en coul. $d 23 x 24 cm
225    $a Pirouette
300    $a Les deux parties de l'ouvrage sont disposées tête-bêche
321    $a Escales en littérature de jeunesse
330    $a "Trois petits chats, chapeau de paille, paillasson..." Deux comptines à dérouler sans fin.
339    $a a
410  0 $0 34277060 $t Pirouette (Paris. 1993) $x 1258-1992 $d 1995
423  0 $t J'en ai marre !
608    $a Albums $2 CNLJ $k Avis critique donné par le Centre national de la littérature pour la jeunesse
609    $9 239155 $a Comptines $x Ouvrages pour la jeunesse
610 0  $a Comptine (album) (ALS)
610 0  $a Chat (album) (ALS)
686    $a 823 $2 Cadre de classement de la Bibliographie nationale française
700    $3 12305594 $9 49328 $o ISNI0000000040147366 $a Le Touzé $b Anne-Isabelle $f 1963-.... $4 070
801  0 $a FR $b FR-751131015 $c 19960207 $g AFNOR $h FRBNF357937040000005 $2 intermrc
999    $a FRBNF357937040000005
995    $0 0 $2 0 $4 0 $5 2005-03-24 $9 125621 $P 7.55 $b MED $c MED $e MED0A $f C0003210222 $h JABPFAF $k EXT PE A/LET $o 0 $p 7.55 $r PRETLIV $s EXT_PE_ALET $w 38 $y 2023-12-29 $8 MA0A4B
995    $0 0 $2 0 $4 0 $5 2005-03-24 $9 125622 $P 8.93 $b MED $c MED $e MED0A $f C0003652686 $h JABPFCO $k EXT PE A/LET $o 0 $p 8.93 $r PRETLIV $s EXT_PE_A_LET $w 16 $y 2020-03-06
995    $0 0 $2 0 $4 0 $5 2020-08-28 $9 413466 $b MED $c MED $e MED0A $f C0003653250 $h JABPFCO $k EXT PE A/LET $o 0 $r PRETLIV $s EXT_PE_A_LET $w 1 $y 2022-03-25

