01430nam a2200373   4500
001 111453
003 http://www.mediathequederoubaix.fr/ark:/20179/KH111453
033    $a http://catalogue.bnf.fr/ark:/12148/cb374802247
035    $a FRBNF374802240000009
039    $o GEA $a 003192940
090    $a 111453
091    $a 2 $b 20240506 $c 1
099    $t LI $c 2014-06-30 $d 2024-05-06 $x 0
100    $a 19950919d1967    m  y0frey50      ba
101 0  $a fre
102    $a FR
105    $a a   z   00|y|
106    $a r
181  0 $6 01 $a i  $b xxxe   $a b  $b xb2e  
181    $6 02 $c txt $c sti $2 rdacontent
182  0 $6 01 $a n
182    $6 02 $c n $2 rdamedia
200 1  $a Études gobiniennes $b Texte imprimé $h 1966 $f dir. A. B. Duff,...
210    $a Paris $c Klincksieck $d 1966
215    $a 268 p. $c ill. $d 21 cm
300    $a No de :"Etudes gobiniennes Paris", ISSN 0071-2078, 1966
305    $a Numéro de : Etudes gobiniennes (Paris) = ISSN 0071-2078,(1966)
339    $a m
600    $3 11905198 $9 1548 $a Gobineau $b Arthur de $f 1816-1882 $2 rameau
676    $a 848.8 (critique) $v 23
702    $3 12075980 $9 298926 $o ISNI000000011080481X $a Duff $b Avraham Beer $f 1899-1987 $4 651
801  0 $a FR $b FR-751131015 $c 19950919 $g AFNOR $h FRBNF374802240000009 $2 intermrc
999    $a FRBNF374802240000009
995    $0 0 $2 0 $4 0 $5 2005-03-24 $9 125818 $P 23.78 $b MED $c MED $e MED3E $f C0003212892 $h ALTDCZZ $k Mag 8/12 243 $o 0 $p 23.78 $r PRETLIV $s MAG_8_120000000000000_243 $w 1 $y 2014-06-30

