01742cam a2200409   4500
001 111602
003 http://www.mediathequederoubaix.fr/ark:/20179/KH111602
010    $a 2-8036-1645-9 $b rel. $d 8,30 EUR
020    $a FR $b 00601775
033    $a http://catalogue.bnf.fr/ark:/12148/cb40063566r
035    $a FRBNF400635660000009
073  0 $a 9782803616459
090    $a 111602
091    $b 20240506 $c 1 $a 2
099    $t LI $c 2014-06-30 $d 2024-05-06 $x 152
100    $a 20051103d2005    m  y0frey50      ba
101 0  $a fre
102    $a BE
105    $a ||||t   00|a|
106    $a r
181  0 $6 01 $a i  $b xxxe   $a b  $b xb2e  
181    $6 02 $c txt $c sti $2 rdacontent
182  0 $6 01 $a n
182    $6 02 $c n $2 rdamedia
200 1  $a Schtroumpferies $h 5 $b Texte imprimé $f Peyo
210    $a Bruxelles $a [Paris] $c le Lombard $d DL 2005 $e impr. en Belgique
215    $a 1 vol. (46 p.) $c ill. en coul., couv. ill. en coul. $d 30 cm
300    $a La couv. porte en plus : "44 [histoires] bêtises des Schtroumpfs"
330    $a Nouvel album de gags menés par le grand Schtroumpf et de ses compagnons pour une composition joyeuse et pleine de fantaisie.
339    $a a
608    $a Bandes dessinées $2 CNLJ $k Avis critique donné par le Centre national de la littérature pour la jeunesse
676    $a 741.508 3 $v 23
686    $a 809 $2 Cadre de classement de la Bibliographie nationale française
700    $3 11919471 $9 7753 $o ISNI0000000121441313 $a Peyo $f 1928-1992 $4 070
801  0 $a FR $b FR-751131015 $c 20051103 $g AFNOR $h FRBNF400635660000009 $2 intermrc
999    $a FRBNF400635660000009
995    $0 0 $2 0 $4 0 $5 2022-07-27 $9 447461 $P 11.50 $V 5 $b MED $c MED $e MED2A $f C2500028518 $h JBDSRZZ $k E BD/SERIES $n 2024-05-30 $o 0 $p 11.50 $r PRETLIV $s E_BD_SERIES $w 28 $y 2024-04-17 $A 0

