00837nj  a2200217   4500
001 111777
003 http://www.mediathequederoubaix.fr/ark:/20179/KH111777
005 20240506055340.0
035 00 $a HZ_RBX178440
071 0  $b Barclay $a 80134
090    $a 111777
091    $a 1 $b 20240506 $c 0
099    $t DV $c 2014-06-30 $d 2024-05-06 $x 0
100    $a 19               k  y0frey5003    ba
101    $a fre
200    $a Je suis seule ce soir $b Enr. sonore
339    $a m
700    $3 13893146 $7 ba0yba0y $8 fre    $a Delyle $b Lucienne $f 1915-1962 $9 4227
801  0 $a FR $b 595126101 $c 20051114 $g AFNOR
930    $5 595126101:C0003236765 $b 595126101 $a FLRSON 25/4276 $e Fonds local et régional sonore
995    $0 0 $2 0 $4 0 $5 2005-03-24 $9 126155 $P 27.00 $b MED $c MED $e MED3C $f C0003236765 $h PENRSZZ $k FLRSON 25/4276 $o 2 $p 27.00 $r PRETSON $s FLRSON_254276_000000000000000 $w 0 $y 2014-06-30

