01457cam a22003613  4500
001 111901
003 http://www.mediathequederoubaix.fr/ark:/20179/KH111901
033    $a http://catalogue.bnf.fr/ark:/12148/cb32293995k
035    $a FRBNF322939950000001
039    $o CRI $a SU062308190001P
090    $a 111901
091    $a 2 $b 20240506 $c 1
099    $t LI $c 2014-06-30 $d 2024-05-06 $x 0
100    $a 19970701d1955    m  y0frey50      ba
101 0  $a fre
102    $a FR
105    $a ||||z   00|||
106    $a r
181  0 $6 01 $a i  $b xxxe  
181    $6 02 $c txt $2 rdacontent
182  0 $6 01 $a n
182    $6 02 $c n $2 rdamedia
200 1  $a Devenir aviateur $b Texte imprimé $f Marcel Jullian $g préface du commandant Paul Boudier
210    $a Paris $c Amiot-Dumont $d 1955 $e Condé-sur-Escaut $g Impr. de C. Descamps
215    $a 1 vol. (212 p.) $c fig., pl., couv. ill. $d in-8
225    $a Bibliothèque de l'aviation
339    $a m
410  0 $0 42713506 $t Bibliothèque de l'aviation $x 2261-0618 $d 1955
700    $3 11909217 $9 18839 $o ISNI0000000115760078 $a Jullian $b Marcel $f 1922-2004 $4 070
702    $3 12223699 $9 333351 $o ISNI0000000000207125 $a Boudier $b Paul $f 1919-2003 $4 080
801  0 $a FR $b FR-751131015 $c 19970701 $g AFNOR $h FRBNF322939950000001 $2 intermrc
999    $a FRBNF322939950000001
995    $0 0 $2 0 $4 0 $5 2005-03-24 $9 126287 $P 156.00 $b MED $c MED $e MED3E $f C0002721173 $h AZZMAZZ $k Mag. in-8/11 878 $o 0 $p 156.00 $r PRETLIV $s MAG___IN811_878_00000000000000 $w 1 $y 2014-06-30

