02341cam a2200481   4500
001 112060
003 http://www.mediathequederoubaix.fr/ark:/20179/KH112060
010    $a 2-262-01847-2 $b br. $d Prix : 125 F : 19,06 EUR
020    $a FR $b 00146083
033    $a http://catalogue.bnf.fr/ark:/12148/cb37655106z
035    $a FRBNF376551060000002
039    $o OPL $a 026783607
090    $a 112060
091    $b 20240506 $c 1 $a 2
099    $t LI $c 2014-06-30 $d 2024-05-06 $x 5
100    $a 20011009d2001    m  y0frey50      ba
101 0  $a fre
102    $a FR
105    $a ||||z   00|y|
106    $a r
181  0 $6 01 $a i  $b xxxe  
181    $6 02 $c txt $2 rdacontent
182  0 $6 01 $a n
182    $6 02 $c n $2 rdamedia
200 1  $a Le drame des harkis $b Texte imprimé $f Abd-El-Aziz Méliani
205    $a [Nouv. éd.]
210    $a [Paris] $c Perrin $d 2001 $e 18-Saint-Amand-Montrond $g Bussière Camedan impr.
215    $a 233 p. $c couv. ill. $d 23 cm
300    $a Bibliogr. p. 227-228. Glossaire
330    $a Né en Algérie, ancien officier, Abd-el-Aziz Méliani a servi en Algérie comme lieutenant-chef d'un commando de chasse. Il a quitté l'armée pour engager le combat pour la reconnaissance de la communauté française des harkis. Ce livre sera utile à l'examen d'un des drames majeurs de la seconde moitié du XXè siècle français : entre 100.000 et 150.000 harkis meurent dans des conditions atroces en 1962.
339    $a m
606    $3 11954158 $9 47906 $a Harkis $3 13319365 $9 3495 $x Politique publique $3 11931476 $9 109 $y France $2 rameau
607    $3 11951977 $9 566 $a Algérie $z 1954-1962 (Guerre d'Algérie) $2 rameau
608    $3 16583977 $9 64260 $a Récits personnels harkis $2 rameau
676    $a 965.046 $v 23
676    $a 362.860 92392765044 $v 23
686    $a 944 $2 Cadre de classement de la Bibliographie nationale française
686    $a 93 $2 Cadre de classement de la Bibliographie nationale française
700    $3 12356388 $9 64261 $o ISNI000000003067762X $a Méliani $b Abd-El-Aziz $4 070
801  0 $a FR $b FR-751131015 $c 20011009 $g AFNOR $h FRBNF376551060000002 $2 intermrc
856 4  $u http://gallica.bnf.fr/ark:/12148/bpt6k33604663
999    $a FRBNF376551060000002
995    $0 0 $2 0 $4 0 $5 2005-03-24 $9 126451 $P 15.24 $b MED $c MED $e MED3A $f C0003241304 $h ACFHSZZ $k Doc./963 HAR $o 0 $p 15.24 $r PRETLIV $s DOC___963_000000000000000_HAR $w 52 $y 2022-09-17

