00970nam a2200253   4500
001 112367
003 http://www.mediathequederoubaix.fr/ark:/20179/KH112367
005 20180724124926.0
010    $a 2-7256-1045-1
033    $a http://catalogue.bnf.fr/ark:/12148/cb34738961c
035 00 $a HZ_RBX179154
090    $a 112367
091    $a 0
099    $t LI $c 2014-06-30 $d 2014-06-30 $x 0
100    $a 19       1982    k  y0frey5003    ba
101    $a fre
200    $a Jouons à la conjugaison et à la grammaire par les mots croisés $f par Gérard Barroy,...
210    $a Paris $c Ed. Retz $d 1982
215    $a 142-[18] p. $c ill., couv. ill. $d 22 cm
339    $a m
700 0  $9 287673 $a Barroy $b Gérard
801  0 $a FR $b 595126101 $c 20050324 $g AFNOR
930    $5 595126101:C0002217140 $b 595126101 $a MAG L/P 8/112 114 $e Fonds patrimonial
995    $0 0 $2 0 $4 0 $5 2005-03-24 $9 126817 $b MED $c MED $e MED3I $f C0002217140 $h PPEFGZZ $k MAG L/P 8/112 114 $o 2 $r PRETLIV $s MAG_LP_8112_114000000000000 $w 0 $y 2014-06-30

