01346nam a22003373n 4500
001 112480
003 http://www.mediathequederoubaix.fr/ark:/20179/KH112480
033    $a http://catalogue.bnf.fr/ark:/12148/cb330386062
035    $a FRBNF330386060000002
039    $o CRI $a LX001008640704P 
090    $a 112480
091    $a 2 $b 20240506 $c 1
099    $t LI $c 2014-06-30 $d 2024-05-06 $x 2
100    $a 19970701d1962    m  y0frey50      ba
101 0  $a fre
102    $a FR
105    $a ||||z   00|||
106    $a r
181  0 $6 01 $a i  $b xxxe  
181    $6 02 $c txt $2 rdacontent
182  0 $6 01 $a n
182    $6 02 $c n $2 rdamedia
200 1  $a Histoire mondiale de la stratégie ["Strategy"]. Traduit de l'américain par Lucien Poirier $b Texte imprimé $f B. H. Liddell Hart
210    $a Paris $c Plon (impr. Plon) $d 1962
215    $a In-16 (20 cm), XII-455 p. 19,50 NF. [D. L. 5519-62]
339    $a m
700    $3 12016876 $9 63489 $o ISNI0000000110570259 $a Hart $b Basil Henry Liddell $4 070
702    $3 11996722 $9 298989 $o ISNI0000000114683509 $a Poirier $b Lucien $4 730
801  0 $a FR $b FR-751131015 $c 19970701 $g AFNOR $h FRBNF330386060000002 $2 intermrc
999    $a FRBNF330386060000002
995    $0 0 $2 0 $4 0 $5 2005-03-24 $9 126937 $P 156.00 $b MED $c MED $e MED3E $f C0003215727 $h AZZMAZZ $k Mag. in-8/11 561 $o 0 $p 156.00 $r PRETLIV $s MAG___IN811_561_00000000000000 $w 2 $y 2017-04-01

