00877nam a2200229   4500
001 112643
003 http://www.mediathequederoubaix.fr/ark:/20179/KH112643
005 20160125005153.0
035 00 $a HZ_RBX179485
090    $a 112643
091    $a 0
099    $t LI $c 2014-06-30 $d 2014-06-30 $x 0
100    $a 19       1981    k  y0frey5003    ba
101    $a fre
200    $a 250 adresses culturelles $e région Nord-Pas-de Calais
210    $a Lille $c Office Culturel Régional $d 1981
215    $a 60 p. $c couv. ill. en coul. $d 21 cm
339    $a m
607    $9 143396 $a Nord-Pas-de-Calais (France) $x Vie culturelle $x Répertoires
801  0 $a FR $b 595126101 $c 20070830 $g AFNOR
930    $5 595126101:C0002217239 $b 595126101 $a BR 8/1399 $e Fonds patrimonial
995    $0 0 $2 0 $4 0 $5 2005-03-24 $9 127105 $b MED $c MED $e MED3M $f C0002217239 $h PPEFGZZ $k BR 8/1399 $o 2 $r PRETLIV $s BR_81399_000000000000000 $w 0 $y 2014-06-30

