01187nam a2200289   4500
001 112830
003 http://www.mediathequederoubaix.fr/ark:/20179/KH112830
005 20220916053115.0
035 00 $a HZ_RBX179715
071 0  $a 330 $b E V
090    $a 112830
091    $a 0
099    $t LI $c 2014-06-30 $d 2022-09-16 $x 0
100    $a 19       1953    k  y0frey5003    ba
101    $a fre
200    $a La ballade des baladins $b Musique imprimée $f mus. de Gilbert Bécaud $g poème de Louis Amade $g chanson créée et enregistrée par Gilbert Bécaud
210    $a Paris $c Ed. Vianelly $d cop. 1953
215    $a 1 partition ([2] f.) $c couv. ill. $d 28 cm
300    $a Don de M. Woisson
339    $a m
606 0  $a Chansons françaises $x Partitions $2 rameau
701    $4 230 $7 ba0yba0y $8 fre    $a Bécaud $b Gilbert $f 1927-2001 $9 3939
702 0  $9 170085 $4 320 $a Woisson $b Alain
701    $7 ba0yba0y $8 fre    $a Amade $b Louis $f 1915-1992 $4 520 $9 29782
801  0 $a FR $b 595126101 $c 20070830 $g AFNOR
930    $5 595126101:C0003230418 $b 595126101 $a BR 4/2407 $e Fonds patrimonial
995    $0 0 $2 0 $4 0 $5 2005-03-24 $9 127315 $b MED $c MED $e MED3N $f C0003230418 $h PPEFGZZ $k BR 4/2407 $o 2 $r PRETLIV $s BR_42407_000000000000000 $w 0 $y 2014-06-30

