01534cam a22003493n 4500
001 112942
003 http://www.mediathequederoubaix.fr/ark:/20179/KH112942
033    $a http://catalogue.bnf.fr/ark:/12148/cb33019440h
035    $a FRBNF330194400000000
039    $o CRI $a LX000906230201P
090    $a 112942
091    $a 2 $b 20240506 $c 1
099    $t LI $c 2014-06-30 $d 2024-05-06 $x 0
100    $a 19970701d1962    m  y0frey50      ba
101 0  $a fre
102    $a FR
105    $a ||||z   00|||
106    $a r
181  0 $6 01 $a i  $b xxxe  
181    $6 02 $c txt $2 rdacontent
182  0 $6 01 $a n
182    $6 02 $c n $2 rdamedia
200 1  $a L'Ère de Trujillo["la Era de Trujillo"], anatomie d'une dictature latino-américaine. Traduit de l'espagnol par J. [Jean] Grignon Dumoulin. Préface de Claude Julien $b Texte imprimé $f Jesus de Galindez
210    $a Paris $c Gallimard (Mesnil, impr. Firmin-Didot et Cie) $d 1962
215    $a In-16 (20 cm), 358 p., couv. ill. 17,50 NF. [D. L. 8696-62]
339    $a m
700    $3 12495921 $9 299013 $o ISNI0000000083636055 $a Galindez $b Jesús de $4 070
702    $3 12495922 $9 64516 $o ISNI0000000001809945 $a Grignon-Dumoulin $b Jacques $4 730
702    $3 12104882 $9 24085 $o ISNI0000000084050435 $a Julien $b Claude $4 080
801  0 $a FR $b FR-751131015 $c 19970701 $g AFNOR $h FRBNF330194400000000 $2 intermrc
999    $a FRBNF330194400000000
995    $0 0 $2 0 $4 0 $5 2005-03-24 $9 127429 $P 156.00 $b MED $c MED $e MED3E $f C0003243746 $h AZZMAZZ $k Mag. in-8/10 985 $o 0 $p 156.00 $r PRETLIV $s MAG___IN810_985_00000000000000 $w 0 $y 2014-06-30

