01023nam a2200277   4500
001 113092
003 http://www.mediathequederoubaix.fr/ark:/20179/KH113092
005 20220801073550.0
035 00 $a HZ_RBX180041
090    $a 113092
091    $a 0
099    $t LI $c 2014-06-30 $d 2022-08-01 $x 0
100    $a 19       1930    k  y0frey5003    ba
101    $a fre
200    $a Routes $f Armand Dehorne
210    $a Lille $c Mercure de Flandre $d 1930
215    $a 220 p. $d 24 cm
225 0  $a Hard labour trilogie $v 2
310    $a Ex. n ̊72/200
339    $a m
410    $t Hard labour trilogie $v 2
493    $1 Hard labour trilogie / Armand Dehorne $1 Mercure de Flandre , 1929-1931
700    $7 ba0yba0y $8 fre    $a Dehorne $b Armand $f 1882-1974 $9 286529
801  0 $a FR $b 595126101 $c 20050324 $g AFNOR
930    $5 595126101:C0003228403 $b 595126101 $a MAG L/P 8/112 198 $e Fonds patrimonial
995    $0 0 $2 0 $4 0 $5 2005-03-24 $9 127657 $b MED $c MED $e MED3I $f C0003228403 $h PPEFGZZ $k MAG L/P 8/112 198 $o 2 $r PRETLIV $s MAG_LP_8112_198000000000000 $w 0 $y 2014-06-30

