01062na  a2200277   4500
001 113207
003 http://www.mediathequederoubaix.fr/ark:/20179/KH113207
005 20180724124929.0
035 00 $a HZ_RBX180177
090    $a 113207
091    $a 0
099    $t LI $c 2014-06-30 $d 2014-06-30 $x 0
100    $a 19       1930    k  y0frey5003    ba
101    $a fre
200    $a Dictionnaire pratique des tissus $f sous la dir. de Georges Gilonne $g avec la collab. de MM. Louis Bret, Jean Nicout, Joanny Keck,...
210    $a Lyon $c J. Desvigne $d 1930
215    $a 550-[6] f. de pl. $c ill. en noir et en coul. $d 23 cm
320    $a Bibliogr.
339    $a m
606    $9 240435 $a Textiles et tissus $x Dictionnaires
700 0  $9 287740 $a Gilonne $b Georges $4 340
702 0  $9 287741 $a Bret $b Louis $4 070
702 0  $9 287742 $a Nicout $b Jean $4 070
702 0  $9 287743 $a Keck $b Joanny $4 070
801  0 $a FR $b 595126101 $c 20070830 $g AFNOR
995    $0 0 $2 0 $4 0 $5 2005-03-24 $9 127775 $b MED $c MED $e MED3I $f C0003244750 $h PPEFGZZ $k MAG L/P 8/112 210 $o 2 $r PRETLIV $s MAG_LP_8112_210000000000000 $w 0 $y 2014-06-30

