01490nam a2200361   4500
001 113398
003 http://www.mediathequederoubaix.fr/ark:/20179/KH113398
010    $a 2-84335-128-6 $b br. $d Prix : 14 EUR : 91,83 F
020    $a FR $b 00210186
033    $a http://catalogue.bnf.fr/ark:/12148/cb38803838g
035    $a FRBNF388038380000004
090    $a 113398
091    $b 20240506 $c 1 $a 2
099    $t LI $c 2014-06-30 $d 2024-05-06 $x 2
100    $a 20020312d2002    m  y0frey50      ba
101 0  $a fre
102    $a FR
105    $a ||||z   00|||
106    $a r
181  0 $6 01 $a i  $b xxxe  
181    $6 02 $c txt $2 rdacontent
182  0 $6 01 $a n
182    $6 02 $c n $2 rdamedia
200 1  $a Et que les vers mangent le boeuf mort $b Texte imprimé $f Lydie Salvayre
210    $a [Paris] $c Verticales $d 2002 $e 61-Lonrai  $g  Normandie roto impr.
215    $a 171 p. $c  couv. ill.  $d 21 cm
330    $a Un recueil de sept textes, dont certains inédits, dans lesquels l'auteur aborde divers sujets : les dessins érotiques de Picasso, les huissiers de justice, etc.
339    $a m
686    $a 804 $2 Cadre de classement de la Bibliographie nationale française
700    $3 12148837 $9 1709 $o ISNI0000000398643014 $a Salvayre $b Lydie $f 1948-.... $4 070
801  0 $a FR $b FR-751131015 $c 20020312 $g AFNOR $h FRBNF388038380000004 $2 intermrc
999    $a FRBNF388038380000004
995    $0 0 $2 0 $4 0 $5 2005-04-16 $9 127978 $P 14.20 $b MED $c MED $e MED1A $f C0004113067 $h ALTROZZ $k R/SAL $o 0 $p 14.20 $r PRETLIV $s RSAL $w 7 $y 2016-08-05

