02420cam a2200493   4500
001 113548
003 http://www.mediathequederoubaix.fr/ark:/20179/KH113548
010    $a 2-7459-0379-9 $b rel. $d 11 EUR
020    $a FR $b 00238472
033    $a http://catalogue.bnf.fr/ark:/12148/cb38885465d
035    $a FRBNF388854650000008
073  0 $a 9782745903792 $2 ALS
090    $a 113548
091    $b 20240506 $c 1 $a 2
099    $t LI $c 2014-06-30 $d 2024-05-06 $x 27
100    $a 20021001d2002    a  y0frey50      ba
101 0  $a fre
102    $a FR
105    $a ||||z   00|y|
106    $a r
181  0 $6 01 $a i  $b xxxe  
181    $6 02 $c txt $2 rdacontent
182  0 $6 01 $a n
182    $6 02 $c n $2 rdamedia
200 1  $a Le port $b Texte imprimé $f Stéphane Frattini $g [ill.] Danièle Schulthess
210    $a Toulouse $c Milan $d 2002 $e impr. en Belgique
215    $a 36 p. $c ill. en coul., couv. ill. en coul. $d 26 cm
300    $a La couv. porte en plus : "une ou deux fois par jour, poissons, crustacés et coquillages sont vendus aux enchères..."
330    $a Pour découvrir les activités de la navigation maritime et fluviale, les ports de commerce, de pêche, de plaisance, et s'informer sur l'univers de la mer et des bateaux.
339    $a a
606    $3 13318424 $9 64666 $7 ba0yba0y $8 fre    $a Ports $3 12042408 $9 314947 $x Ouvrages pour la jeunesse $2 rameau $9 64666
606    $3 13318424 $9 64666 $a Ports $2 rameau
608    $3 12042408 $9 314947 $a Ouvrages pour la jeunesse $2 rameau
608    $a Documentaires : religion $2 CNLJ $k Avis critique donné par le Centre national de la littérature pour la jeunesse
610 0  $a Bateau de pêche (ALS)
610 0  $a Port (ALS)
676    $a 387.1 $v 23
686    $a 380 $2 Cadre de classement de la Bibliographie nationale française
700    $3 12751093 $9 10617 $o ISNI0000000121329188 $a Frattini $b Stéphane $f 1964-.... $4 070
702    $3 11924147 $9 4809 $o ISNI000000012128061X $a Schulthess $b Danièle $f 1957-.... $4 440
801  0 $a FR $b FR-751131015 $c 20021001 $g AFNOR $h FRBNF388854650000008 $2 intermrc
999    $a FRBNF388854650000008
995    $0 0 $2 0 $4 0 $5 2005-03-24 $9 128178 $P 8.25 $b MED $c MED $e MED2A $f C0003223788 $h JDT60ZZ $k E/624 EAU $o 0 $p 8.25 $r PRETLIV $s E_624_000000000000000_EAU $w 27 $y 2023-09-13
995    $0 0 $2 0 $4 0 $5 2005-03-24 $9 128179 $P 8.25 $b MED $c MED $e MED0A $f C0003223720 $h JDT60ZZ $k EXT E/624 EAU $n 2024-07-10 $o 0 $p 8.25 $r PRETLIV $s EXT_E_624_000000000000000_EAU $w 19 $y 2023-08-29 $7  $8  $A  $m  $z 

