01185nam a22003253n 4500
001 113896
003 http://www.mediathequederoubaix.fr/ark:/20179/KH113896
033    $a http://catalogue.bnf.fr/ark:/12148/cb330086111
035    $a FRBNF330086110000001
039    $o CRI $a LX000808590708P 
090    $a 113896
091    $a 2 $b 20240506 $c 1
099    $t LI $c 2014-06-30 $d 2024-05-06 $x 0
100    $a 19970701d1960    m  y0frey50      ba
101 0  $a fre
102    $a FR
105    $a ||||z   00|||
106    $a r
181  0 $6 01 $a i  $b xxxe  
181    $6 02 $c txt $2 rdacontent
182  0 $6 01 $a n
182    $6 02 $c n $2 rdamedia
200 1  $a U.R.S.S.-U.S.A. $b Texte imprimé $f Pierre Fontaine
210    $a Paris $c les Sept couleurs (Condé-sur-Noireau, Impr. condéenne) $d 1960
215    $a In-16 (19 cm), 248 p. [D. L. 2773-61]
339    $a m
700    $3 11501161 $9 318546 $a Fontaine $b Pierre $4 070
801  0 $a FR $b FR-751131015 $c 19970701 $g AFNOR $h FRBNF330086110000001 $2 intermrc
999    $a FRBNF330086110000001
995    $0 0 $2 0 $4 0 $5 2005-03-24 $9 128587 $P 156.00 $b MED $c MED $e MED3E $f C0003272054 $h AZZMAZZ $k Mag. in-8/10 612 $o 0 $p 156.00 $r PRETLIV $s MAG___IN810_612_00000000000000 $w 0 $y 2014-06-30

