01144nam a2200265   4500
001 114021
003 http://www.mediathequederoubaix.fr/ark:/20179/KH114021
005 20220904034244.0
035 00 $a HZ_RBX181230
090    $a 114021
091    $a 0
099    $t LI $c 2014-06-30 $d 2022-09-04 $x 0
100    $a 19       1985    k  y0frey5003    ba
101    $a fre
200    $a Ports, navires et négociants à Dunkerque $e 1662-1792 $f Christian Pfister-Langanay,... $g préf. de Pierre Deyon,...
210    $a Dunkerque (Nord) $c Société dunkerquoise $d 1985
215    $a 677 p.-[44] p. de pl. $c ill., couv. ill. $d 24 cm
320    $a Bibliogr. Index
339    $a m
606 0  $a Ports $x Aspect économique $y France $y Dunkerque (Nord) $2 rameau
700    $7 ba0yba0y $8 fre    $a Pfister-Langanay $b Christian $9 80692
702    $7 ba0yba0y $8 fre    $a Deyon $b Pierre $f 1927-2002 $4 080 $9 30456
801  0 $a FR $b 595126101 $c 20070830 $g AFNOR
930    $5 595126101:C0003228924 $b 595126101 $a MAG L/P 8/112 326 $e Fonds patrimonial
995    $0 0 $2 0 $4 0 $5 2005-03-24 $9 128712 $b MED $c MED $e MED3I $f C0003228924 $h PPEFGZZ $k MAG L/P 8/112 326 $o 2 $r PRETLIV $s MAG_LP_8112_326000000000000 $w 0 $y 2014-06-30

