01820cam a22004093  4500
001 114152
003 http://www.mediathequederoubaix.fr/ark:/20179/KH114152
010    $d 75 fr.
033    $a http://catalogue.bnf.fr/ark:/12148/cb32421982n
035    $a FRBNF324219820000004
039    $o CRI $a SU075204670001P
090    $a 114152
091    $a 2 $b 20240506 $c 1
099    $t LI $c 2014-06-30 $d 2024-05-06 $x 0
100    $a 19970701d1945    m  y0frey50      ba
101 0  $a fre
102    $a FR
105    $a a   z   00|||
106    $a r
181  0 $6 01 $a i  $b xxxe  
181    $6 02 $c txt $2 rdacontent
182  0 $6 01 $a n
182    $6 02 $c n $2 rdamedia
200 1  $a La Ridondaine, avec Kerguelen et la belle Louison $b Texte imprimé $f Guillemette Marrier $g avec 2 dessins... d'Etienne Blandin... $g [préface par Roger Vercel]
210    $a Paris $c Plon $d 1945 $e Paris $g impr. de Plon
215    $a 1 vol. (V-246 p.) $c fig., portrait, couv. ill. $d 19 cm
339    $a m
607    $3 15331735 $9 298382 $a Kerguelen, Îles (Terres australes et antarctiques françaises, France) $2 AFNOR NF Z 44-081
607    $3 15287406 $9 297682 $a Pacifique, Océan $2 AFNOR NF Z 44-081
610 0  $a Voyage 1773. Pacifique. Kerguelen (SGE_OM)
700    $3 12749525 $9 299059 $o ISNI0000000468709163 $a Marrier $b Guillemette $f 1877-1962 $4 070
702    $3 11927908 $9 7748 $o ISNI0000000121042427 $a Vercel $b Roger $f 1894-1957 $4 080
702    $3 14875524 $9 299060 $o ISNI0000000112328474 $a Blandin $b Etienne $f 1903-1991 $4 440
801  0 $a FR $b FR-751131015 $c 19970701 $g AFNOR $h FRBNF324219820000004 $2 intermrc
856 4  $u http://gallica.bnf.fr/ark:/12148/bpt6k378092b
999    $a FRBNF324219820000004
995    $0 0 $2 0 $4 0 $5 2005-03-24 $9 128853 $P 156.00 $b MED $c MED $e MED3T $f C0003259373 $h PPEFGZZ $k BHIS/82 $o 0 $p 156.00 $r PRETLIV $s BHIS_82_000000000000000 $w 0 $y 2014-06-30 $7  $8  $A  $m  $z 

