01193nam a22003133n 4500
001 114309
003 http://www.mediathequederoubaix.fr/ark:/20179/KH114309
033    $a http://catalogue.bnf.fr/ark:/12148/cb319265458
035    $a FRBNF319265450000003
039    $o CRI $a SU024502700001P  
090    $a 114309
091    $a 2 $b 20240506 $c 1
099    $t LI $c 2014-06-30 $d 2024-05-06 $x 0
100    $a 19970701d1922    m  y0frey50      ba
101 0  $a fre
102    $a FR
105    $a ||||z   00|||
106    $a r
181  0 $6 01 $a i  $b xxxe  
181    $6 02 $c txt $2 rdacontent
182  0 $6 01 $a n
182    $6 02 $c n $2 rdamedia
200 1  $a Necropolis, roman $b Texte imprimé $f Henry Champly
210    $a Tours, impr. E. Arrault et Cie $a Paris, éditions de la Sirène, 29, boulevard Malesherbes $d 1922. In-16, 278 p. [8157]
339    $a m
700    $3 12736005 $9 64898 $o ISNI0000000084108457 $a Champly $b Henry $4 070
801  0 $a FR $b FR-751131015 $c 19970701 $g AFNOR $h FRBNF319265450000003 $2 intermrc
999    $a FRBNF319265450000003
995    $0 0 $2 0 $4 0 $5 2005-03-24 $9 129014 $P 24.00 $b MED $c MED $e MED3T $f C0003261964 $h PPEFGZZ $k BHIS/331 $o 0 $p 24.00 $r PRETLIV $s BHIS_331_000000000000000 $w 1 $y 2014-06-30 $7  $8  $A  $m  $z 

