01698cam a22003973  4500
001 114426
003 http://www.mediathequederoubaix.fr/ark:/20179/KH114426
010    $d 1800 et 2450 fr.
033    $a http://catalogue.bnf.fr/ark:/12148/cb32598773f
035    $a FRBNF325987730000004
039    $o CRI $a SU094807560001P
039    $o OPP $a 32598774 $d 20090819
090    $a 114426
091    $a 2 $b 20240506 $c 1
099    $t LI $c 2014-06-30 $d 2024-05-06 $x 0
100    $a 19970701g19491951m  y0frey50      ba
101 0  $a fre
102    $a FR
105    $a ||||z   00|a|
106    $a r
181  0 $6 01 $a i  $b xxxe  
181    $6 02 $c txt $2 rdacontent
182  0 $6 01 $a n
182    $6 02 $c n $2 rdamedia
200 1  $a Oeuvres de Sainte Beuve $b Texte imprimé $f texte présenté et annoté par Maxime Leroy
210    $a (Paris,) $c Gallimard $d 1949 $e Paris $g Impr. Union
215    $a 2 vol. (1224, 1561 p.) $d 18 cm
225    $a Bibliothèque de la Pléiade $v 80 $v 88
339    $a m
410  0 $0 34234526 $t Bibliothèque de la Pléiade $x 0768-0562 $v 80, 88
700    $3 11923412 $9 45048 $o ISNI0000000121340360 $a Sainte-Beuve $b Charles-Augustin $f 1804-1869 $4 070
702    $3 11912624 $9 287844 $o ISNI0000000121258105 $a Leroy $b Maxime $f 1873-1957 $4 340
801  0 $a FR $b FR-751131015 $c 19970701 $g AFNOR $h FRBNF325987730000004 $2 intermrc
999    $a FRBNF325987730000004
995    $0 0 $2 0 $4 0 $5 2005-03-24 $9 129156 $P 156.00 $b MED $c MED $e MED3E $f C0003260120 $h ALTTLZZ $k Mag 8/10 233 $o 0 $p 156.00 $r PRETLIV $s MAG_8_100000000000000_233 $w 0 $y 2014-06-30 $7  $8  $A  $m  $z 
995    $0 0 $2 0 $4 0 $5 2005-03-24 $9 129157 $P 156.00 $b MED $c MED $e MED3E $f C0003364380 $h ALTTLZZ $k Mag 8/6 141 $o 0 $p 156.00 $r PRETLIV $s MAG_8_600000000000000_141 $w 0 $y 2014-06-30 $7  $8  $A  $m  $z 

