01329nam a2200325   4500
001 114608
003 http://www.mediathequederoubaix.fr/ark:/20179/KH114608
005 20220927045648.0
035 00 $a HZ_RBX181938
090    $a 114608
091    $a 0
099    $t LI $c 2014-06-30 $d 2022-09-27 $x 0
100    $a 19       1830    k  y0frey5003    ba
101    $a fre
200    $a Correspondance $h Tome I $f Voltaire $g avec préf., avertissements, notes, etc. par M. Beuchot
210    $a Paris $c Lefèvre $c Firmin Didot frères $c Werdet et Lequien fils $d 1830
215    $a XI-558 p. $d 21 cm
225 0  $a Oeuvres de Voltaire $v 51
300    $a Inventaire ENSAIT n ̊7657/51
300    $a Ex libris impr. Pierre Destombes
310    $a Dos chagrin vert foncé
339    $a m
410    $t Oeuvres de Voltaire $v 51
600    $a Voltaire $f 1694-1778 $x Correspondance $2 rameau
700    $7 ba0yba0y $8 fre    $a Voltaire $f 1694-1778 $9 8832
702    $9 166363 $4 320 $a Destombes $b Pierre $c roubaisien $f 1846-1915
702 0  $9 272781 $a Beuchot $b Adrien-Jean-Quentin $f 1777-1851 $4 070
801  0 $a FR $b 595126101 $c 20121109 $g AFNOR
930    $5 595126101:C0003063560 $b 595126101 $a LD/1356 $e Fonds patrimonial; legs Destombes
995    $0 0 $2 0 $4 0 $5 2005-03-24 $9 129376 $b MED $c MED $e MED3T $f C0003063560 $h PPELGZZ $k LD/1356 $o 2 $r PRETLIV $s LD_1356_000000000000000 $w 0 $y 2014-06-30

