01548cam a22003493n 4500
001 114727
003 http://www.mediathequederoubaix.fr/ark:/20179/KH114727
033    $a http://catalogue.bnf.fr/ark:/12148/cb325796196
035    $a FRBNF325796190000001
039    $o CRI $a SU092804770001P
090    $a 114727
091    $a 2 $b 20240507 $c 1
099    $t LI $c 2014-06-30 $d 2024-05-07 $x 0
100    $a 19970701d1951    m  y0frey50      ba
101 0  $a fre
102    $a FR
105    $a ||||z   00|||
106    $a r
181  0 $6 01 $a i  $b xxxe  
181    $6 02 $c txt $2 rdacontent
182  0 $6 01 $a n
182    $6 02 $c n $2 rdamedia
200 1  $a Nos livres d'enfants ont menti $b Texte imprimé $e une base de discussion $f A. Brauner,... $g préface de Henri Wallon,... $c La discussion est engagée $f par René Finkelstein,... Jean Roger,...
210    $a Paris $c S.A.B.R.I. $d 1951 $e Châteauroux $g impr. de Mellottée
215    $a 1 vol. (182 p.) $c fig., fac-sim., couv. en coul. $d in-8
339    $a m
608    $a Ouvrages de référence $2 CNLJ $k Avis critique donné par le Centre national de la littérature pour la jeunesse
700    $3 11893832 $9 26486 $o ISNI0000000109324026 $a Brauner $b Alfred $4 070
702    $3 11928831 $9 22939 $o ISNI0000000121309638 $a Wallon $b Henri $4 080
801  0 $a FR $b FR-751131015 $c 19970701 $g AFNOR $h FRBNF325796190000001 $2 intermrc
999    $a FRBNF325796190000001
995    $0 0 $2 0 $4 0 $5 2005-03-24 $9 129497 $P 156.00 $b MED $c MED $e MED3E $f C0003282392 $h AZZMAZZ $k Mag. in-8/10 094 $o 0 $p 156.00 $r PRETLIV $s MAG___IN810_094_00000000000000 $w 0 $y 2014-06-30

