00843nj  a2200205   4500
001 114868
003 http://www.mediathequederoubaix.fr/ark:/20179/KH114868
005 20240507080024.0
035 00 $a HZ_RBX182244
090    $a 114868
091    $a 1 $b 20240507 $c 0
099    $t K7 $c 2014-06-30 $d 2024-05-07 $x 0
100    $a 19               k  y0frey5003    ba
101    $a fre
200    $a Immigration maghrébine à l'Epeule $b Enr. sonore $f Fatma Koulla $h 1 $h 22 décembre 1998
327    $a Situation familiale de l'intéressée $a Circonstances de l'immigration
339    $a m
801  0 $a FR $b 595126101 $c 20050324 $g AFNOR
930    $5 595126101:C0003273474 $b 595126101 $a FLRSON K7/681 $e Fonds local et régional sonore
995    $0 0 $2 0 $4 0 $5 2005-03-24 $9 129648 $P 1.00 $b MED $c MED $e MED3C $f C0003273474 $h PENRSZZ $k FLRSON K7/681 $o 2 $p 1.00 $r PRETSON $s FLRSON_K7681 $w 0 $y 2014-06-30

