01168nam a2200313   4500
001 115065
003 http://www.mediathequederoubaix.fr/ark:/20179/KH115065
005 20220605035414.0
010    $a 2-01-011658-5
011    $a 0768-0074
033    $a http://catalogue.bnf.fr/ark:/12148/cb376616595
035 00 $a HZ_RBX182473
090    $a 115065
091    $a 0
099    $t LI $c 2014-06-30 $d 2022-06-05 $x 0
100    $a 19       1986    k  y0frey5003    ba
101    $a fre
200    $a La vie quotidienne du prêtre français au XIXe siècle $e 1801-1905 $f Pierre Pierrard
210    $a Paris $c Hachette $d 1986
215    $a 488 p. $c couv. ill. en coul. $d 20 cm
225 0  $a La Vie quotidienne
320    $a Bibliogr.
339    $a m
410    $t La vie quotidienne
606 0  $9 249782 $a Prêtres $y France $z 19e siècle
700    $7 ba0yba0y $8 fre    $a Pierrard $b Pierre $f 1920-2005 $9 279306
801  0 $a FR $b 595126101 $c 20070830 $g AFNOR
930    $5 595126101:C0003230971 $b 595126101 $a MAG L/P 8/112 412 $e Fonds patrimonial
995    $0 0 $2 0 $4 0 $5 2005-03-24 $9 129853 $b MED $c MED $e MED3I $f C0003230971 $h PPEFGZZ $k MAG L/P 8/112 412 $o 2 $r PRETLIV $s MAG_LP_8112_412000000000000 $w 0 $y 2014-06-30

