00751na  a2200217   4500
001 115459
003 http://www.mediathequederoubaix.fr/ark:/20179/KH115459
005 20240508020200.0
035 00 $a HZ_RBX182949
090    $a 115459
091    $a 2 $b 20240508 $c 0
099    $t LI $c 2014-06-30 $d 2024-05-08 $x 0
100    $a 19       1964    k  y0frey5003    ba
101    $a fre
200    $a Je collectionne les timbres $f rédigé par J. et O. Verreyt
210    $c Marabout $d 1964
225 0  $a Flash $i Marabout
339    $a m
410    $t Flash. Marabout
801  0 $a FR $b 595126101 $c 20050324 $g AFNOR
995    $0 0 $2 0 $4 0 $5 2005-03-24 $9 130269 $P 24.00 $b MED $c MED $e MED3E $f C0003264556 $h AZZMAZZ $k Mag. in-8/9 709 $o 0 $p 24.00 $r PRETLIV $s MAG___IN89_709_000000000000000 $w 0 $y 2014-06-30

