01499cam a2200373   4500
001 115633
003 http://www.mediathequederoubaix.fr/ark:/20179/KH115633
033    $a http://catalogue.bnf.fr/ark:/12148/cb323997213
035    $a FRBNF323997210000007
039    $o CRI $a SU072807320001P
090    $a 115633
091    $a 2 $b 20240508 $c 1
099    $t LI $c 2014-06-30 $d 2024-05-08 $x 0
100    $a 19970701d1947    m  y0frey50      ba
101 1  $a fre $c dut
102    $a BE
105    $a ||||z   00|||
106    $a r
181  0 $6 01 $a i  $b xxxe  
181    $6 02 $c txt $2 rdacontent
182  0 $6 01 $a n
182    $6 02 $c n $2 rdamedia
200 1  $a Un autre monde $b Texte imprimé $f Madeleine Lulofs $g traduit du néerlandais par Marie et Raymond Blanpain
210    $a Bruxelles $c Éditions de la Paix $d cop. 1947 $e Courtrai $g impr. de J. Vermaut
215    $a 1 vol. (359 p.) $d in-16
339    $a m
454  1 $t De andere wereld
686    $a 890 $2 Cadre de classement de la Bibliographie nationale française
700    $3 11118549 $9 318616 $a Lulofs $b Madeleine $4 070
702    $3 12536313 $9 65390 $o ISNI0000000001743464 $a Blanpain $b Marie $4 730
702    $3 12536312 $9 65389 $o ISNI0000000001778149 $a Blanpain $b Raymond $4 730
801  0 $a FR $b FR-751131015 $c 19970701 $g AFNOR $h FRBNF323997210000007 $2 intermrc
999    $a FRBNF323997210000007
995    $0 0 $2 0 $4 0 $5 2005-03-24 $9 130447 $P 156.00 $b MED $c MED $e MED3E $f C0003264409 $h ALTROZZ $k Mag. in-8/9 371 $o 0 $p 156.00 $r PRETLIV $s MAG___IN8_9_371000000000000 $w 0 $y 2014-06-30

