01507nam a22003613n 4500
001 115844
003 http://www.mediathequederoubaix.fr/ark:/20179/KH115844
033    $a http://catalogue.bnf.fr/ark:/12148/cb315073942
035    $a FRBNF315073940000003
039    $o CRI $a CG019604250701P  
090    $a 115844
091    $a 2 $b 20240508 $c 1
099    $t LI $c 2014-06-30 $d 2024-05-08 $x 0
100    $a 19970701d1953    m  y0frey50      ba
101 0  $a fre
102    $a FR
105    $a ||||z   00|||
106    $a r
181  0 $6 01 $a i  $b xxxe  
181    $6 02 $c txt $2 rdacontent
182  0 $6 01 $a n
182    $6 02 $c n $2 rdamedia
200 1  $a Amos Tutuola. L'Ivrogne dans la brousse ("the Palm-wine drinkard and his dead palm-wine tapster in the deads'town"), traduit de l'anglais par Raymond Queneau, roman $b Texte imprimé
210    $a (Paris,) $c Gallimard $d 1953
215    $a In-16, 199 p.
300    $a Du monde entier
339    $a m
500 11 $3 13505583 $9 299136 $a The palm-wine drinkard and his dead palm-wine tapster in the Dead's town $m français $2 lien automatique
700    $3 12028545 $9 7635 $o ISNI000000012103403X $a Tutuola $b Amos $4 070
702    $3 11920846 $9 3836 $o ISNI0000000121441794 $a Queneau $b Raymond $4 730
801  0 $a FR $b FR-751131015 $c 19970701 $g AFNOR $h FRBNF315073940000003 $2 intermrc
999    $a FRBNF315073940000003
995    $0 0 $2 0 $4 0 $5 2005-03-24 $9 130749 $P 156.00 $b MED $c MED $e MED3E $f C0003355446 $h ALTROZZ $k Mag. in-8/9 287 $o 0 $p 156.00 $r PRETLIV $s MAG___IN8_9_287000000000000 $w 0 $y 2014-06-30

