00948na  a2200241   4500
001 116007
003 http://www.mediathequederoubaix.fr/ark:/20179/KH116007
005 20240508021238.0
035 00 $a HZ_RBX183752
090    $a 116007
091    $a 2 $b 20240508 $c 0
099    $t LI $c 2014-06-30 $d 2024-05-08 $x 0
100    $a 19920907d1924    u  u0frey5003    ba
101    $a fre
102    $a FR
200    $a Nouveaux voyages en Erewhon, accomplis vingt ans après la découverte du pays, par le premier explorateur et par son fils $f Samuel Butler
210    $a Paris $d 1924
215    $a In-16
339    $a m
700    $a Butler $b Samuel $f 1835-1902 $3 11894665 $9 287930
702    $7 ba0yba0y $8 fre    $a Larbaud $b Valery $f 1881-1957 $3 11911085 $4 730 $9 956
801  0 $a FR $b 595126101 $c 20050324 $g AFNOR
995    $0 0 $2 0 $4 0 $5 2005-03-24 $9 130923 $P 156.00 $b MED $c MED $e MED3E $f C0003297729 $h AZZMAZZ $k Mag. in-8/9 219 $o -4 $p 156.00 $r PRETLIV $s MAG___IN89_219_000000000000000 $w 0 $y 2014-06-30

