01281nam a2200289   4500
001 116124
003 http://www.mediathequederoubaix.fr/ark:/20179/KH116124
005 20220627054342.0
035 00 $a HZ_RBX183979
090    $a 116124
091    $a 0
099    $t LI $c 2014-06-30 $d 2022-06-27 $x 0
100    $a 19       1970    k  y0frey5003    ba
101    $a fre
200    $a Wattrelos $e 10 octobre 1970 $e conférence de presse $f [réal. par Jean Piat]
210    $a [S.l.] $c [s.n.] $d [1970]
215    $a Non paginé $c ill. $d 30 cm
315    $a Photocopies de courriers et d'articles de presses à l'occasion de la sortie du livre "Wattrelos, mille ans d'histoire" de Jean Piat
339    $a m
604 0  $9 122738 $a Piat $b Jean $c historien $f 1911-2002 $t Wattrelos, mille ans d'histoire
606 0  $7 ba0yba0y $8 fre    $a Coupures de presse $9 33618
607    $a Wattrelos (Nord) $x Dans la presse $2 rameau
700    $7 ba0yba0y $8 fre    $a Piat $b Jean $f 1911-2002 $9 87591
702    $7 ba0yba0y $8 fre    $a Piat $b Jean $f 1911-2002 $4 320 $9 87591
801  0 $a FR $b 595126101 $c 20070830 $g AFNOR
930    $5 595126101:C0003358868 $b 595126101 $a RES 4/5004 $e Fonds patrimonial
995    $0 0 $2 0 $4 0 $5 2005-03-24 $9 131092 $b MED $c MED $e MED3P $f C0003358868 $h PPEFGZZ $k RES 4/5004 $o 2 $r PRETLIV $s RES_45004_000000000000000 $w 0 $y 2014-06-30

