00898na  a2200229   4500
001 116252
003 http://www.mediathequederoubaix.fr/ark:/20179/KH116252
005 20240508021327.0
035 00 $a HZ_RBX184177
090    $a 116252
091    $a 2 $b 20240508 $c 0
099    $t LI $c 2014-06-30 $d 2024-05-08 $x 0
100    $a 19920302d1855    u  u0frey5003    ba
101    $a fre
102    $a FR
200    $a Impressions de voyage $e Le Spéronare $h I $f par Alexandre Dumas
210    $a Paris $c Calmann-Lévy $d 1855
339    $a m
493    $1 Impressions de voyage : Le Spéronare / par Alexandre Dumas $1 Calmann-Lévy , 1855-1897
700    $7 ba0yba0y $8 fre    $a Dumas $b Alexandre $f 1802-1870 $3 11901063 $9 3407
801  0 $a FR $b 595126101 $c 20110315 $g AFNOR
995    $0 0 $2 0 $4 0 $5 2005-03-24 $9 131228 $P 24.00 $b MED $c MED $e MED3E $f C0003299365 $h ALTROZZ $k Mag. in-8/8 956 $o 0 $p 24.00 $r PRETLIV $s MAG___IN8_8_956000000000000 $w 0 $y 2014-06-30

