01293nj  a2200289   4500
001 116374
003 http://www.mediathequederoubaix.fr/ark:/20179/KH116374
005 20240508022057.0
035 00 $a HZ_RBX184325
071 0  $a VER 06 $b Verone
090    $a 116374
091    $a 1 $b 20240508 $c 0
099    $t DC $c 2014-06-30 $d 2024-05-08 $x 0
100    $a 19       2001    k  y0frey5003    ba
101    $a fre
200    $a Y'a plus d'saisons $b Enr. sonore $a Bruges $f Les Mauvaises Langues
210    $d P 2001
215    $a 1 d.c. $e 1 f. cartonné
322    $a Enr. et mixé par Bobby Luccini, masterisé par Fred Blanc-Garin au studio Feeling
323    $a Les Mauvaises Langues sont : Benjamin Desmalines, batt. ; Bertrand Denèle, Julien Montignies, guit. ; Philippe Moreau, chant ; Nicolas Desmalines, vl ; Hervé Poinas, guit. b
339    $a m
606    $a Chansons françaises $y France $y Lille (Nord) $x Disques $2 rameau
679    $a 099.2
710    $7 ba0yba0y $8 fre    $a Les Mauvaises langues $3 14599053 $9 52406
801  0 $a FR $b 595126101 $c 20070830 $g AFNOR
930    $5 595126101:C0003242473 $b 595126101 $a FLRSON DC/1277 $e Fonds local et régional sonore
995    $0 0 $2 0 $4 0 $5 2005-03-24 $9 131351 $P 4.94 $b MED $c MED $e MED3C $f C0003242473 $h PENRSZZ $k FLRSON DC/1277 $o 2 $p 4.94 $r PRETSON $s FLRSON_DC1277 $w 0 $y 2014-06-30

