01167nam a22003373n 4500
001 116579
003 http://www.mediathequederoubaix.fr/ark:/20179/KH116579
033    $a http://catalogue.bnf.fr/ark:/12148/cb310159054
035    $a FRBNF310159050000007
039    $o CRI $a CG012404110004A  
090    $a 116579
091    $a 2 $b 20240508 $c 1
099    $t LI $c 2014-06-30 $d 2024-05-08 $x 0
100    $a 19970701d1839    m  y0frey50      ba
101 0  $a eng
102    $a GB
105    $a ||||z   00|||
106    $a r
181  0 $6 01 $a i  $b xxxe  
181    $6 02 $c txt $2 rdacontent
182  0 $6 01 $a n
182    $6 02 $c n $2 rdamedia
200 1  $a The Poetical works... Volume 1 $b Texte imprimé
210    $a London $d 1839
215    $a In-12
300    $a The Aldine edition of the British poets
339    $a m
700    $3 12033960 $9 299152 $o ISNI0000000081108515 $a Burns $b Robert $4 070
801  0 $a FR $b FR-751131015 $c 19970701 $g AFNOR $h FRBNF310159050000007 $2 intermrc
999    $a FRBNF310159050000007
995    $0 0 $2 0 $4 0 $5 2005-03-24 $9 131560 $P 24.00 $b MED $c MED $e MED3E $f C0003360140 $h AZZMAZZ $k Mag. in-8/8 820 $o 0 $p 24.00 $r PRETLIV $s MAG___IN88_820_000000000000000 $w 1 $y 2014-06-30

