00797na  a2200205   4500
001 116734
003 http://www.mediathequederoubaix.fr/ark:/20179/KH116734
005 20240508022211.0
035 00 $a HZ_RBX184776
090    $a 116734
091    $a 2 $b 20240508 $c 0
099    $t LI $c 2014-06-30 $d 2024-05-08 $x 0
100    $a 19       1950    k  y0frey5003    ba
101    $a fre
200    $a Lumière dans la jungle $e les soldats américains découvrent les missions chrétiennes du Pacifique $f Henry P. Van Dusen
210    $c Delachaux et Niestlé $d 1950
339    $a m
700 0  $a Van Dusen $b Henry P.
801  0 $a FR $b 595126101 $c 20050324 $g AFNOR
995    $0 0 $2 0 $4 0 $5 2005-03-24 $9 131718 $P 24.00 $b MED $c MED $e MED3E $f C0003300352 $h AZZMAZZ $k Mag. in-8/8 519 $o 0 $p 24.00 $r PRETLIV $s MAG___IN88_519_000000000000000 $w 0 $y 2014-06-30

