01023nam a2200277   4500
001 116852
003 http://www.mediathequederoubaix.fr/ark:/20179/KH116852
005 20220708141025.0
035 00 $a HZ_RBX184896
090    $a 116852
091    $a 0
099    $t LI $c 2014-06-30 $d 2022-07-08 $x 0
100    $a 19       1969    k  y0frey5003    ba
101    $a fre
200    $a Pour une histoire de la gauche $f Daniel Mayer
210    $a Paris $c Plon $d 1969
215    $a 445 p. $d 21 cm
320    $a Index
339    $a m
606 0  $a Gauche (science politique) $y France $x Histoire $2 rameau
606 0  $a Hommes politiques $y France $2 rameau
700    $a Mayer $b Daniel $f 1909-1996 $9 283705
702    $7 ba0yba0y $8 fre    $a Piat $b Jean $f 1911-2002 $4 320 $9 87591
801  0 $a FR $b 595126101 $c 20071003 $g AFNOR
930    $5 595126101:C0003358321 $b 595126101 $a MAG L/P 8/112 536 $e Fonds patrimonial
995    $0 0 $2 0 $4 0 $5 2005-03-24 $9 131838 $b MED $c MED $e MED3I $f C0003358321 $h PPEFGZZ $k MAG L/P 8/112 536 $o 2 $r PRETLIV $s MAG_LP_8112_536000000000000 $w 0 $y 2014-06-30

