01614cam a2200361   4500
001 117133
003 http://www.mediathequederoubaix.fr/ark:/20179/KH117133
010    $a 2-246-60621-7 $b br. $d 16 EUR
020    $a FR $b 00213988
033    $a http://catalogue.bnf.fr/ark:/12148/cb38821484g
035    $a FRBNF388214840000003
090    $a 117133
091    $b 20240508 $c 1 $a 2
099    $t LI $c 2014-06-30 $d 2024-05-08 $x 38
100    $a 20020506d2002    m  y0frey50      ba
101 0  $a fre
102    $a FR
105    $a ||||z   00|a|
106    $a r
181  0 $6 01 $a i  $b xxxe  
181    $6 02 $c txt $2 rdacontent
182  0 $6 01 $a n
182    $6 02 $c n $2 rdamedia
200 1  $a Teen spirit $b Texte imprimé $e roman $f Virginie Despentes
210    $a Paris $c B. Grasset $d 2002 $e 27-Mesnil-sur-l'Estrée $g Impr. Firmin-Didot
215    $a 221 p. $c jaquette ill. $d 21 cm
330    $a Bruno, la trentaine, est batteur dans un groupe de rock. Il est un peu irresponsable, pas assez adulte pour savoir se débrouiller tout seul. Alors quand il apprend qu'il est le père d'une enfant de treize ans, il ne sait comment l'assumer. Un roman sur la paternité, la maternité et l'adolescence.
339    $a m
686    $a 803 $2 Cadre de classement de la Bibliographie nationale française
700    $3 12456767 $9 41092 $o ISNI0000000121421718 $a Despentes $b Virginie $f 1969-.... $4 070
801  0 $a FR $b FR-751131015 $c 20020506 $g AFNOR $h FRBNF388214840000003 $2 intermrc
999    $a FRBNF388214840000003
995    $0 0 $2 0 $4 0 $5 2005-03-24 $9 132128 $P 12.80 $b MED $c MED $e MED1A $f C0003364021 $h ALTROZZ $k R/DES $o 0 $p 12.80 $r PRETLIV $s R_DES $w 78 $y 2024-04-02

