01455nam a22003373n 4500
001 117313
003 http://www.mediathequederoubaix.fr/ark:/20179/KH117313
033    $a http://catalogue.bnf.fr/ark:/12148/cb330893969
035    $a FRBNF330893960000006
039    $o CRI $a LX001402990004P 
090    $a 117313
091    $a 2 $b 20240508 $c 1
099    $t LI $c 2014-06-30 $d 2024-05-08 $x 0
100    $a 19970701d1965    m  y0frey50      ba
101 0  $a fre
102    $a FR
105    $a ||||z   00|||
106    $a r
181  0 $6 01 $a i  $b xxxe  
181    $6 02 $c txt $2 rdacontent
182  0 $6 01 $a n
182    $6 02 $c n $2 rdamedia
200 1  $a Paix sur la terre. Deux discours [Discours prononcé par Gabriel Marcel le 20 septembre 1964 à Francfort, et "Laudatio" de Carlo Schmid, Le Philosophe et la paix.] Une tragédie... [Un Juste, par Gabriel Marcel.] $b Texte imprimé $f Gabriel Marcel,...
210    $a Paris $c Éditions Montagne (Mayenne, impr. Floch) $d 1965
215    $a In-16 (18 cm), 179 p., portrait h. t. 12 F. [D. L. 4366-65]
339    $a m
503 1  $a Discours. 1964, 20 septembre
700    $3 11914394 $9 49602 $o ISNI0000000122768094 $a Marcel $b Gabriel $4 070
801  0 $a FR $b FR-751131015 $c 19970701 $g AFNOR $h FRBNF330893960000006 $2 intermrc
999    $a FRBNF330893960000006
995    $0 0 $2 0 $4 0 $5 2005-03-24 $9 132317 $P 24.00 $b MED $c MED $e MED3E $f C0003291529 $h AZZMAZZ $k Mag. in-8/6 166 $o 0 $p 24.00 $r PRETLIV $s MAG___IN86_166_000000000000000 $w 0 $y 2014-06-30

