00757na  a2200205   4500
001 117437
003 http://www.mediathequederoubaix.fr/ark:/20179/KH117437
005 20240508023114.0
035 00 $a HZ_RBX185918
090    $a 117437
091    $a 2 $b 20240508 $c 0
099    $t LI $c 2014-06-30 $d 2024-05-08 $x 0
100    $a 19       1893    k  y0frey5003    ba
101    $a fre
200    $a Les trophées $f par José-Maria de Heredia
210    $c A. Lemerre $d 1893
339    $a m
700 0  $7 ba0yba0y $8 fre    $a Heredia $b José Maria de $f 1842-1905 $3 11907327 $9 8927
801  0 $a FR $b 595126101 $c 20050324 $g AFNOR
995    $0 0 $2 0 $4 0 $5 2005-03-24 $9 132450 $P 24.00 $b MED $c MED $e MED3E $f C0003291626 $h AZZMAZZ $k Mag. in-8/6 095 $o 0 $p 24.00 $r PRETLIV $s MAG___IN86_095_000000000000000 $w 1 $y 2014-06-30

