01162nam a2200301   4500
001 117578
003 http://www.mediathequederoubaix.fr/ark:/20179/KH117578
005 20160125025310.0
035 00 $a HZ_RBX186064
090    $a 117578
091    $a 0
099    $t LI $c 2014-06-30 $d 2014-06-30 $x 0
100    $a 19       1900    k  y0frey5003    ba
101    $a fre
200    $a La peinture flamande $f par A. J. Wauters,...
205    $a 3ème éd., corrigée et complétée
210    $a Paris $c A. Picard et Kaan $d [1900]
215    $a 408 p. $c ill. $d 22cm
225 0  $a Bibliothèque de l'enseignement des beaux-arts
300    $a Inventaire ENSAIT n8̊716
339    $a m
410    $t Bibliothèque de l'enseignement des beaux-arts
700 0  $9 153957 $4 070 $a Wauters $b Alphonse-Jules
702    $9 190157 $4 651 $a Comte $b Jules
702    $9 166363 $4 320 $a Destombes $b Pierre $c roubaisien $f 1846-1915
801  0 $a FR $b 595126101 $c 20121109 $g AFNOR
930    $5 595126101:C0003082459 $b 595126101 $a LD/1550 $e Fonds patrimonial; legs Destombes
995    $0 0 $2 0 $4 0 $5 2005-03-24 $9 132599 $b MED $c MED $e MED3T $f C0003082459 $h PPELGZZ $k LD/1550 $o 2 $r PRETLIV $s LD_1550_000000000000000 $w 0 $y 2014-06-30

