02092cam a2200421   4500
001 117722
003 http://www.mediathequederoubaix.fr/ark:/20179/KH117722
010    $a 2-203-34317-6 $b rel. $d 12,50 EUR
020    $a FR $b 00249121
033    $a http://catalogue.bnf.fr/ark:/12148/cb38906578s
035    $a FRBNF38906578000000X
073  0 $a 9782203343177 $2 ALS
090    $a 117722
091    $b 20240508 $c 1 $a 2
099    $t LI $c 2014-06-30 $d 2024-05-08 $x 15
100    $a 20021106d2002    m  y0frey50      ba
101 0  $a fre
102    $a BE
105    $a ||||t   00|a|
106    $a r
181  0 $6 01 $a i  $b xxxe   $a b  $b xb2e  
181    $6 02 $c txt $c sti $2 rdacontent
182  0 $6 01 $a n
182    $6 02 $c n $2 rdamedia
200 1  $a La frontière invisible $b Texte imprimé $h T.1 $f Schuiten & Peeters
210    $a [Bruxelles] $a [Paris] $c Casterman $d 2002 $e 93-Pantin $g Impr. PPO graphic
215    $a 62 p. $c ill. en coul., couv. ill., jaquette ill. en coul. $d 31 cm
225 19 $a Les cités obscures
330    $a L'archiviste est chargé de faire un rapport sur l'existence de mystérieuses cités. Le jeune Roland est nommé au Centre de cartographie de Sodrovno-Voldachie. Presque reclus dans ce centre, il rencontre une jeune femme dont le corps est couvert de lignes étranges. Et le maréchal Radisic, dirigeant suprême, ne laisse aucun doute. Tous les moyens seront bons pour reconstituer la Grande Sodrovnie.
339    $a m
608    $a Bandes dessinées $2 CNLJ $k Avis critique donné par le Centre national de la littérature pour la jeunesse
676    $a 741.5 $v 23
686    $a 803 $2 Cadre de classement de la Bibliographie nationale française
700    $3 12012807 $9 7435 $o ISNI0000000123205568 $a Schuiten $b François $f 1956-.... $4 070
701    $3 11918929 $9 7434 $o ISNI0000000121475548 $a Peeters $b Benoît $f 1956-.... $4 070
801  0 $a FR $b FR-751131015 $c 20021106 $g AFNOR $h FRBNF38906578000000X $2 intermrc
999    $a FRBNF38906578000000X
995    $0 0 $2 0 $4 0 $5 2005-03-24 $9 132753 $P 9.38 $b MED $c MED $e MED0C $f C0003305271 $h AAPBDSR $k BD/SERIES $o 0 $p 9.38 $r PRETLIV $s BD_SERIES $w 111 $y 2023-09-30

