00937na  a2200229   4500
001 117868
003 http://www.mediathequederoubaix.fr/ark:/20179/KH117868
005 20240508024014.0
035 00 $a HZ_RBX186430
090    $a 117868
091    $a 2 $b 20240508 $c 0
099    $t LI $c 2014-06-30 $d 2024-05-08 $x 0
100    $a 19930421d1945    u  u0frey5003    ba
101    $a fre
102    $a FR
200    $a Boris Gorbatov. Les Indomptés $e roman, traduit du russe par Léon Sobolev
210    $a Paris, Éditions Hier et aujourd'hui (Impr. de Montmartre) $d 1945. In-16 (190 x 115), 215 p. 66 fr. [D. L. 1965] -XcR-
339    $a m
700    $a Gorbatov $b Boris Leontʹevitch
702    $a Sobolev $b Leonid Sergeevitch $4 730 $3 10139436 $9 287567
801  0 $a FR $b 595126101 $c 20050324 $g AFNOR
995    $0 0 $2 0 $4 0 $5 2005-03-24 $9 132964 $P 24.00 $b MED $c MED $e MED3E $f C0003306170 $h AZZMAZZ $k Mag. in-8/5 558 $o 0 $p 24.00 $r PRETLIV $s MAG___IN85_558_000000000000000 $w 0 $y 2014-06-30

