01615cam a22003973  4500
001 118011
003 http://www.mediathequederoubaix.fr/ark:/20179/KH118011
010    $d 75 fr.
033    $a http://catalogue.bnf.fr/ark:/12148/cb32250704b
035    $a FRBNF322507040000008
039    $o CRI $a SU057907240001P
090    $a 118011
091    $a 2 $b 20240508 $c 1
099    $t LI $c 2014-06-30 $d 2024-05-08 $x 0
100    $a 19970701d1943    m  y0frey50      ba
101 0  $a fre $a ger $c ger $g fre
102    $a FR
105    $a ||||z   00|||
106    $a r
181  0 $6 01 $a i  $b xxxe  
181    $6 02 $c txt $2 rdacontent
182  0 $6 01 $a n
182    $6 02 $c n $2 rdamedia
200 1  $a Poèmes $b Texte imprimé $f Hoelderlin $g traduction et préface de Geneviève Bianquis,...
210    $a Paris $c Aubier $d 1943 $e Mayenne $g impr. de Floch
215    $a 1 vol. (480 p.) $d 19 cm
225    $a Collection bilingue des classiques étrangers $e allemands
304    $a Mention parallèle de titre ou de responsabilité : Gedichte
339    $a m
410  0 $0 34230777 $t Collection bilingue des classiques étrangers $x 0335-573X $d 1943
510 1  $z ger $a Gedichte
700    $3 11886561 $9 10838 $o ISNI0000000121031808 $a Hölderlin $b Friedrich $f 1770-1843 $4 070
702    $3 11891930 $9 28564 $o ISNI0000000117755870 $a Bianquis $b Geneviève $f 1887-1972 $4 730
801  0 $a FR $b FR-751131015 $c 19970701 $g AFNOR $h FRBNF322507040000008 $2 intermrc
999    $a FRBNF322507040000008
995    $0 0 $2 0 $4 0 $5 2005-03-24 $9 133158 $P 24.00 $b MED $c MED $e MED3E $f C0003307053 $h AZZMAZZ $k Mag. in-8/5 974 $o 0 $p 24.00 $r PRETLIV $s MAG___IN85_974_000000000000000 $w 1 $y 2014-06-30

