01233cam a22003373n 4500
001 118119
003 http://www.mediathequederoubaix.fr/ark:/20179/KH118119
033    $a http://catalogue.bnf.fr/ark:/12148/cb317199895
035    $a FRBNF317199890000004
039    $o CRI $a SU003104220001P
090    $a 118119
091    $a 2 $b 20240508 $c 1
099    $t LI $c 2014-06-30 $d 2024-05-08 $x 0
100    $a 19970701d1946    m  y0frey50      ba
101 0  $a fre
102    $a FR
105    $a ||||z   00|||
106    $a r
181  0 $6 01 $a i  $b xxxe  
181    $6 02 $c txt $2 rdacontent
182  0 $6 01 $a n
182    $6 02 $c n $2 rdamedia
200 1  $a Conquête de l'éternel, roman $b Texte imprimé $f Dominique André
210    $a Paris, Gründ $a (Etampes, Impr. la Semeuse) $d 1946
215    $a In-16 (190x140), 221 p.
300    $a 135 fr. [D.L. 10146] -XcR- .14363.
339    $a m
700    $3 12758692 $9 299226 $o ISNI0000000006497792 $a André $b Dominique $4 070
801  0 $a FR $b FR-751131015 $c 19970701 $g AFNOR $h FRBNF317199890000004 $2 intermrc
999    $a FRBNF317199890000004
995    $0 0 $2 0 $4 0 $5 2005-03-24 $9 133267 $P 24.00 $b MED $c MED $e MED3E $f C0003304801 $h ALTROZZ $k Mag. in-8/5 408 $o 0 $p 24.00 $r PRETLIV $s MAG___IN8_5_408000000000000 $w 0 $y 2014-06-30

