01099nam a2200265   4500
001 118315
003 http://www.mediathequederoubaix.fr/ark:/20179/KH118315
005 20220924044738.0
035 00 $a HZ_RBX186961
090    $a 118315
091    $a 0
099    $t LI $c 2014-06-30 $d 2022-09-24 $x 0
100    $a 19       1926    k  y0frey5003    ba
101    $a fre
200    $a La loi de 1898 sur les accidents du travail $e ce que devra être demain l'œuvre du législateur $f par Charles-André Doley,... $g Parti socialiste SFIO
210    $a Paris $c Librairie populaire $d 1926
215    $a 32 p. $d 18 cm
339    $a m
606 0  $a Travail $x Accidents $x Droit $2 rameau
700 0  $9 190411 $a Doley $b Charles-André
712    $7 ba0yba0y $8 fre    $a Parti socialiste SFIO $c France $9 24961
702    $7 ba0yba0y $8 fre    $a Piat $b Jean $f 1911-2002 $4 320 $9 87591
801  0 $a FR $b 595126101 $c 20070903 $g AFNOR
930    $5 595126101:C0003359327 $b 595126101 $a BR 8/1519 $e Fonds patrimonial
995    $0 0 $2 0 $4 0 $5 2005-03-24 $9 133561 $b MED $c MED $e MED3M $f C0003359327 $h PPEFGZZ $k BR 8/1519 $o 2 $r PRETLIV $s BR_81519_000000000000000 $w 0 $y 2014-06-30

