01101nam a2200277   4500
001 118468
003 http://www.mediathequederoubaix.fr/ark:/20179/KH118468
005 20220627054347.0
035 00 $a HZ_RBX187206
090    $a 118468
091    $a 0
099    $t LI $c 2014-06-30 $d 2022-06-27 $x 0
100    $a 19       1946    k  y0frey5003    ba
101    $a fre
200    $a Programme d'action du parti socialiste $e 1946 $e assainir, produire, reconstruire, etc...
210    $a Paris $c Ed. de la Liberté $d 1946
215    $a 72 p. $d 18 cm
225 0  $a Problèmes d'aujourd'hui
339    $a m
410    $t Problèmes d'aujourd'hui
601 0  $7 ba0yba0y $8 fre    $a Parti socialiste $c France $x Et le communisme $z 1970-.... $2 rameau
606 0  $a Propagande socialiste $y France $2 rameau
702    $7 ba0yba0y $8 fre    $a Piat $b Jean $f 1911-2002 $4 320 $9 87591
801  0 $a FR $b 595126101 $c 20120127 $g AFNOR
930    $5 595126101:C0003359212 $b 595126101 $a BR 8/1527 $e Fonds patrimonial
995    $0 0 $2 0 $4 0 $5 2005-03-24 $9 133718 $b MED $c MED $e MED3M $f C0003359212 $h PPEFGZZ $k BR 8/1527 $o 2 $r PRETLIV $s BR_81527_000000000000000 $w 0 $y 2014-06-30

