01522nam a22003613n 4500
001 118575
003 http://www.mediathequederoubaix.fr/ark:/20179/KH118575
033    $a http://catalogue.bnf.fr/ark:/12148/cb32902718p
035    $a FRBNF329027180000003
039    $o CRI $a LX000105240304P 
039    $o OPP $a 32928759 $d 20110104
090    $a 118575
091    $a 2 $b 20240508 $c 1
099    $t LI $c 2014-06-30 $d 2024-05-08 $x 2
100    $a 19970701d1959    m  y0frey50      ba
101 0  $a fre
102    $a FR
105    $a ||||z   00|||
106    $a r
181  0 $6 01 $a i  $b xxxe  
181    $6 02 $c txt $2 rdacontent
182  0 $6 01 $a n
182    $6 02 $c n $2 rdamedia
200 1  $a Journal intime de l'année 1866. Texte intégral publié... avec une introduction et des notes par Léon Bopp. [2e édition.] $b Texte imprimé $f H.-F. Amiel
210    $a Paris $c Gallimard, (Le Mesnil-sur-l'Estrée, impr. Firmin-Didot et Cie) $d 1959
215    $a In-8° (23 cm), 557 p. 20 NF. [D. L. 14474-59]
339    $a m
500 11 $3 13507206 $9 299243 $a Journal intime $m français $2 lien automatique
700    $3 11888663 $9 58510 $o ISNI0000000108893075 $a Amiel $b Henri-Frédéric $4 070
702    $3 11892924 $9 63833 $o ISNI0000000108954544 $a Bopp $b Léon $4 340
801  0 $a FR $b FR-751131015 $c 19970701 $g AFNOR $h FRBNF329027180000003 $2 intermrc
999    $a FRBNF329027180000003
995    $0 0 $2 0 $4 0 $5 2005-03-24 $9 133827 $P 24.00 $b MED $c MED $e MED3E $f C0003327516 $h AZZMAZZ $k Mag. in-8/5 199 $o 0 $p 24.00 $r PRETLIV $s MAG___IN85_199_000000000000000 $w 3 $y 2015-07-29

