01094nam a2200277   4500
001 118706
003 http://www.mediathequederoubaix.fr/ark:/20179/KH118706
005 20180724125444.0
010    $z 86615
035 00 $a HZ_RBX187488
090    $a 118706
091    $a 0
099    $t LI $c 2014-06-30 $d 2014-06-30 $x 0
100    $a 19       1984    k  y0frey5003    ba
101    $a fre
200    $a La vie musicale à Amiens au XVIe siècle $f Frédéric Billiet,... $g [préf. Edith Weber]
210    $a Amiens $c Centre régional de documentation pédagogique $d 1984
215    $a 122 p. $c ill., couv. ill. $d 23 cm
320    $a Bibliogr. Index
339    $a m
606 0  $9 250044 $a Vie musicale $y France $y Amiens (Somme) $z 16e siècle
700 0  $9 288117 $a Billiet $b Frédéric $f 1958-....
702 0  $9 190532 $4 080 $a Weber $b Edith
801  0 $a FR $b 595126101 $c 20070830 $g AFNOR
930    $5 595126101:C0003246605 $b 595126101 $a MAG L/P 8/112 728 $e Fonds patrimonial
995    $0 0 $2 0 $4 0 $5 2005-03-24 $9 133961 $b MED $c MED $e MED3I $f C0003246605 $h PPEFGZZ $k MAG L/P 8/112 728 $o 2 $r PRETLIV $s MAG_LP_8112_728000000000000 $w 0 $y 2014-06-30

