01155nam a22003253n 4500
001 118899
003 http://www.mediathequederoubaix.fr/ark:/20179/KH118899
033    $a http://catalogue.bnf.fr/ark:/12148/cb365767079
035    $a FRBNF36576707000000X
039    $o CRI $a SL000202620001P  
090    $a 118899
091    $a 2 $b 20240508 $c 1
099    $t LI $c 2014-06-30 $d 2024-05-08 $x 0
100    $a 19990201d1884    m  y0frey50      ba
101 0  $a fre
102    $a FR
105    $a ||||z   000||
106    $a r
181  0 $6 01 $a i  $b xxxe  
181    $6 02 $c txt $2 rdacontent
182  0 $6 01 $a n
182    $6 02 $c n $2 rdamedia
200 1  $a Le Prince Zilah, roman parisien, par Jules Claretie $b Texte imprimé
210    $a Paris $c E. Dentu $d 1884
215    $a In-16, VII-439 p.
339    $a m
700    $3 11896929 $9 62973 $o ISNI0000000122831524 $a Claretie $b Jules $4 070
801  0 $a FR $b FR-751131015 $c 19990201 $g AFNOR $h FRBNF36576707000000X $2 intermrc
999    $a FRBNF36576707000000X
995    $0 0 $2 0 $4 0 $5 2005-03-24 $9 134191 $P 24.00 $b MED $c MED $e MED3E $f C0003332985 $h ALTROZZ $k Mag 8/4 385 $o 0 $p 24.00 $r PRETLIV $s MAG_8_400000000000000_385 $w 0 $y 2014-06-30 $7  $8  $A  $m  $z 

