01521nam a2200313   4500
001 119070
003 http://www.mediathequederoubaix.fr/ark:/20179/KH119070
005 20220927045636.0
035 00 $a HZ_RBX187998
090    $a 119070
091    $a 0
099    $t LI $c 2014-06-30 $d 2022-09-27 $x 0
100    $a 19       1869    k  y0frey5003    ba
101    $a fre
200    $a Le théâtre $f de Jean-Baptiste Poquelin de Molière $g collationné minutieusement sur les premières édi- tions et sur celles des années 1666, 1674 & 1682, orné de vignettes gravées à l'eau-forte d'après les compositions de différents articles par Frédéric Hillemacher $h Tome VII
210    $a Lyon $c N. Scheuring $d 1869
215    $a 447 p. $c ill. $d 22 cm
300    $a Inventaire ENSAIT n ̊7552/7
320    $a Table
327    $a Le bourgeois gentil-homme, comédie-ballet $a Psyché, tragédie-ballet $a Les fourberies de Scapin
339    $a m
600    $7 ba0yba0y $8 fre    $a Molière $f 1622-1673 $9 2738
606 0  $9 238137 $a Théâtre français $z 17e siècle
700    $4 070 $7 ba0yba0y $8 fre    $a Molière $f 1622-1673 $9 2738
702 0  $9 288082 $a Hillemacher $b Frédéric-Désiré $f 1811-1886 $4 070 $4 530
702    $9 166363 $4 320 $a Destombes $b Pierre $c roubaisien $f 1846-1915
801  0 $a FR $b 595126101 $c 20121109 $g AFNOR
930    $5 595126101:C0003311028 $b 595126101 $a LD/1607 $e Fonds patrimonial; legs Destombes
995    $0 0 $2 0 $4 0 $5 2005-03-24 $9 134367 $b MED $c MED $e MED3T $f C0003311028 $h PPELGZZ $k LD/1607 $o 2 $r PRETLIV $s LD_1607_000000000000000 $w 0 $y 2014-06-30

