01148nj  a2200277   4500
001 119190
003 http://www.mediathequederoubaix.fr/ark:/20179/KH119190
005 20240508071029.0
035 00 $a HZ_RBX188161
071 0  $b EMI $a 7243 538 802 2
090    $a 119190
091    $a 1 $b 20240508 $c 0
099    $t DC $c 2014-06-30 $d 2024-05-08 $x 9
100    $a 19       2002    k  y0frey5003    ba
101    $a fre
200    $a Emigrante $b Enr. sonore $f Orishas
210    $d P 2002
215    $a 1 d.c. $e 1 dépl.
327    $a ?Que pasa? $a Mujer $a Guajiro $a ?Que bola? $a Asi fue $a Ninos $a 300 kilos / avec Yuri Buenaventura $a Gladiadores $a Ausencia / avec Niko Noki $a Habana $a Testimonio $a El rey de la pachacha $a Emigrantes $a Desaparecidos $a La vida pasa / avec Passi
339    $a m
606    $a Rap (musique) $y Cuba $x Disques $2 rameau
606    $a Musique $y Cuba $x Disques $2 rameau
679    $a 053.2
710    $7 ba0yba0y $8 fre    $a Orishas $3 14028386 $9 50108
801  0 $a FR $b 595126101 $c 20081028 $g AFNOR
995    $0 0 $2 0 $3 0 $4 0 $5 2005-03-24 $9 134509 $P 17.10 $b MED $c MED $e MED1A $f C0003287596 $h AMV15ZZ $k DC/2 ORI  90.2 $o 0 $p 17.10 $r PRETSON $s DC_2_ORI_900000000000000_2 $w 76 $y 2019-03-23 $A 0

