01142nam a2200289   4500
001 119358
003 http://www.mediathequederoubaix.fr/ark:/20179/KH119358
005 20220826044204.0
035 00 $a HZ_RBX188398
090    $a 119358
091    $a 0
099    $t LI $c 2014-06-30 $d 2022-08-26 $x 0
100    $a 19       1822    k  y0frey5003    ba
101    $a fre
200    $a Oeuvres $f de J.J. Rousseau $h Vol. I8 $i Correspondance $h Tome II
210    $a Paris $c E.A.Lequien $d 1822
215    $a 491 p. $d 23 cm
300    $a Ex libris impr. Pierre Destombes
300    $a Inventaire ENSAIT n7̊658/18
310    $a Reliure dos veau jaune avec filets et décors or
339    $a m
700    $4 070 $7 ba0yba0y $8 fre    $a Rousseau $b Jean-Jacques $f 1712-1778 $3 11922879 $9 11389
702    $9 166363 $4 320 $a Destombes $b Pierre $c roubaisien $f 1846-1915
712 0  $9 130843 $a Lequien fils $c Paris
801  0 $a FR $b 595126101 $c 20121109 $g AFNOR
930    $5 595126101:C0003311256 $b 595126101 $a LD/1630 $e Fonds patrimonial; legs Destombes
995    $0 0 $2 0 $4 0 $5 2005-03-24 $9 134689 $b MED $c MED $e MED3T $f C0003311256 $h PPELGZZ $k LD/1630 $o 2 $r PRETLIV $s LD_1630_000000000000000 $w 0 $y 2014-06-30

