01510nam a2200385   4500
001 119499
003 http://www.mediathequederoubaix.fr/ark:/20179/KH119499
010    $a 2-211-02061-5 $b rel. $d 39 F
020    $a FR $b 09217240
033    $a http://catalogue.bnf.fr/ark:/12148/cb35496849m
035    $a FRBNF354968490000008
039    $o OPL $a 013788141
090    $a 119499
091    $b 20240508 $c 1 $a 2
099    $t LI $c 2014-06-30 $d 2024-05-08 $x 0
100    $a 19920217d1992    a  y0frey50      ba
101 0  $a fre
102    $a ZZ
105    $a a   z   00|y|
106    $a r
181  0 $6 01 $a i  $b xxxe   $a b  $b xb2e  
181    $6 02 $c txt $c sti $2 rdacontent
182  0 $6 01 $a n
182    $6 02 $c n $2 rdamedia
200 1  $a A, B, C de quoi rêver $b Texte imprimé $f Rascal
210    $a Paris $c L'Ecole des loisirs $a [Bruxelles] $c Pastel $d 1992 $e Impr. en Belgique
215    $a [26] p. $c ill. en coul., couv. ill. en coul. $d 18 cm
330    $a Un abécédaire imagé pour les petits.
339    $a a
608    $a Albums $2 CNLJ $k Avis critique donné par le Centre national de la littérature pour la jeunesse
686    $a 37  $2 Cadre de classement de la Bibliographie nationale française
700    $3 12247632 $9 12364 $a Rascal $f 1959-.... $4 070
801  0 $a FR $b FR-751131015 $c 19920217 $g AFNOR $h FRBNF354968490000008 $2 intermrc
999    $a FRBNF354968490000008
995    $0 0 $2 0 $4 0 $5 2005-03-24 $9 134874 $P 5.10 $b MED $c MED $e MED0A $f C0003369461 $h JABPFAF $k EXT PE A/RAS $o 0 $p 5.10 $r PRETLIV $s EXT_PE_ARAS $w 16 $y 2017-05-10 $8 MA019A

