01427cam a22003853  4500
001 119636
003 http://www.mediathequederoubaix.fr/ark:/20179/KH119636
010    $d 12 F
033    $a http://catalogue.bnf.fr/ark:/12148/cb31963503f
035    $a FRBNF319635030000004
039    $o CRI $a SU028408720001P
090    $a 119636
091    $a 2 $b 20240508 $c 1
099    $t LI $c 2014-06-30 $d 2024-05-08 $x 1
100    $a 19970701d1936    m  y0frey50      ba
101 1  $a fre $c eng
102    $a FR
105    $a ||||z   00|||
106    $a r
181  0 $6 01 $a i  $b xxxe  
181    $6 02 $c txt $2 rdacontent
182  0 $6 01 $a n
182    $6 02 $c n $2 rdamedia
200 1  $a Verts pâturages $b Texte imprimé $f Marc Connelly $g traduit par Bernardine de Menthon
210    $a Paris $c Desclée De Brouwer et Cie $d 1936 (18 décembre)
215    $a 1 vol. (239 p.) $d in-8
225    $a Les Îles $v 14
339    $a m
410  0 $0 34250369 $t Les Îles (Paris) $x 0993-5932 $v 14
454  1 $t The green pastures
700    $3 14088882 $9 299268 $o ISNI0000000083449284 $a Connelly $b Marc $f 1890-1980 $4 070
702    $3 11244208 $9 318890 $a Menthon $b Bernardine de $4 730
801  0 $a FR $b FR-751131015 $c 19970701 $g AFNOR $h FRBNF319635030000004 $2 intermrc
999    $a FRBNF319635030000004
995    $0 0 $2 0 $4 0 $5 2005-03-24 $9 135025 $P 24.00 $b MED $c MED $e MED3E $f C0003342388 $h AZZMAZZ $k Mag. in-8/4 170 $o 0 $p 24.00 $r PRETLIV $s MAG___IN84_170_000000000000000 $w 1 $y 2022-09-15

