01077nam a2200265   4500
001 119756
003 http://www.mediathequederoubaix.fr/ark:/20179/KH119756
005 20180724124920.0
035 00 $a HZ_RBX188938
090    $a 119756
091    $a 0
099    $t LI $c 2014-06-30 $d 2014-06-30 $x 0
100    $a 19       1908    k  y0frey5003    ba
101    $a fre
200    $a Les épisodes $h Première partie $i Le livre géorgique. Le livre marin. Le livre de Vénus. Le livre d'Apollon $f Auguste Angellier
210    $a Paris $c Hachette $d 1908
215    $a 215 p. $d 19 cm
225 0  $a Dans la lumière antique $v 3
339    $a m
410    $t Dans la lumière antique $v 3
493    $1 Dans la lumière antique / Auguste Angellier $1 Hachette , 1905-1925
700 0  $9 287506 $a Angellier $b Auguste $f 1848-1911
801  0 $a FR $b 595126101 $c 20050324 $g AFNOR
930    $5 595126101:C0003349657 $b 595126101 $a MAG L/P 8/112 808 $e Fonds patrimonial
995    $0 0 $2 0 $4 0 $5 2005-03-24 $9 135148 $b MED $c MED $e MED3I $f C0003349657 $h PPEFGZZ $k MAG L/P 8/112 808 $o 2 $r PRETLIV $s MAG_LP_8112_808000000000000 $w 0 $y 2014-06-30

