01274nl  a2200325   4500
001 119890
003 http://www.mediathequederoubaix.fr/ark:/20179/KH119890
005 20240508071839.0
010    $b Rel. $d 15.24 EUR.
035 00 $a HZ_RBX189123
090    $a 119890
091    $a 2 $b 20240508 $c 0
099    $t ML $c 2014-06-30 $d 2024-05-08 $x 17
100    $a 19940101d1990        0frey5003    ba
101    $a fre
102    $a FR
105    $a a       0||y|
200    $a Introduction au thaï $f Watana Noonpackdee Butori, Bernard G. Butori $g ill. J.-L. Goussé
210    $a Chennevières-sur-Marne (Val-de-Marne) $c Assimil $d 1990
215    $a XXIII-342 p. $c ill. $d 18 x 11 cm
225 2  $a Méthode quotidienne Assimil
330    $a 49 leçons progressives suivies d'un lexique. Trois cassettes vendues à part (318 F) complètent cette méthode.
339    $a m
410    $t Méthode quotidienne Assimil
606 0  $a Thaï (langue) $x Manuels pour francophones $2 rameau
676    $a 495.9
700  1 $a Noonpackdee Butori $b Watana $4 070 $3 14124970 $9 288182
701  1 $4 070 $a Butori $b BernardG.
801  0 $a FR $b 595126101 $c 20070830 $g AFNOR
995    $0 0 $2 0 $4 0 $5 2005-03-24 $9 135283 $P 12.19 $b MED $c MED $e MED3A $f C0003384534 $h ACFLALE $k VAR ML THA $o 0 $p 12.19 $r PRETLIV $s VAR_ML_THA $w 37 $y 2023-03-24

