00962na  a2200217   4500
001 120045
003 http://www.mediathequederoubaix.fr/ark:/20179/KH120045
005 20240508071908.0
035 00 $a HZ_RBX189328
090    $a 120045
091    $a 2 $b 20240508 $c 0
099    $t LI $c 2014-06-30 $d 2024-05-08 $x 0
100    $a 19       1923    k  y0frey5003    ba
101    $a fre
200    $a Souvenirs entomologiques $e Etudes sur l'instinct et les mœurs des insectes $i neuvième série $f J.H. Fabre
210    $a Paris $c Delagrave $d 1923
339    $a m
493    $1 Souvenirs entomologiques : Etudes sur l'instinct et les mœurs des insectes / J.H. Fabre $1 Delagrave , 1920-1924
700    $7 ba0yba0y $8 fre    $a Fabre $b Jean-Henri $f 1823-1915 $3 11902115 $c entomologiste $9 283433
801  0 $a FR $b 595126101 $c 20050324 $g AFNOR
995    $0 0 $2 0 $4 0 $5 2005-03-24 $9 135445 $P 24.00 $b MED $c MED $e MED3T $f C0003333274 $h PPEFGZZ $k BHIS/286 $o 0 $p 24.00 $r PRETLIV $s BHIS_286_000000000000000 $w 0 $y 2014-06-30 $7  $8  $A  $m  $z 

