01481nam a2200385   4500
001 120247
003 http://www.mediathequederoubaix.fr/ark:/20179/KH120247
010    $a 2-9510121-7-9 $b br. $d 35 F
020    $a FR $b 00035415
033    $a http://catalogue.bnf.fr/ark:/12148/cb37089639v
035    $a FRBNF370896390000003
039    $o OPL $a 025107768
090    $a 120247
091    $b 20240508 $c 1 $a 2
099    $t LI $c 2014-06-30 $d 2024-05-08 $x 1
100    $a 20000209d1999    m  y0frey50      ba
101 0  $a fre
102    $a FR
105    $a ||||z   00|a|
106    $a r
181  0 $6 01 $a i  $b xxxe  
181    $6 02 $c txt $2 rdacontent
182  0 $6 01 $a n
182    $6 02 $c n $2 rdamedia
200 1  $a L'anniversaire de Péplum $b Texte imprimé $e pièce en cinq respirations $e théâtre $f Pierre-Yves Millot
210    $a Paris $c P.-Y. Millot $d 1999 $e impr. en Hongrie
215    $a 136 p. $d 15 cm
330    $a Un vieillard adopté fête ses cent quatre-vingts ans. Une pièce où se mêlent humour, fantaisie et poésie.
339    $a m
676    $a 842.92 $v 23
686    $a 822 $2 Cadre de classement de la Bibliographie nationale française
700    $3 12540089 $9 53327 $o ISNI0000000001602135 $a Millot $b Pierre-Yves $f 1964-.... $4 070
801  0 $a FR $b FR-751131015 $c 20000209 $g AFNOR $h FRBNF370896390000003 $2 intermrc
999    $a FRBNF370896390000003
995    $0 0 $2 0 $4 0 $5 2005-03-24 $9 135660 $P 4.27 $b MED $c MED $e MED1A $f C0003373232 $h AMVTHTX $k T/MIL $o 0 $p 4.27 $r PRETLIV $s TMIL $w 3 $y 2014-12-06

