01326nam a2200289   4500
001 120442
003 http://www.mediathequederoubaix.fr/ark:/20179/KH120442
005 20220627045041.0
010    $a 2-240-00798-2
035 00 $a HZ_RBX190135
090    $a 120442
091    $a 0 $s http://www.sudoc.fr/16836221X $m 3
099    $t LI $c 2014-06-30 $d 2022-06-27 $x 0
100    $a 19       2002    k  y0frey5003    ba
101    $a fre
200    $a Victor Hugo $e témoin et acteur de son siècle $f dir. de la publ. Alain Delcamp $g édito. Christian Poncelet,...
210    $a Paris $c C.N.D.P. $d 2002
215    $a 48 p. $c ill. en coul., couv. ill. en coul. $d 30 cm
300    $a Est joint un hommage solennel du Sénat, supplémentdu J.O., débats parlementaires du 20 février 2002,série Sénat
315    $a Edité à l'occasion du bicentenaire de la naissance de Victor Hugo, 1802-2002
339    $a m
600    $a Hugo $b Victor $f 1802-1885 $x Anniversaires $2 rameau
702 0  $9 25920 $4 340 $a Delcamp $b Alain
702    $7 ba0yba0y $8 fre    $a Poncelet $b Christian $f 1928-2020 $4 080 $9 55620
801  0 $a FR $b 595126101 $c 20070830 $g AFNOR
930    $5 595126101:C0003343423 $b 595126101 $a BR 4/2494 $e Fonds patrimonial
995    $0 0 $2 0 $4 0 $5 2005-03-24 $9 135897 $b MED $c MED $e MED3N $f C0003343423 $h PPEFGZZ $k BR 4/2494 $o 2 $r PRETLIV $s BR_42494_000000000000000 $w 0 $y 2014-06-30

