02222nam a2200433   4500
001 120623
003 http://www.mediathequederoubaix.fr/ark:/20179/KH120623
010    $a 2-09-211034-9 $b br. $d 9,95 EUR
033    $a http://catalogue.bnf.fr/ark:/12148/cb39958720p
035    $a FRBNF39958720000000X
039    $o ALS $a 0322303
073  0 $a 9782092110348
090    $a 120623
091    $a 2 $b 20240508 $c 1
099    $t LI $c 2014-06-30 $d 2024-05-14 $x 73
100    $a 20020405d2002    m  y0frey50      ba
101 1  $a fre $c eng
102    $a FR
105    $a a   z   00|a|
106    $a r
181  0 $6 01 $a i  $b xxxe   $a b  $b xb2e  
181    $6 02 $c txt $c sti $2 rdacontent
182  0 $6 01 $a n
182    $6 02 $c n $2 rdamedia
200 1  $a Le laboratoire aux serpents $b Texte imprimé $f de Lemony Snicket $g ill. de Brett Helquist $g trad. de Rose-Marie Vassallo-Villaneau
210    $a Paris $c Nathan Jeunesse $d 2002
215    $a 189 p. $c ill. $d 22 x 15 cm
225 19 $a Les désastreuses aventures des orphelins Baudelaire $v 2
330    $a Violette, 14 ans, Klaus, 12 ans et le bébé Prunille ont perdu leurs parents dans un incendie et sont poursuivis par des vilains qui en veulent à leur fortune. On rencontre aussi dans cette série qui se situe entre humour et gothique littéraire, un monsieur Pœ, le comte Olaf aux doigts crochus comme un vampire et la fontaine Aléa qui se met en marche quand bon lui semble.
339    $a a
608    $a Romans $2 CNLJ $k Avis critique donné par le Centre national de la littérature pour la jeunesse
676    $a 811.5 $v 23
700    $3 14403238 $9 66146 $o ISNI0000000121305776 $a Snicket $b Lemony $4 070
702    $3 11927738 $9 3306 $o ISNI0000000121309603 $a Vassallo-Villaneau $b Rose-Marie $4 730
702    $3 14403241 $9 33442 $o ISNI0000000121389893 $a Helquist $b Brett $4 440
801  0 $a FR $b FR-751131015 $c 20020405 $g AFNOR $h FRBNF39958720000000X $2 intermrc
999    $a FRBNF39958720000000X
995    $0 0 $2 0 $4 0 $5 2005-03-24 $9 136104 $P 8.46 $b MED $c MED $e MED2A $f C0003388813 $h JROROZZ $k E R/SNI $n 2024-06-25 $o 0 $p 8.46 $r PRETLIV $s E_R_SNI $w 93 $y 2024-05-14 $A 0
995    $0 0 $2 0 $3 0 $4 0 $5 2023-02-18 $9 457078 $b MED $c MED $e MED1A $f C1400015741 $h ALTROAD $k ADO R/SNI $o 0 $p 12.00 $r PRETLIV $s ADO_R_SNI $w 4 $y 2024-04-02 $7  $8  $A 0 $m  $z 

