02145cam a2200445   4500
001 120846
003 http://www.mediathequederoubaix.fr/ark:/20179/KH120846
010    $a 2-7427-2704-3 $b br. $d Prix : 69 F : 10,52 EUR
020    $a FR $b 00064151
033    $a http://catalogue.bnf.fr/ark:/12148/cb37115278d
035    $a FRBNF371152780000009
039    $o OPL $a 025607307
073  0 $a 9782742727049 $2 ALS
090    $a 120846
091    $b 20240508 $c 1 $a 2
099    $t LI $c 2014-06-30 $d 2024-05-08 $x 14
100    $a 20000727d2000    a  y0frey50      ba
101 1  $a fre $c ita
102    $a FR
105    $a a   z   00|a|
106    $a r
181  0 $6 01 $a i  $b xxxe   $a b  $b xb2e  
181    $6 02 $c txt $c sti $2 rdacontent
182  0 $6 01 $a n
182    $6 02 $c n $2 rdamedia
200 1  $a Les cinq femmes de Barbargent $b Texte imprimé $f Adela Turin $g ill. de Nella Bosnia
210    $a Arles $c Actes Sud junior $d 2000 $e 18-Saint-Amand-Montrond $g Impr. Clerc
215    $a 39 p. $c ill. en coul., couv. ill. en coul. $d 28 cm
225    $a Les grands livres
330    $a Le riche maharadjah décida de se marier, un hiver qu'il s'ennuyait. Lisa, sa première épouse, se révéla timide et craintive. Elle l'ennuya vite. Et il s'obstina à se remarier : ni Hanna, une poétesse de talent, ni Zelda, une mondaine mélomane, ni Flor-Inda, trop savante ou Lili-Yana, trop insolente, ne lui convinrent. Elles allièrent leurs talents dans un opéra-bouffe pour raconter ses malheurs...
339    $a a
410  0 $0 36130844 $t Les Grands livres (Arles) $x 1285-9044 $d 2000
454  1 $t Le cinque mogli di Barbabrizzolato
676    $a 853.91 (oeuvre) $v 23
686    $a 823 $2 Cadre de classement de la Bibliographie nationale française
700    $3 11927261 $9 12116 $o ISNI0000000080884774 $a Turin $b Adela $f 1939-.... $4 070
702    $3 11893051 $9 12115 $o ISNI0000000121177997 $a Bosnia $b Nella $f 1946-.... $4 440
801  0 $a FR $b FR-751131015 $c 20000727 $g AFNOR $h FRBNF371152780000009 $2 intermrc
999    $a FRBNF371152780000009
995    $0 0 $2 0 $4 0 $5 2005-03-24 $9 136424 $P 8.94 $b MED $c MED $e MED2A $f C0003391329 $h JABCTEF $k E CA/TUR $o 0 $p 8.94 $r PRETLIV $s E_CA_TUR $w 32 $y 2022-03-15

