01130nam a2200277   4500
001 120955
003 http://www.mediathequederoubaix.fr/ark:/20179/KH120955
005 20220801052751.0
035 00 $a HZ_RBX190842
090    $a 120955
091    $a 0
099    $t LI $c 2014-06-30 $d 2022-08-01 $x 0
100    $a 19       1919    k  y0frey5003    ba
101    $a fre
200    $a La vérité sur les Bolcheviki $e documents et notes d'un témoin $f par Charles Dumas, ...
210    $a Paris $c Edition Franco-Slave $d 1919
215    $a 95 p. $d 18 cm
300    $a Ex-libris ms. Jean Piat
339    $a m
601 0  $7 ba0yba0y $8 fre    $a Parti socialiste $c France $x Et le communisme $z 1970-.... $2 rameau
606 0  $a Propagande socialiste $y France $2 rameau
700    $7 ba0yba0y $8 fre    $a Dumas $b Charles $f 1883-1955 $9 287448
702    $7 ba0yba0y $8 fre    $a Piat $b Jean $f 1911-2002 $4 320 $9 87591
801  0 $a FR $b 595126101 $c 20070830 $g AFNOR
930    $5 595126101:C0003350836 $b 595126101 $a BR 8/1647 $e Fonds patrimonial
995    $0 0 $2 0 $4 0 $5 2005-03-24 $9 136540 $b MED $c MED $e MED3M $f C0003350836 $h PPEFGZZ $k BR 8/1647 $o 2 $r PRETLIV $s BR_81647_000000000000000 $w 0 $y 2014-06-30

