00942na  a2200217   4500
001 121065
003 http://www.mediathequederoubaix.fr/ark:/20179/KH121065
005 20240508073445.0
035 00 $a HZ_RBX190955
090    $a 121065
091    $a 2 $b 20240508 $c 0
099    $t LI $c 2014-06-30 $d 2024-05-08 $x 0
100    $a 19941116d1931    u  u0frey5003    ba
101    $a fre
102    $a FR
200    $a François Coty. Contre le communisme. Sauvons nos colonies. Le Péril rouge en Pays noir
210    $a Montrouge, Impr. moderne, 177, route de Châtillon $a Paris, éditions Bernard Grasset $d 1931. (2 octobre.) In-16, 269 p. [677]
339    $a m
700    $7 ba0yba0y $8 fre    $3 12241032 $9 67193 $7 ba0yba0y $8 fre    $a Coty $b François $f 1874-1934
801  0 $a FR $b 595126101 $c 20050324 $g AFNOR
995    $0 0 $2 0 $4 0 $5 2005-03-24 $9 136668 $P 24.00 $b MED $c MED $e MED3E $f C0003378525 $h AZZMAZZ $k Mag. in-8/3 636 $o 0 $p 24.00 $r PRETLIV $s MAG___IN83_636_000000000000000 $w 0 $y 2014-06-30

