01316nam a22003253n 4500
001 121182
003 http://www.mediathequederoubaix.fr/ark:/20179/KH121182
033    $a http://catalogue.bnf.fr/ark:/12148/cb317248338
035    $a FRBNF317248330000004
039    $o CRI $a SU003609300001P  
090    $a 121182
091    $a 2 $b 20240508 $c 1
099    $t LI $c 2014-06-30 $d 2024-05-08 $x 0
100    $a 19970701d1914    m  y0frey50      ba
101 0  $a fre
102    $a FR
105    $a ||||z   00|||
106    $a r
181  0 $6 01 $a i  $b xxxe  
181    $6 02 $c txt $2 rdacontent
182  0 $6 01 $a n
182    $6 02 $c n $2 rdamedia
200 1  $a Principes d'économie politique. La théorie de l'échange sous le régime de la libre concurrence $b Texte imprimé $f par E. Antonelli,...
210    $a Paris, M. Rivière $d 1914. In-8°, IX-207 p., fig.
300    $a Préface de Georges Bernard. - Bibliothèque générale d'économie politique
339    $a m
700    $3 12193974 $9 299310 $o ISNI0000000109340480 $a Antonelli $b Étienne $4 070
801  0 $a FR $b FR-751131015 $c 19970701 $g AFNOR $h FRBNF317248330000004 $2 intermrc
999    $a FRBNF317248330000004
995    $0 0 $2 0 $4 0 $5 2005-03-24 $9 136792 $P 24.00 $b MED $c MED $e MED3E $f C0003399181 $h AZZMAZZ $k Mag. in-8/3 561 $o 0 $p 24.00 $r PRETLIV $s MAG___IN83_561_000000000000000 $w 0 $y 2014-06-30

