01478nam a22003613n 4500
001 121299
003 http://www.mediathequederoubaix.fr/ark:/20179/KH121299
033    $a http://catalogue.bnf.fr/ark:/12148/cb33047080s
035    $a FRBNF330470800000006
039    $o CRI $a LX001104540011PV
090    $a 121299
091    $a 2 $b 20240508 $c 1
099    $t LI $c 2014-06-30 $d 2024-05-08 $x 0
100    $a 19970701d1959????m  y0frey50      ba
101 0  $a fre
102    $a FR
105    $a ||||z   00|||
106    $a r
181  0 $6 01 $a i  $b xxxe  
181    $6 02 $c txt $2 rdacontent
182  0 $6 01 $a n
182    $6 02 $c n $2 rdamedia
200 1  $a Recherches logiques ["logische Untersuchungen"], traduit de l'allemand par Hubert Elie, avec la collaboration de Lothar Kelkel et René Schérer... $b Texte imprimé $f Edmund Husserl
210    $a Paris $c Presses universitaires de France $d 1959-
215    $a In-16 (19 cm)
300    $a Épiméthée
339    $a m
500 11 $3 11947292 $9 297543 $a Logische Untersuchungen $m français $2 lien automatique
700    $3 11908089 $9 22506 $o ISNI0000000121302460 $a Husserl $b Edmund $4 070
702    $3 11923949 $9 26167 $o ISNI0000000121201256 $a Schérer $b René $4 730
801  0 $a FR $b FR-751131015 $c 19970701 $g AFNOR $h FRBNF330470800000006 $2 intermrc
999    $a FRBNF330470800000006
995    $0 0 $2 0 $4 0 $5 2005-03-24 $9 136909 $P 24.00 $b MED $c MED $e MED3E $f C0003399288 $h AZZMAZZ $k Mag. in-8/3 451 $o 0 $p 24.00 $r PRETLIV $s MAG___IN83_451_000000000000000 $w 2 $y 2014-06-30

