01527cam a2200385   4500
001 121535
003 http://www.mediathequederoubaix.fr/ark:/20179/KH121535
033    $a http://catalogue.bnf.fr/ark:/12148/cb314601899
035    $a FRBNF31460189000000X
039    $o CRI $a CG018702430008P
039    $o OPP $a 37288355 $d 20060509
090    $a 121535
091    $a 2 $b 20240508 $c 1
099    $t LI $c 2014-06-30 $d 2024-05-08 $x 0
100    $a 19930813d1948    m  y0frey50      ba
101 0  $a fre
102    $a FR
105    $a ||||z   00|||
106    $a r
181  0 $6 01 $a i  $b xxxe  
181    $6 02 $c txt $2 rdacontent
182  0 $6 01 $a n
182    $6 02 $c n $2 rdamedia
200 1  $a Les femmes de 1848 $b Texte imprimé $f par Édith Thomas
210    $a Paris $c Presses universitaires de France $d 1948
215    $a 1 vol. (78 p.) $c couv. ill. en coul. $d in-16
225    $a Collection du Centenaire de la Révolution de 1848
339    $a m
410  0 $0 37326203 $t Collection du centenaire de la Révolution de 1848 $d 1948
686    $a 944 $2 Cadre de classement de la Bibliographie nationale française
700    $3 12175624 $9 29961 $o ISNI0000000108747051 $a Thomas $b Édith $f 1909-1970 $4 070
801  0 $a FR $b FR-751131015 $c 19930813 $g AFNOR $h FRBNF31460189000000X $2 intermrc
856 4  $u http://gallica.bnf.fr/ark:/12148/bpt6k820363
999    $a FRBNF31460189000000X
995    $0 0 $2 0 $4 0 $5 2005-03-24 $9 137151 $P 24.00 $b MED $c MED $e MED3E $f C0003404172 $h ACFHSZZ $k Mag. in-8/3 044 $o 0 $p 24.00 $r PRETLIV $s MAG___IN8_3_044000000000000 $w 0 $y 2014-06-30

