01632cam a22003853  4500
001 121642
003 http://www.mediathequederoubaix.fr/ark:/20179/KH121642
033    $a http://catalogue.bnf.fr/ark:/12148/cb31964575j
035    $a FRBNF319645750000008
039    $o CRI $a SU028511630001P
090    $a 121642
091    $a 2 $b 20240508 $c 1
099    $t LI $c 2014-06-30 $d 2024-05-08 $x 0
100    $a 19970701d1927    m  y0frey50      ba
101 0  $a fre
102    $a FR
105    $a ||||z   00|||
106    $a r
181  0 $6 01 $a i  $b xxxe  
181    $6 02 $c txt $2 rdacontent
182  0 $6 01 $a n
182    $6 02 $c n $2 rdamedia
200 1  $a Cavelier de la Salle $b Texte imprimé $e roman $f M. Constantin-Weyer $g bois en couleurs Gérard Cochet
210    $a Paris $c J. Ferenczi et fils $d 1927 (24 décembre) $e Montrouge (Seine) Impr. moderne
215    $a 1 vol. (188 p.) $c ill. $d in-8
225    $a Le Livre moderne illustré $v n° 86
339    $a m
410  0 $0 34270348 $t Le Livre moderne illustré (Paris. 1923) $v 86
686    $a 840 $2 Cadre de classement de la Bibliographie nationale française
700    $3 11897553 $9 35047 $o ISNI0000000109272334 $a Constantin-Weyer $b Maurice $f 1881-1964 $4 070
702    $3 14971758 $9 287406 $o ISNI0000000120273039 $a Cochet $b Gérard Paul $f 1888-1969 $4 440
801  0 $a FR $b FR-751131015 $c 19970701 $g AFNOR $h FRBNF319645750000008 $2 intermrc
856 4  $u http://gallica.bnf.fr/ark:/12148/bpt6k3365817j
999    $a FRBNF319645750000008
995    $0 0 $2 0 $4 0 $5 2005-03-24 $9 137259 $P 24.00 $b MED $c MED $e MED3E $f C0003398559 $h AZZMAZZ $k Mag. in-8/2 857 $o 0 $p 24.00 $r PRETLIV $s MAG___IN82_857_000000000000000 $w 0 $y 2014-06-30

