01451nam a22003613n 4500
001 121775
003 http://www.mediathequederoubaix.fr/ark:/20179/KH121775
033    $a http://catalogue.bnf.fr/ark:/12148/cb33142011x
035    $a FRBNF331420110000009
039    $o CRI $a LX001707531701P 
090    $a 121775
091    $a 2 $b 20240508 $c 1
099    $t LI $c 2014-06-30 $d 2024-05-08 $x 0
100    $a 19970701d1966    m  y0frey50      ba
101 0  $a fre
102    $a FR
105    $a ||||z   00|||
106    $a r
181  0 $6 01 $a i  $b xxxe  
181    $6 02 $c txt $2 rdacontent
182  0 $6 01 $a n
182    $6 02 $c n $2 rdamedia
200 1  $a ABC de la lecture ["ABC of reading"]. Traduit de l'américain par Denis Roche... $b Texte imprimé $f Ezra Pound
210    $a [Paris,] $c Éditions de l'Herne (Tours, impr. Mame) $d 1966
215    $a In-8° (22 cm), 251 p., couv. ill. 32 F. [D. L. 14466-66]
300    $a L'Herne. - La 2e partie contient un choix de textes en anglais
339    $a m
454  1 $t A B C of reading
700    $3 11920466 $9 27975 $o ISNI0000000116087663 $a Pound $b Ezra $4 070
702    $3 11922293 $9 280168 $o ISNI0000000109186268 $a Roche $b Denis $4 730
801  0 $a FR $b FR-751131015 $c 19970701 $g AFNOR $h FRBNF331420110000009 $2 intermrc
999    $a FRBNF331420110000009
995    $0 0 $2 0 $4 0 $5 2005-03-24 $9 137397 $P 24.00 $b MED $c MED $e MED3E $f C0003407714 $h AZZMAZZ $k Mag. in-8/2 659 $o 0 $p 24.00 $r PRETLIV $s MAG___IN82_659_000000000000000 $w 3 $y 2014-06-30

