01412nam a22003373n 4500
001 121897
003 http://www.mediathequederoubaix.fr/ark:/20179/KH121897
033    $a http://catalogue.bnf.fr/ark:/12148/cb319419071
035    $a FRBNF319419070000009
039    $o CRI $a SU026102780001P  
090    $a 121897
091    $a 2 $b 20240508 $c 1
099    $t LI $c 2014-06-30 $d 2024-05-08 $x 0
100    $a 19970701d1937    m  y0frey50      ba
101 0  $a fre
102    $a FR
105    $a ||||z   00|||
106    $a r
181  0 $6 01 $a i  $b xxxe  
181    $6 02 $c txt $2 rdacontent
182  0 $6 01 $a n
182    $6 02 $c n $2 rdamedia
200 1  $a Giboulées de mars, roman traduit et adapté de l'italien par Juliette Bertrand $b Texte imprimé $f Francesco Chiesa
210    $a Paris, impr. Busson ; Albin Michel, 22, rue Huyghens $d 1937. (10 avril.) In-16, 253 p. 15 fr. [284]
300    $a Collection des Maîtres de la littérature étrangère. Nouvelle série
339    $a m
700    $3 12068695 $9 67427 $o ISNI0000000108578243 $a Chiesa $b Francesco $4 070
702    $3 12342417 $9 56581 $o ISNI000000011556654X $a Bertrand $b Juliette $4 730
801  0 $a FR $b FR-751131015 $c 19970701 $g AFNOR $h FRBNF319419070000009 $2 intermrc
999    $a FRBNF319419070000009
995    $0 0 $2 0 $4 0 $5 2005-03-24 $9 137526 $P 24.00 $b MED $c MED $e MED3E $f C0003406124 $h AZZMAZZ $k Mag. in-8/2 492 $o 0 $p 24.00 $r PRETLIV $s MAG___IN82_492_000000000000000 $w 0 $y 2014-06-30

