02074cas a2200505   4500
001 122006
003 http://www.mediathequederoubaix.fr/ark:/20179/KH122006
011 0  $a 0526-8400 $f 0526-8400
033    $a http://catalogue.bnf.fr/ark:/12148/cb343828792
035    $a FRBNF343828790000000
035    $a (CNEPS) 05268400
039    $o OPL $a 004322116
039    $o OPP $a 32735859 $d 20060606
090    $a 122006
091    $a 2 $b 20240508 $c 1
099    $t LI $c 2014-06-30 $d 2024-05-08 $x 0
100    $a 19920304a1951    k  y0frey50      ba
101 0  $a fre
102    $a FR
106    $a r
110    $a jk|z|||||||
181  0 $6 01 $a i  $b xxxe  
181    $6 02 $c txt $2 rdacontent
182  0 $6 01 $a n
182    $6 02 $c n $2 rdamedia
200 1  $a Les Cahiers Max Jacob $b Texte imprimé
207  0 $a N° 1 (mars 1951)-n° 4 (1954/1955) $a n° 5 (1960/1961) $a n° 6 (2006)
210    $a Paris, Éditions de Paris $a (Ligugé, impr. d'Aubin) $d 1955. In-16 (20 cm), 365 p., pl., portr., couv. ill. 990 fr. [D. L. Impr.] -XcD-
300    $a Pendant la période de suspension des Cahiers, 11 numéros de "Centre de recherches Max Jacob" ont paru de 1978 à 1992
300    $a Certains numéros sont accompagnés de supports audiovisuels
326    $a Annuel
339    $a m
452  1 $0 41388436 $t Les Cahiers Max Jacob (En ligne) $x 1760-5830
488  1 $0 34360702 $t Centre de recherches Max Jacob $x 0224-3776
530 0  $a Les Cahiers Max Jacob
531    $a Cah. Max Jacob
600    $3 11908382 $9 939 $a Jacob $b Max $f 1876-1944 $3 12042895 $9 333 $x Critique et interprétation $2 rameau
608    $3 11933071 $9 26608 $a Périodiques $2 rameau
676    $a 840.5 $v 23
676    $a 848.912 (oeuvre) $v 23
710    $3 14550508 $9 319024 $o ISNI0000000121780833 $a Amis de Max Jacob $4 070
801  0 $a FR $b FR-751131015 $c 19920304 $g AFNOR $h FRBNF343828790000000 $2 intermrc
802    $a 07
999    $a FRBNF343828790000000
995    $0 0 $2 0 $4 0 $5 2005-03-24 $9 137635 $P 24.00 $b MED $c MED $e MED3E $f C0003407073 $h AZZMAZZ $k Mag. in-8/2 384 $o 0 $p 24.00 $r PRETLIV $s MAG___IN82_384_000000000000000 $w 1 $y 2014-06-30

