01194nam a22003253n 4500
001 122213
003 http://www.mediathequederoubaix.fr/ark:/20179/KH122213
033    $a http://catalogue.bnf.fr/ark:/12148/cb312398972
035    $a FRBNF312398970000004
039    $o CRI $a CG015501110004P  
090    $a 122213
091    $a 2 $b 20240508 $c 1
099    $t LI $c 2014-06-30 $d 2024-05-08 $x 0
100    $a 19970701d1930    m  y0frey50      ba
101 0  $a fre
102    $a FR
105    $a ||||z   00|||
106    $a r
181  0 $6 01 $a i  $b xxxe  
181    $6 02 $c txt $2 rdacontent
182  0 $6 01 $a n
182    $6 02 $c n $2 rdamedia
200 1  $a Donogoo-Tonka, ou les Miracles de la science. Le Bourg régénéré. 13e édition $b Texte imprimé $f Jules Romains
210    $a Paris $c Gallimard $d 1930
215    $a In-16, 247 p.
339    $a m
700    $3 13091632 $9 5666 $o ISNI0000000121283108 $a Romains $b Jules $4 070
801  0 $a FR $b FR-751131015 $c 19970701 $g AFNOR $h FRBNF312398970000004 $2 intermrc
999    $a FRBNF312398970000004
995    $0 0 $2 0 $4 0 $5 2005-03-24 $9 137890 $P 24.00 $b MED $c MED $e MED3E $f C0003420136 $h AZZMAZZ $k Mag. in-8/2 293 $o 0 $p 24.00 $r PRETLIV $s MAG___IN82_293_000000000000000 $w 0 $y 2014-06-30

