01189nam a2200277   4500
001 122450
003 http://www.mediathequederoubaix.fr/ark:/20179/KH122450
005 20220924044740.0
035 00 $a HZ_RBX192720
090    $a 122450
091    $a 0
099    $t LI $c 2014-06-30 $d 2022-09-24 $x 0
100    $a 19       1936    k  y0frey5003    ba
101    $a fre
200    $a XXXIIIe Congrès national $e 30, 31 mai, 1er et 2 juin 1936, Paris $e rapports $f Parti socialiste SFIO
210    $a Paris $c Librairie populaire $d 1936
215    $a 280 p. $d 17 cm
300    $a Ex-libris ms. Jean Piat
339    $a m
601 0  $7 ba0yba0y $8 fre    $a Parti socialiste SFIO $c France $z 1900-1945 $x Histoire $2 rameau
710    $7 ba0yba0y $8 fre    $a Parti socialiste SFIO $c France $9 24961
712 12 $9 131001 $a Congrès national du parti socialiste $d XXXIIIe $f 1936 $e Paris
702    $7 ba0yba0y $8 fre    $a Piat $b Jean $f 1911-2002 $4 320 $9 87591
801  0 $a FR $b 595126101 $c 20070903 $g AFNOR
930    $5 595126101:C0003401881 $b 595126101 $a MAG L/P 8/112 932 $e Fonds patrimonial
995    $0 0 $2 0 $4 0 $5 2005-03-24 $9 138130 $b MED $c MED $e MED3I $f C0003401881 $h PPEFGZZ $k MAG L/P 8/112 932 $o 2 $r PRETLIV $s MAG_LP_8112_932000000000000 $w 0 $y 2014-06-30

