01246nam a22003253n 4500
001 122561
003 http://www.mediathequederoubaix.fr/ark:/20179/KH122561
033    $a http://catalogue.bnf.fr/ark:/12148/cb31814357v
035    $a FRBNF318143570000008
039    $o CRI $a SU013307550001P  
090    $a 122561
091    $a 2 $b 20240508 $c 1
099    $t LI $c 2014-06-30 $d 2024-05-08 $x 0
100    $a 19970701d1923    m  y0frey50      ba
101 0  $a fre
102    $a FR
105    $a ||||z   00|||
106    $a r
181  0 $6 01 $a i  $b xxxe  
181    $6 02 $c txt $2 rdacontent
182  0 $6 01 $a n
182    $6 02 $c n $2 rdamedia
200 1  $a Isvor, le pays des saules $b Texte imprimé $f Princesse Bibesco
210    $a Paris, Plon-Nourrit et Cie $d 1923. - 2 vol. in-16, VI-274, 207 p. [Don 80-1863 (1376-1377)]
300    $a Envoi autographe de l'auteur à Maurice Barrès
339    $a m
700    $3 13091942 $9 52130 $o ISNI000000012130487X $a Bibesco $b Marthe $4 070
801  0 $a FR $b FR-751131015 $c 19970701 $g AFNOR $h FRBNF318143570000008 $2 intermrc
999    $a FRBNF318143570000008
995    $0 0 $2 0 $4 0 $5 2005-03-24 $9 138246 $P 24.00 $b MED $c MED $e MED3E $f C0003405372 $h AZZMAZZ $k Mag. in-8/2 039 $o 0 $p 24.00 $r PRETLIV $s MAG___IN82_039_000000000000000 $w 0 $y 2014-06-30

