01629nam a2200385   4500
001 122685
003 http://www.mediathequederoubaix.fr/ark:/20179/KH122685
010    $a 2-258-05720-5 $b br. $d Prix : 18,90 EUR : 123,98 F
020    $a FR $b 00222631
033    $a http://catalogue.bnf.fr/ark:/12148/cb38842221p
035    $a FRBNF388422210000004
090    $a 122685
091    $b 20240509 $c 1 $a 2
099    $t LI $c 2014-06-30 $d 2024-05-16 $x 42
100    $a 20020624d2002    m  y0frey50      ba
101 0  $a fre
102    $a FR
105    $a ||||z   00|a|
106    $a r
181  0 $6 01 $a i  $b xxxe  
181    $6 02 $c txt $2 rdacontent
182  0 $6 01 $a n
182    $6 02 $c n $2 rdamedia
200 1  $a La Cour aux Paons $b Texte imprimé $e roman $f Françoise Bourdon
210    $a [Paris] $c Presses de la Cité $d 2002 $e 18-Saint-Amand-Montrond $g Bussière Camedan impr.
215    $a 329 p. $c couv. ill. en coul. $d 23 cm
225    $a Romans Terres de France
330    $a Dans le Boulonnais, de 1899 à la Première Guerre mondiale, la vie quotidienne d'une petite ville du Nord à travers le portrait de deux femmes.
339    $a m
410  0 $0 36943980 $t Romans Terres de France $x 1635-9496 $d 2002
686    $a 803 $2 Cadre de classement de la Bibliographie nationale française
700    $3 12044235 $9 67738 $o ISNI0000000107978093 $a Bourdon $b Françoise $f 1953-.... $4 070
801  0 $a FR $b FR-751131015 $c 20020624 $g AFNOR $h FRBNF388422210000004 $2 intermrc
999    $a FRBNF388422210000004
995    $0 0 $2 0 $4 0 $5 2005-03-24 $9 138373 $P 14.18 $b MED $c MED $e MED1A $f C0003337838 $h ALTROTE $k RT/BOU $n 2024-06-27 $o 0 $p 14.18 $r PRETLIV $s RT_BOU $w 157 $y 2024-05-16

