02854cam a2200541   4500
001 122870
003 http://www.mediathequederoubaix.fr/ark:/20179/KH122870
010    $a 2-7082-3532-X $b br. $d Prix : 160 F : 24,39 EUR
020    $a FR $b 00074190
033    $a http://catalogue.bnf.fr/ark:/12148/cb37201541w
035    $a FRBNF372015410000006
039    $o OPL $a 025942330
090    $a 122870
091    $b 20240509 $c 1 $a 2
099    $t LI $c 2014-06-30 $d 2024-05-09 $x 3
100    $a 20001218d2000    m  y0frey50      ba
101 0  $a fre
102    $a FR
105    $a a   z   00|y|
106    $a r
181  0 $6 01 $a i  $b xxxe   $a b  $b xb2e  
181    $6 02 $c txt $c sti $2 rdacontent
182  0 $6 01 $a n
182    $6 02 $c n $2 rdamedia
200 1  $a Les conflits yougoslaves de A à Z $b Texte imprimé $f Jean-Arnault Dérens, Catherine Samary
210    $a Paris $c Éd. de l'Atelier-Éd. ouvrières $d 2000 $e 61-Lonrai $g Normandie roto impr.
215    $a 427 p. $c cartes, jaquette ill. en coul $d 22 cm
225    $a Collection Points d'appui $i Série 100 portes $x 1275-1561
300    $a Titre de couv. : "Les 100 portes des conflits yougoslaves"
300    $a Bibliogr. p. 411-414. Index
330    $a Après avoir été confrontée à la crise et à la guerre, la Yougoslavie, morcelée, est à nouveau en voie de désagrégation. Chaque nationalisme a mobilisé ses mythes fondateurs légitimant la création de nouveaux Etats-nations et donnant de la crise des éclairages opposés. Ce livre questionne les interprétations dominantes qui ont été données d'une tragédie encore inachevée.
339    $a m
410  0 $0 34291315 $t Collection Points d'appui. Série 100 portes $x 1275-1561 $d 2000
517 1  $a Les 100 portes des conflits yougoslaves
517 1  $a Les cent portes des conflits yougoslaves
606    $3 11953253 $9 563 $a Relations interethniques $3 12526183 $9 40289 $y Ex-Yougoslavie $2 rameau
606    $3 11953253 $9 563 $a Relations interethniques $3 11933827 $9 31515 $y Yougoslavie $2 rameau
607    $3 12526183 $9 40289 $a Ex-Yougoslavie $3 11934444 $9 494 $x Histoire $2 rameau
607    $3 11946408 $9 30265 $a Yougoslavie $x Histoire $2 rameau
676    $a 949.7 $v 23
686    $a 900 $2 Cadre de classement de la Bibliographie nationale française
686    $a 32  $2 Cadre de classement de la Bibliographie nationale française
700    $3 13561791 $9 53233 $o ISNI0000000061562083 $a Dérens $b Jean-Arnault $f 1968-.... $4 070
701    $3 12101103 $9 67830 $o ISNI0000000083589121 $a Samary $b Catherine $f 1945-.... $4 070
801  0 $a FR $b FR-751131015 $c 20001218 $g AFNOR $h FRBNF372015410000006 $2 intermrc
856 4  $u http://gallica.bnf.fr/ark:/12148/bpt6k3336567w
999    $a FRBNF372015410000006
995    $0 0 $2 0 $4 0 $5 2005-03-25 $9 138570 $P 24.39 $b MED $c MED $e MED3A $f C0003423401 $h ACFHSZZ $k Doc./959 BAL $o 0 $p 24.39 $r PRETLIV $s DOC___959_000000000000000_BAL $w 17 $y 2023-06-16

