01716nam a2200337   4500
001 123042
003 http://www.mediathequederoubaix.fr/ark:/20179/KH123042
005 20180724125436.0
033    $a http://catalogue.bnf.fr/ark:/12148/cb31238559f
035 00 $a HZ_RBX193494
090    $a 123042
091    $a 0
099    $t LI $c 2014-06-30 $d 2014-06-30 $x 0
100    $a 19       1935    k  y0frey5003    ba
101    $a fre $a frd
200    $a Deux tarifs du tonlieu de Tournai des XIIe et XIIIe siècles $e avec leurs traductions en dialecte picard du XVe siècle $f Paul Rolland,...
210    $a Lille $c E. Raoust $d 1935
215    $a 135 p. $d 24 cm
225 0  $a Mémoires de la Société d'histoire du Droit des Pays flamands, picards et wallons $v 1
300    $a Ouvrage offert par la Société d'histoire du Droit des Pays flamands, picards et wallons
300    $a Don de Fernand Carton, octobre 2015 (4/210 326)
339    $a m
410    $t Mémoires de la Société d'histoire du Droit des Pays flamands, picards et wallons $v 1
606 0  $9 250352 $a Tonlieux $y Belgique $y Tournai (Belgique) $z 1200-1299
606 0  $9 250353 $a Péages
700 0  $9 287892 $a Rolland $b Paul $f 1896-1949
711    $9 131012 $4 320 $a Société d'histoire du droit des pays flamands, picards et wallons
801  0 $a FR $b 595126101 $c 20100921 $g AFNOR
930    $5 595126101:C0003513808 $b 595126101 $a MAG L/P 8/112 945 $e Fonds patrimonial
995    $0 0 $2 0 $4 0 $5 2005-03-25 $9 138749 $b MED $c MED $e MED3I $f C0003513808 $h PPEFGZZ $k MAG L/P 8/112 945 $o 2 $r PRETLIV $s MAG_LP_8112_945000000000000 $w 0 $y 2014-06-30
995    $0 0 $2 0 $4 0 $5 2015-12-22 $9 333485 $b MED $c MED $e MED3J $f C0005776528 $h PPEFGZZ $k MAG L/P 4/210 326 $o 2 $r PRETLIV $s MAG_LP_4210_326000000000000 $w 0 $y 2015-12-22

