01412nam a22003493  4500
001 123205
003 http://www.mediathequederoubaix.fr/ark:/20179/KH123205
033    $a http://catalogue.bnf.fr/ark:/12148/cb36047352s
035    $a FRBNF360473520000003
039    $o OPL $a 019547033
090    $a 123205
091    $a 2 $b 20240509 $c 1
099    $t LI $c 2014-06-30 $d 2024-05-09 $x 1
100    $a 19930813d1905    m  y0frey50      ba
101 0  $a fre
102    $a FR
105    $a ||||z   00|y|
106    $a r
181  0 $6 01 $a i  $b xxxe  
181    $6 02 $c txt $2 rdacontent
182  0 $6 01 $a n
182    $6 02 $c n $2 rdamedia
200 1  $a Promenades philosophiques $h [Première série] $b Texte imprimé $f Remy de Gourmont
210    $a Paris $c Société du Mercure de France $d 1905
215    $a 344-8 p.
300    $a Contient : «François Bacon et Joseph de Maistre» ; «Sainte-Beuve créateur de valeurs» ; «Le pessimisme de Léopardi» ; etc.
339    $a m
686    $a 1   $2 Cadre de classement de la Bibliographie nationale française
700    $3 11905571 $9 280464 $o ISNI000000012145873X $a Gourmont $b Remy de $f 1858-1915 $4 070
801  0 $a FR $b FR-751131015 $c 19930813 $g AFNOR $h FRBNF360473520000003 $2 intermrc
999    $a FRBNF360473520000003
995    $0 0 $2 0 $4 0 $5 2005-03-25 $9 138920 $P 24.00 $b MED $c MED $e MED3E $f C0003428891 $h AZZMAZZ $k Mag. in-8/1 436 $o 0 $p 24.00 $r PRETLIV $s MAG___IN8_1_436000000000000 $w 1 $y 2021-05-11

