00792na  a2200205   4500
001 123337
003 http://www.mediathequederoubaix.fr/ark:/20179/KH123337
005 20240509021439.0
035 00 $a HZ_RBX193895
090    $a 123337
091    $a 2 $b 20240509 $c 0
099    $t LI $c 2014-06-30 $d 2024-05-09 $x 0
100    $a 19       1912    k  y0frey5003    ba
101    $a fre
200    $a Le cri de la France : des logements ! $e la gravité de la crise $e les grands remèdes $f A. Augustin Rey $g Préf. de Léopold Mabilleau
210    $c M. Rivière $d 1912
339    $a m
700 0  $a Rey $b A. Augustin
801  0 $a FR $b 595126101 $c 20050325 $g AFNOR
995    $0 0 $2 0 $4 0 $5 2005-03-25 $9 139061 $P 24.00 $b MED $c MED $e MED3E $f C0003431022 $h ACFSSZZ $k Mag. in-8/1 266 $o 0 $p 24.00 $r PRETLIV $s MAG___IN8_1_266000000000000 $w 0 $y 2014-06-30

