00838na  a2200217   4500
001 123520
003 http://www.mediathequederoubaix.fr/ark:/20179/KH123520
005 20240509021512.0
035 00 $a HZ_RBX194178
090    $a 123520
091    $a 2 $b 20240509 $c 0
099    $t LI $c 2014-06-30 $d 2024-05-09 $x 0
100    $a 19920220d1955    u  u0frey5003    ba
101    $a fre
102    $a FR
200    $a Marcel Arland. La Grâce d'écrire
210    $a Paris, Gallimard $a (Mayenne, impr. de Floch) $d 1955. In-16, 261 p. 550 fr. [D.L. 4798-55] -XcD-
339    $a m
700    $7 ba0yba0y $8 fre    $a Arland $b Marcel $f 1899-1986 $3 11889092 $9 31489
801  0 $a FR $b 595126101 $c 20050325 $g AFNOR
995    $0 0 $2 0 $4 0 $5 2005-03-25 $9 139257 $P 24.00 $b MED $c MED $e MED3E $f C0003432947 $h AZZMAZZ $k Mag. in-8/1 400 $o 0 $p 24.00 $r PRETLIV $s MAG___IN81_400_000000000000000 $w 0 $y 2014-06-30

