02034cam a2200457   4500
001 123640
003 http://www.mediathequederoubaix.fr/ark:/20179/KH123640
010    $a 2-8001-3123-3 $b rel. $d 9,50 EUR
020    $a FR $b 00345061
033    $a http://catalogue.bnf.fr/ark:/12148/cb38861214k
035    $a FRBNF388612140000002
073  0 $a 9782800131238 $2 ALS
090    $a 123640
091    $b 20240509 $c 1 $a 2
099    $t LI $c 2014-06-30 $d 2024-05-09 $x 17
100    $a 20020731d2002    m  y0frey50      ba
101 0  $a fre
102    $a BE
105    $a ||||t   00|a|
106    $a r
181  0 $6 01 $a i  $b xxxe   $a b  $b xb2e  
181    $6 02 $c txt $c sti $2 rdacontent
182  0 $6 01 $a n
182    $6 02 $c n $2 rdamedia
200 1  $a Shadow $b Texte imprimé $f Philippe Francq, Jean Van Hamme
210    $a [Marcinelle] $a [Paris] $c Dupuis $d 2002 $e impr. en Belgique
215    $a 48 p. $c ill. en coul., couv. ill. en coul. $d 30 cm
225 19 $a Largo Winch. $v 12
225    $a Repérages $x 0777-1843
321    $a Escales en littérature de jeunesse
330    $a Les affaires vont mal pour le groupe W : Largo est en prison, accusé de viol, il est accompagné de Cochrane, piégé par l'IRS pour fraude et Sarah Washington, de la division Networks, est torturée dans une cave envahie de rats...
339    $a m
410  0 $0 34253857 $t Repérages (Marcinelle) $x 0773-4794 $d 2002
608    $a Bandes dessinées $2 CNLJ $k Avis critique donné par le Centre national de la littérature pour la jeunesse
676    $a 741.5 $v 23
686    $a 803 $2 Cadre de classement de la Bibliographie nationale française
700    $3 12178800 $9 49866 $o ISNI0000000120323876 $a Francq $b Philippe $f 1961-.... $4 070
701    $3 11927594 $9 5511 $o ISNI0000000121441030 $a Van Hamme $b Jean $f 1939-.... $4 070
801  0 $a FR $b FR-751131015 $c 20020731 $g AFNOR $h FRBNF388612140000002 $2 intermrc
999    $a FRBNF388612140000002
995    $0 0 $2 0 $4 0 $5 2005-03-25 $9 139379 $P 7.13 $b MED $c MED $e MED0C $f C0003430084 $h AAPBDSR $k BD/SERIES $o 0 $p 7.13 $r PRETLIV $s BDSERIES $w 116 $y 2023-04-01

