01589cam a2200361   4500
001 123820
003 http://www.mediathequederoubaix.fr/ark:/20179/KH123820
010    $a 2-246-63461-X $b br. $d 14 EUR
020    $a FR $b 00231683
033    $a http://catalogue.bnf.fr/ark:/12148/cb388730977
035    $a FRBNF388730970000007
090    $a 123820
091    $b 20240509 $c 1 $a 2
099    $t LI $c 2014-06-30 $d 2024-05-09 $x 2
100    $a 20020829d2002    m  y0frey50      ba
101 0  $a fre
102    $a FR
105    $a ||||z   00|a|
106    $a r
181  0 $6 01 $a i  $b xxxe  
181    $6 02 $c txt $2 rdacontent
182  0 $6 01 $a n
182    $6 02 $c n $2 rdamedia
200 1  $a Pas un jour $b Texte imprimé $e roman $f Anne F. Garréta
210    $a Paris $c B. Grasset $d 2002 $e 18-Saint-Amand-Montrond $g Bussière Camedan impr.
215    $a 156 p. $d 21 cm
330    $a Un roman sous la forme d'un exercice littéraire. L'auteur dresse les portraits, classés par ordre alphabétique, des femmes qu'elle a désirées ou aimées et auxquelles elle repense chaque jour. Au gré des rencontres, elle décrit les mécanismes du désir sexuel et des rencontres amoureuses.
339    $a m
686    $a 803 $2 Cadre de classement de la Bibliographie nationale française
700    $3 12040284 $9 1265 $o ISNI0000000078278759 $a Garréta $b Anne $f 1962-.... $4 070
801  0 $a FR $b FR-751131015 $c 20020829 $g AFNOR $h FRBNF388730970000007 $2 intermrc
999    $a FRBNF388730970000007
995    $0 0 $2 0 $4 0 $5 2005-03-25 $9 139592 $P 10.50 $b MED $c MED $e MED1A $f C0003338371 $h ALTROZZ $k R/GAR $o 0 $p 10.50 $r PRETLIV $s RGAR $w 6 $y 2022-08-27

