01346nam a22003253n 4500
001 124001
003 http://www.mediathequederoubaix.fr/ark:/20179/KH124001
033    $a http://catalogue.bnf.fr/ark:/12148/cb31196685v
035    $a FRBNF311966850000008
039    $o CRI $a CG014900510303P  
090    $a 124001
091    $a 2 $b 20240509 $c 1
099    $t LI $c 2014-06-30 $d 2024-05-09 $x 0
100    $a 19970701d1925    m  y0frey50      ba
101 0  $a fre
102    $a FR
105    $a ||||z   00|||
106    $a r
181  0 $6 01 $a i  $b xxxe  
181    $6 02 $c txt $2 rdacontent
182  0 $6 01 $a n
182    $6 02 $c n $2 rdamedia
200 1  $a L'Indépendance de la Géorgie et la politique internationale du bolchevisme, discours prononcé à la Chambre des Députés, le... 29 janvier 1925... par Pierre Renaudel, accompagné d'une lettre du groupe socialiste au président du Conseil, Herriot $b Texte imprimé
210    $a Paris $c impr. l'Émancipatrice $d 1925
215    $a In-8° , 43 p.
339    $a m
700    $3 14977659 $9 68264 $o ISNI0000000043034519 $a Renaudel $b Pierre $4 070
801  0 $a FR $b FR-751131015 $c 19970701 $g AFNOR $h FRBNF311966850000008 $2 intermrc
999    $a FRBNF311966850000008
995    $0 0 $2 0 $4 0 $5 2005-03-25 $9 139775 $P 24.00 $b MED $c MED $e MED3E $f C0003432727 $h AZZMAZZ $k Mag. in-8/580 $o 0 $p 24.00 $r PRETLIV $s MAG___IN8580 $w 0 $y 2014-06-30

