01582cam a2200409   4500
001 124184
003 http://www.mediathequederoubaix.fr/ark:/20179/KH124184
010    $a 2-7465-0098-1 $b br. $d 3,90 EUR
020    $a FR $b 00245501
033    $a http://catalogue.bnf.fr/ark:/12148/cb38910100h
035    $a FRBNF389101000000001
090    $a 124184
091    $b 20240509 $c 1 $a 2
099    $t LI $c 2014-06-30 $d 2024-05-09 $x 7
100    $a 20021112d2002    m  y0frey50      ba
101 0  $a fre
102    $a FR
105    $a ||||z   00|y|
106    $a r
181  0 $6 01 $a i  $b xxxe  
181    $6 02 $c txt $2 rdacontent
182  0 $6 01 $a n
182    $6 02 $c n $2 rdamedia
200 1  $a Peut-on voyager dans le temps ? $b Texte imprimé $f Gabriel Chardin
210    $a [Paris] $c Éd. le Pommier $d 2002 $e 21-Dijon-Quétigny $g Impr. Darantière
215    $a 60 p. $c ill., couv. ill. en coul. $d 16 cm
225    $a Les petites pommes du savoir $v 14
300    $a Bibliogr. p. 59-60
339    $a m
410  0 $0 38813414 $t Les Petites pommes du savoir $x 1625-1245 $v 14
606    $3 11936362 $9 2903 $a Espace et temps $2 rameau
676    $a 530.11 $v 23
686    $a 530 $2 Cadre de classement de la Bibliographie nationale française
700    $3 12326539 $9 68339 $o ISNI0000000072464737 $a Chardin $b Gabriel $f 1955-.... $4 070
801  0 $a FR $b FR-751131015 $c 20021112 $g AFNOR $h FRBNF389101000000001 $2 intermrc
999    $a FRBNF389101000000001
995    $0 0 $2 0 $4 0 $5 2005-03-25 $9 139971 $P 3.12 $b MED $c MED $e MED3A $f C0003516050 $h ACFSCZZ $k Doc./520 ABC $o 0 $p 3.12 $r PRETLIV $s DOC___520_000000000000000_ABC $w 17 $y 2022-12-06

