01358nam a2200361   4500
001 124302
003 http://www.mediathequederoubaix.fr/ark:/20179/KH124302
020    $a FR $b 07714931
033    $a http://catalogue.bnf.fr/ark:/12148/cb34300361g
035    $a FRBNF343003610000000
039    $o OPL $a 001818648
090    $a 124302
091    $a 2 $b 20240509 $c 1
099    $t LI $c 2014-06-30 $d 2024-05-09 $x 0
100    $a 19771012g1977    m  y0frey50      ba
101 0  $a fre
102    $a FR
105    $a ||||z   00|y|
106    $a r
181  0 $6 01 $a i  $b xxxe  
181    $6 02 $c txt $2 rdacontent
182  0 $6 01 $a n
182    $6 02 $c n $2 rdamedia
200 1  $a Œuvres en prose... $b Texte imprimé $f Apollinaire $g textes établis, présentés et annotés par Michel Décaudin
210    $a [Paris] $c Gallimard $d 1977
215    $d 18 cm
339    $a m
686    $a 84  $2 Cadre de classement de la Bibliographie nationale française
700    $3 11888978 $9 16347 $o ISNI0000000121371423 $a Apollinaire $b Guillaume $4 070
702    $3 11899002 $9 280321 $o ISNI0000000108845727 $a Décaudin $b Michel $4 340
801  0 $a FR $b FR-751131015 $c 19771012 $g AFNOR $h FRBNF343003610000000 $2 intermrc
999    $a FRBNF343003610000000
995    $0 0 $2 0 $4 0 $5 2005-03-25 $9 140097 $P 24.00 $b MED $c MED $e MED3E $f C0003520554 $h AZZMAZZ $k Mag. in-8/346 $o 0 $p 24.00 $r PRETLIV $s MAG___IN8346 $w 2 $y 2014-06-30

