01515nj  a2200265   4500
001 124474
003 http://www.mediathequederoubaix.fr/ark:/20179/KH124474
005 20240509023238.0
035 00 $a HZ_RBX195449
071 0  $a 3073622 $b Anthology's
090    $a 124474
091    $a 1 $b 20240509 $c 0
099    $t DC $c 2014-06-30 $d 2024-05-09 $x 9
100    $a 19       2002    k  y0frey5003    ba
101    $a fre
200    $a Anthologie $b Enr. sonore $h Vol. 9 $f Petula Clark
210    $d P 2002
215    $a 1 d.c. $e 1 brochure (12 cm ; n.p.)
327    $a Comme une prière (Extrait de la "Messe de Leonard Bernstein) $a Comme chien et chat $a Pour aimer quelqu'un $a Flash-back $a Dans les yeux d'un homme $a Comme je t'aime mon amour $a Embrasse-moi pour ma fête $a Madame poupée $a Je fais courir $a Un petit peu d'amour $a Jour et nuit (extrait de la comédie musicale "Godspell") $a Marie désir (Mixage 45 tours) $a Volodia de Varsovie $a Je fais courir $a En juillet (un refrain) $a Pour aimer quelqu'un $a My guy $a Little bit of lovin' $a What I did for love (Extrait de la comédie musicale "A chorus line") $a I believe in love $a Downtown '77 $a How good it is to know you
339    $a m
606    $a Chansons françaises $z Années 70 $x Disques $2 rameau
679    $a 099.2
700    $7 ba0yba0y $8 fre    $a Clark $b Petula $f 1932-.... $3 13892546 $9 4385
801  0 $a FR $b 595126101 $c 20070830 $g AFNOR
995    $0 0 $2 0 $4 0 $5 2005-03-25 $9 140276 $P 17.80 $b MED $c MED $e MED3C $f C0003277478 $h AMV80ZZ $k DC/099.2 CLA $o 0 $p 17.80 $r PRETSON $s DC_099_200000000000000_CLA $w 67 $y 2019-06-19

