01646cam a2200397   4500
001 124743
003 http://www.mediathequederoubaix.fr/ark:/20179/KH124743
010    $a 2-84271-172-6 $b br. $d 16 EUR
020    $a FR $b 00250849
033    $a http://catalogue.bnf.fr/ark:/12148/cb38906306c
035    $a FRBNF38906306000000X
090    $a 124743
091    $b 20240509 $c 1 $a 2
099    $t LI $c 2014-06-30 $d 2024-05-09 $x 2
100    $a 20021105d2002    m  y0frey50      ba
101 0  $a fre
102    $a FR
105    $a ||||z   00|y|
106    $a r
181  0 $6 01 $a i  $b xxxe  
181    $6 02 $c txt $2 rdacontent
182  0 $6 01 $a n
182    $6 02 $c n $2 rdamedia
200 1  $a Journal extime $b Texte imprimé $f Michel Tournier
210    $a Paris $c la Musardine $d 2002 $e 72-La Flèche $g Impr. Brodard et Taupin
215    $a 236 p. $d 22 cm
330    $a L'auteur a forgé pour ce livre, le mot extime (ne pas prononcer à l'anglaise) qui s'oppose à intime. Ces extraits de son journal laissent apparaître l'extérieur en ignorant le moi méprisable.
339    $a m
600    $3 11926939 $9 3936 $a Tournier $b Michel $f 1924-2016 $2 rameau
608    $3 11932166 $9 577 $a Journaux intimes $2 rameau
676    $a 848.914 03 (oeuvre) $v 23
686    $a 920 $2 Cadre de classement de la Bibliographie nationale française
700    $3 11926939 $9 3936 $o ISNI0000000121029572 $a Tournier $b Michel $f 1924-2016 $4 070
801  0 $a FR $b FR-751131015 $c 20021105 $g AFNOR $h FRBNF38906306000000X $2 intermrc
999    $a FRBNF38906306000000X
995    $0 0 $2 0 $4 0 $5 2005-03-25 $9 140550 $P 12.80 $b MED $c MED $e MED1A $f C0003518688 $h ALTTLZZ $k LIT/TOU $o 0 $p 12.80 $r PRETLIV $s LITTOU $w 8 $y 2022-06-02

