00948na  a2200253   4500
001 124963
003 http://www.mediathequederoubaix.fr/ark:/20179/KH124963
005 20240509023401.0
010    $a 1-8405-9254-0
035 00 $a HZ_RBX196078
090    $a 124963
091    $a 2 $b 20240509 $c 0
099    $t LI $c 2014-06-30 $d 2024-05-09 $x 0
100    $a 19       2000    k  y0frey5003    ba
101    $a tur $a eng
200    $a Uçabiliyorum, ben neyim ? $d I can fly, what am I ? $f Alain Crozon
210    $a London $c Milet $d 2000
215    $a 5 pages animées $c ill. en coul., couv. ill. en coul. $d 28 cm
305    $a Bilingue "turc-anglais"
339    $a a
510    $a i can fly, what am I ?
700    $7 ba0yba0y $8 fre    $a Crozon $b Alain $f 1970-.... $3 12987675 $9 21338
801  0 $a FR $b 595126101 $c 20050325 $g AFNOR
995    $0 0 $2 0 $4 0 $5 2005-03-25 $9 140876 $P 5.09 $b MED $c MED $e MED0A $f C0003451195 $h JABLAFI $k EXT E TURC/A CRO $o 0 $p 5.09 $r PRETLIV $s EXT_E_TURCA_CRO $w 2 $y 2014-06-30

