01882nam a2200409   4500
001 125185
003 http://www.mediathequederoubaix.fr/ark:/20179/KH125185
010    $a 2-907846-54-X $b br. $d 8 EUR
020    $a FR $b 00209362
033    $a http://catalogue.bnf.fr/ark:/12148/cb388010781
035    $a FRBNF388010780000007
073  0 $a 9782907846547 $2 ALS
090    $a 125185
091    $b 20240509 $c 1 $a 2
099    $t LI $c 2014-06-30 $d 2024-05-09 $x 35
100    $a 20020305d2001    m  y0frey50      ba
101 0  $a fre
102    $a FR
105    $a ||||z   00|a|
106    $a r
181  0 $6 01 $a i  $b xxxe  
181    $6 02 $c txt $2 rdacontent
182  0 $6 01 $a n
182    $6 02 $c n $2 rdamedia
200 1  $a Le long voyage du pingouin vers la jungle $b Texte imprimé $f  Jean-Gabriel Nordmann
210    $a Lille $c La Fontaine éd. $d 2001
215    $a 53 p.  $c  couv. ill.  $d 21 cm
330    $a Petit Pingouin aurait pu être heureux sur sa banquise, mais il rêve de découvrir le monde des couleurs et surtout les animaux de la jungle. Par une belle nuit noire et polaire, il se met en route...
339    $a a
676    $a 842.914 (oeuvre) $v 23
686    $a 802 $2 Cadre de classement de la Bibliographie nationale française
700    $3 12080683 $9 46317 $o ISNI0000000029928137 $a Nordmann $b Jean-Gabriel $f 1947-.... $4 070
801  0 $a FR $b FR-751131015 $c 20020305 $g AFNOR $h FRBNF388010780000007 $2 intermrc
999    $a FRBNF388010780000007
995    $0 0 $2 0 $4 0 $5 2009-07-01 $9 141106 $P 9.00 $b MED $c MED $e MED2A $f C0004890635 $h JTHZZZZ $k E T/NOR $o 0 $p 9.00 $r PRETLIV $s E_T_NOR $w 13 $y 2023-05-24
995    $0 0 $2 0 $4 0 $5 2006-06-21 $9 141107 $P 9.00 $b MED $c MED $e MED0A $f C0004184636 $h JDT80ZZ $k EXT E T/NOR $o 0 $p 9.00 $r PRETLIV $s EXT_E_T_NOR $w 59 $y 2022-04-09 $8 MA038A
995    $0 0 $2 0 $4 0 $5 2005-03-25 $9 141108 $P 9.00 $b MED $c MED $e MED0A $f C0003451991 $h JDT80ZZ $k EXT E T/NOR $o 0 $p 9.00 $r PRETLIV $s EXT_E_T_NOR $w 7 $y 2021-02-20

