01778cam a2200421   4500
001 125485
003 http://www.mediathequederoubaix.fr/ark:/20179/KH125485
010    $a 2-7002-2806-5 $b rel. $d 6,70 EUR
020    $a FR $b 00242044
033    $a http://catalogue.bnf.fr/ark:/12148/cb38895630h
035    $a FRBNF388956300000007
073  0 $a 9782700228069 $2 ALS
090    $a 125485
091    $b 20240509 $c 1 $a 2
099    $t LI $c 2014-06-30 $d 2024-05-09 $x 4
100    $a 20021017d2002    a  y0frey50      ba
101 0  $a fre
102    $a FR
105    $a ||||z   00|a|
106    $a r
181  0 $6 01 $a i  $b xxxe  
181    $6 02 $c txt $2 rdacontent
182  0 $6 01 $a n
182    $6 02 $c n $2 rdamedia
200 1  $a Les couscous, les pastis et moi $b Texte imprimé $f Jean-Luc Luciani $g ill. de Gally Mathias
210    $a Paris $c Rageot $d 2002 $e 86-Ligugé $g Impr. Aubin
215    $a 90 p. $c ill., couv. ill. en coul. $d 19 cm
225    $a Cascade $e 7-9 $x 1142-8252
330    $a Comment Antonin va-t-il s'intégrer dans sa classe, divisée en deux clans rivaux qui le rejettent ?
339    $a a
410  0 $0 34252991 $t Cascade (Paris. 1989) $x 1142-8252 $d 2002
608    $a Romans $2 CNLJ $k Avis critique donné par le Centre national de la littérature pour la jeunesse
686    $a 809 $2 Cadre de classement de la Bibliographie nationale française
700    $3 13499589 $9 52688 $o ISNI0000000382305299 $a Luciani $b Jean-Luc $f 1960-.... $4 070
702    $3 13087934 $9 52684 $o ISNI0000000000670953 $a Gally $b Mathias $f 1971-.... $4 440
801  0 $a FR $b FR-751131015 $c 20021017 $g AFNOR $h FRBNF388956300000007 $2 intermrc
999    $a FRBNF388956300000007
995    $0 0 $2 0 $4 0 $5 2005-03-25 $9 141484 $P 5.70 $b MED $c MED $e MED0A $f C0003497777 $h JROROZZ $k EXT E R/LUC $o 0 $p 5.70 $r PRETLIV $s EXT_E_RLUC $w 9 $y 2017-03-15

