01078nj  a2200289   4500
001 125716
003 http://www.mediathequederoubaix.fr/ark:/20179/KH125716
005 20240509024219.0
035 00 $a HZ_RBX197208
071 0  $b Labas $a 0102
090    $a 125716
091    $a 1 $b 20240509 $c 0
099    $t DC $c 2014-06-30 $d 2024-05-09 $x 0
100    $a 19       2002    k  y0frey5003    ba
101    $a fre
200    $a Lawa 1 $b Enr. sonore $e Musique traditionnelle Bassar (Togo) $f Wagbé Gnofam
210    $d [2002]
215    $a 1 d.c.
306    $a 2002 d'après la date d'acquisition
327    $a Tchaketcha $a Malakpon'ba (guitare) $a Mannah $a N'wen (guitare) $a Mankoumdal $a Oudjakpate (guitare) $a Kilim (percussion)
339    $a m
606    $a Musique traditionnelle $y Togo $x Disques $2 rameau
606    $a Percussion, Musique de $x Disques $2 rameau
679    $a 016.1
700 0  $a Gnofam $b Wagbé
801  0 $a FR $b 595126101 $c 20070830 $g AFNOR
995    $0 0 $2 0 $4 0 $5 2005-03-25 $9 141801 $P 20.00 $b MED $c MED $e MED3C $f C0003275793 $h PENRSZZ $k FLRSON DC/1367 $o 2 $p 20.00 $r PRETSON $s FLRSON_DC1367 $w 0 $y 2014-06-30

