01603cam a2200421   4500
001 125899
003 http://www.mediathequederoubaix.fr/ark:/20179/KH125899
010    $a 2-268-03224-8 $b br. $d 105 F
020    $a FR $b 09923024
033    $a http://catalogue.bnf.fr/ark:/12148/cb370367517
035    $a FRBNF370367510000001
039    $o OPL $a 024402438
090    $a 125899
091    $b 20240509 $c 1 $a 2
099    $t LI $c 2014-06-30 $d 2024-05-09 $x 3
100    $a 19990422d1999    m  y0frey50      ba
101 1  $a fre $c ger
102    $a MC
105    $a ||||z   00|a|
106    $a r
181  0 $6 01 $a i  $b xxxe  
181    $6 02 $c txt $2 rdacontent
182  0 $6 01 $a n
182    $6 02 $c n $2 rdamedia
200 1  $a Docteur Quinn, femme médecin $b Texte imprimé $f Dorothy Laudan $g trad. de l'allemand par Michelle Lecoeur
210    $a Monaco $a [Paris] $c Éd. du Rocher $d 1999 $e 72-La Flèche $g Impr. Brodard et Taupin
215    $a 191 p. $c couv. ill. en coul. $d 23 cm
225 19 $a Docteur Quinn. $v [1]
225    $a Série culte
339    $a m
410  0 $0 36943465 $t Série Cultes $d 1999
517 1  $a Dr Quinn
686    $a 823 $2 Cadre de classement de la Bibliographie nationale française
700    $3 13524074 $9 69220 $o ISNI000000011576479X $a Laudan $b Dorothy $4 070
702    $3 12218483 $9 69221 $o ISNI0000000364475809 $a Lecoeur $b Michelle $f 1952-.... $4 730
801  0 $a FR $b FR-751131015 $c 19990422 $g AFNOR $h FRBNF370367510000001 $2 intermrc
999    $a FRBNF370367510000001
995    $0 0 $2 0 $4 0 $5 2005-03-25 $9 142020 $P 16.30 $b MED $c MED $e MED1A $f C0003449774 $h ALTROZZ $k R/LAU $o 0 $p 16.30 $r PRETLIV $s RLAU $w 16 $y 2023-10-05

