02029nj  a2200313   4500
001 126159
003 http://www.mediathequederoubaix.fr/ark:/20179/KH126159
005 20240509062938.0
035 00 $a HZ_RBX197826
071 0  $a CKD 174 $b Linn
090    $a 126159
091    $a 1 $b 20240509 $c 0
099    $t DC $c 2014-06-30 $d 2024-05-09 $x 8
100    $a 19       2001    k  y0frey5003    ba
101    $a fre
200    $a Canticum canticorum $b Enr. sonore $e motets from the song of songs $f Giovanni Pierluigi da Palestrina , comp. $g Magnificat, ens. voc et instr. $g Philip Cave, dir.
210    $d P 2001
215    $a 1 d.c. $e 1 brochure (15 p. ; 12 cm)
327    $a Osculetur me $a Trahe me post te $a Nigra sum sed formosa $a Vineam meam non custodivi $a Si ignoras te, O pulchra $a Pulchrae sunt geanae tuae $a Fasciculus myrrhae dilectus meus $a Ecce tu pulcher es $a Tota pulchra es, amica mea $a Vulnerasti cor meum $a Sicut lilium inter spinas $a Introduxit me rex $a Laeva eius sub capite meo $a Vox dilecti mei $a Surge propera, amica mea $a Surge amica mea, speciosa mea $a Dilectus meus mihi $a Surgam et circuibo civitatem $a Adiuro vos filiae Hhierusalem $a Caput eius aurum optimum $a Dilectus meus descendit $a Pulchra es amica mea $a Quae est ista quae progreditur $a Descendi in hortum nucum $a Quam pulchri sunt gressus tui $a Duo ubera tua $a Quam pulchra es et quam decora $a Guttur tuum sicut vinum optimum $a Veni dilecte mi
339    $a m
606    $a Chœurs sacrés (voix mixtes) $x Disques $2 rameau
606    $3 16237559 $9 368 $7 ba0yba0y $8 fre    $a Musique vocale sacrée $x Disques $y Italie $z 16e siècle $2 rameau
606    $3 12151626 $9 369 $7 ba0yba0y $8 fre    $a Motets $x Disques $2 rameau
679    $a 3 $c 46
700    $7 ba0yba0y $8 fre    $a Palestrina $b Giovanni Pierluigi da $f 1525?-1594 $3 13898203 $9 6459
702 0  $a Cave $b Philip
712 0  $a Magnificat
801  0 $a FR $b 595126101 $c 20070830 $g AFNOR
995    $0 0 $2 0 $4 1 $5 2005-03-25 $9 142316 $P 19.36 $b MED $c MED $e MED1A $f C0003499460 $h AMV30ZZ $k DC/3 PAL MOTET $o 4 $p 19.36 $r PRETSON $s DC_3_000000000000000_PAL_MOTET $w 32 $y 2023-11-21 $7  $8  $A 0 $m  $z 

