02479cam a2200469   4500
001 126378
003 http://www.mediathequederoubaix.fr/ark:/20179/KH126378
010    $a 2-246-62221-2 $b rel. $d 27 EUR
020    $a FR $b 00303081
033    $a http://catalogue.bnf.fr/ark:/12148/cb38935026j
035    $a FRBNF389350260000002
073  0 $a 9782246622215 $2 ALS
090    $a 126378
091    $b 20240509 $c 1 $a 2
099    $t LI $c 2014-06-30 $d 2024-05-09 $x 8
100    $a 20030103d2002    a  y0frey50      ba
101 1  $a fre $c spa
102    $a FR
105    $a ||||z   00|a|
106    $a r
181  0 $6 01 $a i  $b xxxe  
181    $6 02 $c txt $2 rdacontent
182  0 $6 01 $a n
182    $6 02 $c n $2 rdamedia
200 1  $a Six contes vagabonds $b Texte imprimé $f Gabriel García Márquez $g ill. de Carme Solé Vendrell $g [trad. par Claude Couffon et Annie Morvan]
210    $a [Paris] $c Grasset-Jeunesse $d 2002 $e 85-Luçon $g Impr. Pollina
215    $a 160 p. $c ill. en coul., couv. ill. en coul. $d 29 cm
225    $a Grands lecteurs
300    $a Contient : "Un monsieur très vieux avec des ailes immenses" ; "Le dernier voyage du vaisseau fantôme" ; "La sieste du mardi" ; "L'été heureux de Mme Forbes" ; "María dos Prazeres" ; "La lumière est comme l'eau"
327    $a La sieste du mardi $a Maria dos Prazeres $a La lumière est comme l'eau, etc
330    $a Une sélection de six contes extraits de différentes œuvres de Marquez, accessibles aux enfants. Les illustrations qui accompagnent ses histoires leur permettent de mieux intégrer l'univers particulier de cet auteur.
339    $a a
410  0 $0 34268576 $t Grands lecteurs (Paris) $x 1152-1619 $d 2002
608    $a Contes, légendes et folklore $2 CNLJ $k Avis critique donné par le Centre national de la littérature pour la jeunesse
686    $a 809 $2 Cadre de classement de la Bibliographie nationale française
700    $3 11904092 $9 1257 $o ISNI0000000121333785 $a García Márquez $b Gabriel $f 1927-2014 $4 070
702    $3 11925092 $9 20966 $o ISNI0000000121171755 $a Solé Vendrell $b Carme $f 1944-.... $4 440
702    $3 11897886 $9 1235 $o ISNI0000000121371589 $a Couffon $b Claude $f 1926-2013 $4 730
702    $3 11916947 $9 1233 $o ISNI0000000116872637 $a Morvan $b Annie $4 730
801  0 $a FR $b FR-751131015 $c 20030103 $g AFNOR $h FRBNF389350260000002 $2 intermrc
999    $a FRBNF389350260000002
995    $0 0 $2 0 $4 0 $5 2005-03-25 $9 142614 $P 22.95 $b MED $c MED $e MED2A $f C0003493985 $h JABCTEF $k E C/GAR $o 0 $p 22.95 $r PRETLIV $s E_C_GAR $w 22 $y 2021-07-15

