01812cam a2200421   4500
001 126536
003 http://www.mediathequederoubaix.fr/ark:/20179/KH126536
010    $a 2-7002-2809-X $b rel. $d 6,70 EUR
020    $a FR $b 00241821
033    $a http://catalogue.bnf.fr/ark:/12148/cb38895583t
035    $a FRBNF388955830000005
073  0 $a 9782700228090 $2 ALS
090    $a 126536
091    $b 20240509 $c 1 $a 2
099    $t LI $c 2014-06-30 $d 2024-05-09 $x 1
100    $a 20021017d2002    a  y0frey50      ba
101 0  $a fre
102    $a FR
105    $a ||||z   00|a|
106    $a r
181  0 $6 01 $a i  $b xxxe  
181    $6 02 $c txt $2 rdacontent
182  0 $6 01 $a n
182    $6 02 $c n $2 rdamedia
200 1  $a Comment je suis devenue pirate $b Texte imprimé $f Yves-Marie Clément $g ill. de Charles Villoutreix
210    $a Paris $c Rageot $d 2002 $e 86-Ligugé $g Impr. Aubin
215    $a 116 p. $c ill., couv. ill. en coul. $d 19 cm
225    $a Cascade $e 9-11 $x 1142-8252
330    $a Pour empocher une récompense de dix mille pièces d'or et venger son père, Esméralda devient pirate et chasse l'anaconda.
339    $a a
410  0 $0 34252991 $t Cascade (Paris. 1989) $x 1142-8252 $d 2002
608    $a Romans $2 CNLJ $k Avis critique donné par le Centre national de la littérature pour la jeunesse
686    $a 809 $2 Cadre de classement de la Bibliographie nationale française
700    $3 12157624 $9 12075 $o ISNI0000000121209020 $a Clément $b Yves-Marie $f 1959-.... $4 070
702    $3 14019385 $9 308807 $o ISNI000000000321358X $a Villoutreix $b Charles $4 440
801  0 $a FR $b FR-751131015 $c 20021017 $g AFNOR $h FRBNF388955830000005 $2 intermrc
999    $a FRBNF388955830000005
995    $0 0 $2 0 $4 0 $5 2005-03-25 $9 142895 $P 5.70 $b MED $c MED $e MED0A $f C0003497311 $h JROROZZ $k EXT E R/CLE $o 0 $p 5.70 $r PRETLIV $s EXT_E_RCLE $w 14 $y 2017-03-15

