01831cam a2200421   4500
001 126950
003 http://www.mediathequederoubaix.fr/ark:/20179/KH126950
010    $a 2-7011-3503-6 $b br. $d 7,60 EUR
020    $a FR $b 00317737
033    $a http://catalogue.bnf.fr/ark:/12148/cb39005050c
035    $a FRBNF390050500000004
090    $a 126950
091    $b 20240509 $c 1 $a 2
099    $t LI $c 2014-06-30 $d 2024-05-14 $x 5
100    $a 20030528d2003    m  y0frey50      ba
101 0  $a fre
102    $a FR
105    $a ||||z   00|y|
106    $a r
181  0 $6 01 $a i  $b xxxe  
181    $6 02 $c txt $2 rdacontent
182  0 $6 01 $a n
182    $6 02 $c n $2 rdamedia
200 1  $a Paul Auster $b Texte imprimé $e les ambiguïtés de la négation $f par Annick Duperray,...
210    $a Paris $c Belin $d 2003 $e 86-Ligugé $g Impr. Aubin
215    $a 125 p. $c couv. ill. $d 18 cm
225    $a Voix américaines $x 1275-0018
300    $a Bibliogr., 8 p.
330    $a Essai sur l'écrivain américain dont l'œuve, de la $$Cité de verre$$ au $$Livre des illusions$$, mêle réalisme et onirisme, ferveur et dérision, humour et inquiétude, réserve et outrance.
339    $a m
410  0 $0 34290864 $t Voix américaines (Paris) $x 1275-0018 $d 2003
600    $3 13091337 $9 7997 $a Auster $b Paul $f 1947-2024 $3 12042895 $9 333 $x Critique et interprétation $2 rameau
676    $a 813.54 (critique) $v 23
686    $a 800 $2 Cadre de classement de la Bibliographie nationale française
700    $3 12883450 $9 62346 $o ISNI0000000110215871 $a Duperray $b Annick $4 070
801  0 $a FR $b FR-751131015 $c 20030528 $g AFNOR $h FRBNF390050500000004 $2 intermrc
999    $a FRBNF390050500000004
995    $0 0 $2 0 $4 0 $5 2005-03-25 $9 143332 $P 6.08 $b MED $c MED $e MED1A $f C0003528112 $h ALTDCZZ $k Doc./810 AUS $n 2024-06-04 $o 0 $p 6.08 $r PRETLIV $s DOC__810_000000000000000_AUS $w 13 $y 2024-05-14

