02035cam a2200469   4500
001 127156
003 http://www.mediathequederoubaix.fr/ark:/20179/KH127156
010    $a 2-912507-69-3 $b br. $d 15 EUR
020    $a FR $b 00327555
033    $a http://catalogue.bnf.fr/ark:/12148/cb390445374
035    $a FRBNF39044537000000X
090    $a 127156
091    $b 20240509 $c 1 $a 2
099    $t LI $c 2014-06-30 $d 2024-05-09 $x 2
100    $a 20030813d2002    m  y0frey50      ba
101 0  $a fre
102    $a FR
105    $a ||||z   00|y|
106    $a r
181  0 $6 01 $a i  $b xxxe  
181    $6 02 $c txt $2 rdacontent
182  0 $6 01 $a n
182    $6 02 $c n $2 rdamedia
200 1  $a Le retour des magiciens $b Texte imprimé $f Rémy Chauvin
210    $a Agnières $c JMG éd. $d 2002 $e 80-Agnières $g Impr. JMG éd.
215    $a 220 p. $c couv. ill. en coul. $d 21 cm
225    $a Collection Science-conscience
300    $a La couv. porte en plus : "le cri d'alarme d'un scientifique"
300    $a Bibliogr. p. 209-215
330    $a L'auteur, partisan d'une science libre de tabous, présente et explique quelques-uns des phénomènes controversés par la science rationnelle : la présence d'ovni, la télépathie, etc.
339    $a m
410  0 $0 37144383 $t Science-conscience (Agnières) $x 1624-9976 $d 2003
606    $3 12196482 $9 15130 $a Parapsychologie et sciences $2 rameau
606    $3 11932730 $9 66387 $a Parapsychologie $2 rameau
606    $3 11956768 $9 69718 $a Ovnis $x Observations et rencontres $2 rameau
608    $3 11959624 $9 4614 $a Études de cas $2 rameau
676    $a 130.885 $v 23
686    $a 130 $2 Cadre de classement de la Bibliographie nationale française
700    $3 11896434 $9 27067 $o ISNI0000000115595826 $a Chauvin $b Rémy $f 1913-2009 $4 070
801  0 $a FR $b FR-751131015 $c 20030813 $g AFNOR $h FRBNF39044537000000X $2 intermrc
999    $a FRBNF39044537000000X
995    $0 0 $2 0 $4 0 $5 2005-03-25 $9 143577 $P 11.25 $b MED $c MED $e MED3A $f C0003535737 $h ACFPHZZ $k Doc./130 CHA $o 0 $p 11.25 $r PRETLIV $s DOC__130_000000000000000_CHA $w 42 $y 2018-11-21

