02084cam a2200433   4500
001 127378
003 http://www.mediathequederoubaix.fr/ark:/20179/KH127378
010    $a 2-228-89675-6 $b br. $d 16,50 EUR
020    $a FR $b 00303952
033    $a http://catalogue.bnf.fr/ark:/12148/cb389488736
035    $a FRBNF389488730000003
090    $a 127378
091    $b 20240509 $c 1 $a 2
099    $t LI $c 2014-06-30 $d 2024-05-09 $x 4
100    $a 20030203d2003    m  y0frey50      ba
101 0  $a fre
102    $a FR
105    $a ||||z   00|y|
106    $a r
181  0 $6 01 $a i  $b xxxe  
181    $6 02 $c txt $2 rdacontent
182  0 $6 01 $a n
182    $6 02 $c n $2 rdamedia
200 1  $a L'énigme de la femme active $b Texte imprimé $e égoïsme, sexe et compassion $f Pascale Molinier
210    $a Paris $c Payot $d 2003 $e 18-Saint-Amand-Montrond $g Bussière Camedan impr.
215    $a 275 p. $c couv. ill. en coul. $d 23 cm
300    $a Bibliogr. p. 263-270
330    $a Malgré la meilleure réussite des études des femmes, celles-ci doivent toujours faire face à un taux de chômage plus élevé et des salaires moindres que ceux des hommes et assure encore aujourd'hui l'entretien domestique. Cet essai tente notamment de définir la nature féminine et la masculinité actuelles et quelles sortes de rapports elles entretiennent avec les hommes au travail.
339    $a m
606    $3 11931498 $9 24013 $a Travail des femmes $2 rameau
606    $3 12497118 $9 69834 $a Rôle selon le sexe au travail $2 rameau
606    $3 11949521 $9 2551 $a Féminité $2 rameau
606    $3 11936576 $9 12821 $a Relations hommes-femmes $2 rameau
676    $a 155.333 $v 23
686    $a 150 $2 Cadre de classement de la Bibliographie nationale française
700    $3 14467216 $9 69835 $o ISNI0000000037851440 $a Molinier $b Pascale $4 070
801  0 $a FR $b FR-751131015 $c 20030203 $g AFNOR $h FRBNF389488730000003 $2 intermrc
999    $a FRBNF389488730000003
995    $0 0 $2 0 $4 0 $5 2005-03-25 $9 143805 $P 13.20 $b MED $c MED $e MED3A $f C0003529273 $h ACFSSZZ $k Doc./305.43 MOL $o 0 $p 13.20 $r PRETLIV $s DOC__305_430000000000000_MOL $w 22 $y 2022-04-27

