01574cam a22003973  4500
001 127586
003 http://www.mediathequederoubaix.fr/ark:/20179/KH127586
010    $a 9782842580803 $d 12 Eur
033    $a http://catalogue.bnf.fr/ark:/12148/cb434320491
035    $a FRBNF434320490000001
039    $o ALS $a 0429677
090    $a 127586
091    $a 2 $b 20240509 $c 1
099    $t LI $c 2014-06-30 $d 2024-05-09 $x 18
100    $a 20040101d2001    a  y0frey50      ba
101 0  $a fre
102    $a ML
105    $a ||||z   00|||
106    $a r
181  0 $6 01 $a i  $b xxxe  
181    $6 02 $c txt $2 rdacontent
182  0 $6 01 $a n
182    $6 02 $c n $2 rdamedia
200 1  $a Le Tisserand $b Texte imprimé $f Moussa Konaté $g ill. Aly Zoromé
210    $a Bamako $c le Figuier $d 2001
215    $a 25 p. $c ill. coul. $d 29 x 22 cm
225    $a Métiers d'Afrique
339    $a a
410  0 $0 43387645 $t Métiers d'Afrique
606    $2 rameau $7 ba0yba0y $8 fre    $a Tisserands $3 11960530 $x Ouvrages pour la jeunesse $y Afrique $9 38279
608    $a Documentaires : sciences et techniques $2 CNLJ $k Avis critique donné par le Centre national de la littérature pour la jeunesse
700    $3 11909955 $9 34967 $o ISNI0000000114678785 $a Konaté $b Moussa $4 070
702    $3 13581645 $9 69985 $o ISNI0000000037560360 $a Zoromé $b Aly $4 440
801  0 $a FR $b FR-751131015 $c 20040101 $g AFNOR $h FRBNF434320490000001 $2 intermrc
999    $a FRBNF434320490000001
995    $0 0 $2 0 $4 0 $5 2005-03-25 $9 144041 $P 11.00 $b MED $c MED $e MED2A $f C0003536610 $h JABEFDT $k E A Doc./ART $o 0 $p 11.00 $r PRETLIV $s E_A_DOC__ART $w 32 $y 2024-02-16

