01350nj  a2200301   4500
001 127744
003 http://www.mediathequederoubaix.fr/ark:/20179/KH127744
005 20240509063908.0
035 00 $a HZ_RBX200270
071 0  $a 99748 $b Brilliant classics
090    $a 127744
091    $a 1 $b 20240509 $c 0
099    $t DC $c 2014-06-30 $d 2024-05-09 $x 4
100    $a 19       2001    k  y0frey5003    ba
101    $a fre
200    $a Lyrische stücke $b Enr. sonore $e complete $f Edvard Grieg, comp. $g Hakon Austbo, p
210    $d [2001]
215    $a 3 d.c. $e 1 brochure (8 p. ; 12 cm)
327    $a disque 1 : Book I -Opus 12 $a Book II -Opus 38 $a Book III -Opus 43 $a Book IV -Opus 47 $a Disque 2 : Book V -Opus 54 $a Book VI -Opus 57 $a Book VII -Opus 62 $a Disque 3 : Book VIII -Opus 65 $a Book IX -Opus 68 $a Book X -Opus 71
339    $a m
606    $a Musique $y Norvège $z 19e siècle $x Disques $2 rameau
606    $a Piano, Musique de $x Disques $2 rameau
606    $a Fantaisie (musique) $x Disques $2 rameau
679    $a 3 $c 11.11
700    $7 ba0yba0y $8 fre    $a Grieg $b Edvard $f 1843-1907 $3 13894720 $9 8181
702 0  $a Austbo $b Hakon
801  0 $a FR $b 595126101 $c 20070830 $g AFNOR
995    $0 0 $2 0 $4 0 $5 2005-03-25 $9 144211 $P 11.95 $b MED $c MED $e MED3C $f C0003504655 $h AMV30ZZ $k DC/3 GRI PIANO $l Contient : 3 CD + 1 brochure $o 0 $p 11.95 $r PRETSON $s DC_3_000000000000000_GRI_PIANO $w 23 $y 2021-11-13 $A 0

