01089nam a2200277   4500
001 127909
003 http://www.mediathequederoubaix.fr/ark:/20179/KH127909
005 20180724125810.0
035 00 $a HZ_RBX200528
090    $a 127909
091    $a 0
099    $t LI $c 2014-06-30 $d 2014-06-30 $x 0
100    $a 19       1985    k  y0frey5003    ba
101    $a fre
200    $a Manche ouest $e poèmes $f Michel Bitard $g ill. Anne-Marie Aujoulat, Agnès Jemielity... [et al.]
210    $a Ambleteuse (Pas-de-Calais) $c l'auteur $d 1985
215    $a 48 p. $c ill., couv. ill. $d 22 cm
300    $a Ex. n ̊258/300 signé par l'auteur
339    $a m
700 0  $9 288486 $a Bitard $b Michel $f 1943-.... $4 650
702 0  $9 192900 $4 080 $a Le sidaner $b Georges
702 0  $9 192901 $4 440 $a Aujoulat $b Anne-Marie
702 0  $9 192902 $4 440 $a Jemielity $b Agnès
801  0 $a FR $b 595126101 $c 20050325 $g AFNOR
930    $5 595126101:C0003481409 $b 595126101 $a BR 8/1931 $e Fonds patrimonial
995    $0 0 $2 0 $4 0 $5 2005-03-25 $9 144381 $b MED $c MED $e MED3M $f C0003481409 $h PPEFGZZ $k BR 8/1931 $o 2 $r PRETLIV $s BR_81931_000000000000000 $w 0 $y 2014-06-30

