01962cam a2200421   4500
001 128237
003 http://www.mediathequederoubaix.fr/ark:/20179/KH128237
010    $a 2-07-076852-X $b br. $d 15 EUR
020    $a FR $b 00327016
033    $a http://catalogue.bnf.fr/ark:/12148/cb38953240k
035    $a FRBNF389532400000000
090    $a 128237
091    $b 20240509 $c 1 $a 2
099    $t LI $c 2014-06-30 $d 2024-05-09 $x 2
100    $a 20030210d2003    m  y0frey50      ba
101 0  $a fre
102    $a FR
105    $a ||||z   00|||
106    $a r
181  0 $6 01 $a i  $b xxxe  
181    $6 02 $c txt $2 rdacontent
182  0 $6 01 $a n
182    $6 02 $c n $2 rdamedia
200 1  $a Théâtre intime $b Texte imprimé $e récit $f Jérôme Garcin
210    $a [Paris] $c Gallimard $d 2003 $e 18-Saint-Amand $g Bussière Camedan impr.
215    $a 227 p. $d 21 cm
330    $a Un après-midi d'été à la fin des années 70, le narrateur vient de rencontrer Anne-Marie qui joue l'Infante dans $$Le Cid$$. En assistant à une répétition, Anne Philipe, la mère d'Anne-Marie s'assoit à ses côtés. Mais vient-t-elle pour applaudir sa fille ou se souvenir de l'immortel Rodrigue d'Avignon ? Et qui joue sur cette scène ? Une fille sans père ou la fille d'un mythe ?
339    $a m
600    $3 11904102 $9 25988 $a Garcin $b Jérôme $f 1956-.... $2 rameau
606    $3 13162689 $9 7470 $a Théâtre $2 rameau
608    $3 11960063 $9 266731 $a Autobiographie $2 rameau
608    $3 11976851 $9 114 $a Récits personnels $2 rameau
676    $a 848.914 03 (oeuvre) $v 23
686    $a 804 $2 Cadre de classement de la Bibliographie nationale française
700    $3 11904102 $9 25988 $o ISNI0000000116447411 $a Garcin $b Jérôme $f 1956-.... $4 070
801  0 $a FR $b FR-751131015 $c 20030210 $g AFNOR $h FRBNF389532400000000 $2 intermrc
999    $a FRBNF389532400000000
995    $0 0 $2 0 $4 0 $5 2005-03-25 $9 144726 $P 12.00 $b MED $c MED $e MED1A $f C0003540229 $h ALTTLZZ $k LIT/GAR $o 0 $p 12.00 $r PRETLIV $s LITGAR $w 7 $y 2019-06-15

