01760cam a2200385   4500
001 128425
003 http://www.mediathequederoubaix.fr/ark:/20179/KH128425
010    $a 2-259-19724-8 $b br. $d 18 EUR
020    $a FR $b 00302895
033    $a http://catalogue.bnf.fr/ark:/12148/cb389433085
035    $a FRBNF389433080000005
090    $a 128425
091    $b 20240509 $c 1 $a 2
099    $t LI $c 2014-06-30 $d 2024-05-09 $x 6
100    $a 20030122d2002    m  y0frey50      ba
101 1  $a fre $c nor
102    $a FR
105    $a ||||z   00|a|
106    $a r
181  0 $6 01 $a i  $b xxxe  
181    $6 02 $c txt $2 rdacontent
182  0 $6 01 $a n
182    $6 02 $c n $2 rdamedia
200 1  $a Vertiges $b Texte imprimé $e roman $f Linn Ullmann $g trad. du norvégien par Hélène Hervieu
210    $a [Paris] $c Plon $d 2002 $e 27-Mesnil-sur-l'Estrée $g Impr. Firmin-Didot
215    $a 303 p. $c couv. ill. en coul. $d 20 cm
330    $a Stella enceinte de son troisième enfant est tombée du toit alors que son époux était près d'elle, et en est morte. Martin, un vendeur de meuble, sa fille de 15 ans et Axel, un vieil homme racontent tour à tour ce qu'ils savent de la victime, jusqu'à déterrer des secrets de famille.
339    $a m
454  1 $t Når jeg er hos deg
686    $a 803 $2 Cadre de classement de la Bibliographie nationale française
700    $3 13530210 $9 49752 $o ISNI0000000110007079 $a Ullmann $b Linn $f 1966-.... $4 070
702    $3 12951090 $9 2337 $o ISNI0000000122787914 $a Hervieu $b Hélène $f 1956-.... $4 730
801  0 $a FR $b FR-751131015 $c 20030122 $g AFNOR $h FRBNF389433080000005 $2 intermrc
999    $a FRBNF389433080000005
995    $0 0 $2 0 $4 0 $5 2005-03-25 $9 144936 $P 13.50 $b MED $c MED $e MED1A $f C0003541835 $h ALTROZZ $k R/ULL $o 0 $p 13.50 $r PRETLIV $s R_ULL $w 27 $y 2020-07-01

