00827nj  a2200217   4500
001 128619
003 http://www.mediathequederoubaix.fr/ark:/20179/KH128619
005 20240509064619.0
035 00 $a HZ_RBX201519
071 0  $b Gorgone Productions $a GP 103-3
090    $a 128619
091    $a 1 $b 20240509 $c 0
099    $t DC $c 2014-06-30 $d 2024-05-09 $x 0
100    $a 19               k  y0frey5003    ba
101    $a fre
200    $a I need you so $b Enr. sonore
339    $a m
710    $7 ba0yba0y $8 fre    $a King size $c Groupe de disco) $3 14253572 $9 11897
801  0 $a FR $b 595126101 $c 20050325 $g AFNOR
930    $5 595126101:C0002772881 $b 595126101 $a FLRSON DC/1423 $e Fonds local et régional sonore
995    $0 0 $2 0 $4 0 $5 2005-03-25 $9 145137 $P 1.00 $b MED $c MED $e MED3C $f C0002772881 $h PENRSZZ $k FLRSON DC/1423 $o 2 $p 1.00 $r PRETSON $s FLRSON_DC1423 $w 0 $y 2014-06-30

