01583cam a2200373   4500
001 128903
003 http://www.mediathequederoubaix.fr/ark:/20179/KH128903
010    $a 2-84893-001-2 $b br. $d 15 EUR
020    $a FR $b 00313382
033    $a http://catalogue.bnf.fr/ark:/12148/cb389773407
035    $a FRBNF389773400000001
090    $a 128903
091    $b 20240509 $c 1 $a 2
099    $t LI $c 2014-06-30 $d 2024-05-09 $x 4
100    $a 20030327d2003    m  y0frey50      ba
101 1  $a fre $c eng
102    $a FR
105    $a ||||z   00|a|
106    $a r
181  0 $6 01 $a i  $b xxxe  
181    $6 02 $c txt $2 rdacontent
182  0 $6 01 $a n
182    $6 02 $c n $2 rdamedia
200 1  $a Bangkok $b Texte imprimé $e nouvelles $f James Salter $g trad. de l'anglais, États-Unis, par Anne Rabinovitch
210    $a [Paris] $b 5 rue de Savoie $c Éd. des 2 terres $d 2003 $e 61-Lonrai $g Normandie roto impr.
215    $a 114 p. $c couv. ill. en coul. $d 21 cm
330    $a l'amour des femmes et l'honneur des hommes, le courage, l'immortalité, la perte, le déhonneur et le gâchis.
339    $a m
686    $a 803 $2 Cadre de classement de la Bibliographie nationale française
700    $3 11923525 $9 308727 $o ISNI0000000121420635 $a Salter $b James $f 1925-2015 $4 070
702    $3 11920947 $9 2453 $o ISNI0000000115876433 $a Rabinovitch $b Anne $f 1945-.... $4 730
801  0 $a FR $b FR-751131015 $c 20030327 $g AFNOR $h FRBNF389773400000001 $2 intermrc
999    $a FRBNF389773400000001
995    $0 0 $2 0 $4 0 $5 2005-03-25 $9 145436 $P 12.00 $b MED $c MED $e MED1A $f C0003548772 $h ALTTCNV $k NVL/SAL $o 0 $p 12.00 $r PRETLIV $s NVL_SAL $w 11 $y 2022-04-01

