01133nam a2200301   4500
001 129058
003 http://www.mediathequederoubaix.fr/ark:/20179/KH129058
005 20220924044928.0
035 00 $a HZ_RBX202013
090    $a 129058
091    $a 0
099    $t LI $c 2014-06-30 $d 2022-09-24 $x 0
100    $a 19               k  y0frey5003    ba
101    $a fre
200    $a Les apôtres $f par Ernest Renan,...
205    $a [17e éd.]
210    $a Paris $c Calmann-Lévy $d [189?]
215    $a 388 p. $d 24 cm
225 0  $a Histoire des origines du Christianisme $v 2
300    $a Inventaire ENSAIT N7̊641
339    $a m
410    $t Histoire des origines du Christianisme $v 2
606 0  $9 236257 $a Christianisme $x Histoire
700    $7 ba0yba0y $8 fre    $a Renan $b Ernest $f 1823-1892 $4 070 $9 283265
702    $9 166363 $4 320 $a Destombes $b Pierre $c roubaisien $f 1846-1915
801  0 $a FR $b 595126101 $c 20121109 $g AFNOR
930    $5 595126101:C0003559498 $b 595126101 $a LD/1782 $e Fonds patrimonial; legs Destombes
995    $0 0 $2 0 $4 0 $5 2005-03-25 $9 145598 $b MED $c MED $e MED3T $f C0003559498 $h PPELGZZ $k LD/1782 $o 2 $r PRETLIV $s LD_1782_000000000000000 $w 0 $y 2014-06-30

