01938cam a2200445   4500
001 129253
003 http://www.mediathequederoubaix.fr/ark:/20179/KH129253
010    $a 2-7449-0318-3 $b br. $d 14 EUR
020    $a FR $b 00309023
033    $a http://catalogue.bnf.fr/ark:/12148/cb38972897c
035    $a FRBNF389728970000009
073  0 $a 9782744903182 $2 ALS
090    $a 129253
091    $b 20240509 $c 1 $a 2
099    $t LI $c 2014-06-30 $d 2024-05-09 $x 2
100    $a 20030319d2003    m  y0frey50      ba
101 0  $a fre
102    $a FR
105    $a ||||z   00|y|
106    $a r
181  0 $6 01 $a i  $b xxxe  
181    $6 02 $c txt $2 rdacontent
182  0 $6 01 $a n
182    $6 02 $c n $2 rdamedia
200 1  $a Mohammed Dib $b Texte imprimé $e cette intempestive voix recluse $f Naget Khadda
210    $a Aix-en-Provence $c Édisud $d 2003 $e 46-Cahors $g Impr. France Quercy
215    $a 203 p. $c couv. ill. $d 23 cm $e erratum
225    $a Collection du Centre des écrivains du Sud
300    $a Bibliogr. des oeuvres de M. Dib p. 201-202
330    $a Une monographie sur le poète et romancier algérien.
339    $a m
410  0 $0 38842461 $t Collection du Centre des écrivains du Sud $x 1634-9695 $d 2003
600    $3 11900111 $9 19689 $a Dib $b Mohammed $f 1920-2003 $3 12042895 $9 333 $x Critique et interprétation $2 rameau
608    $a Ouvrages de référence $2 CNLJ $k Avis critique donné par le Centre national de la littérature pour la jeunesse
676    $a 848.914 (critique) $v 23
686    $a 800 $2 Cadre de classement de la Bibliographie nationale française
700    $3 11999388 $9 70820 $o ISNI0000000117534082 $a Khadda $b Naget $f 1939-.... $4 070
801  0 $a FR $b FR-751131015 $c 20030319 $g AFNOR $h FRBNF389728970000009 $2 intermrc
999    $a FRBNF389728970000009
995    $0 0 $2 0 $4 0 $5 2005-03-25 $9 145797 $P 11.20 $b MED $c MED $e MED1A $f C0003567912 $h ALTDCZZ $k Doc./892.7 DIB $n 2024-04-17 $o 0 $p 11.20 $r PRETLIV $s DOC__892_700000000000000_DIB $w 6 $y 2024-03-06

