01167ncm a2200265   4500
001 129450
003 http://www.mediathequederoubaix.fr/ark:/20179/KH129450
005 20160124235903.0
035 00 $a HZ_RBX202557
090    $a 129450
091    $a 0
099    $t PA $c 2014-06-30 $d 2014-06-30 $x 0
100    $a 19               k  y0frey5003    ba
101    $a fre
200    $a Fuyons la paresse $e chanson nouvelle $f chantée par la société des Amis réunis, établie chez le sieur Louis Quique, à l'Estaminet du Nouveau coeur français, rue des longues-haies
210    $a [S.l. $c s.n. $d ca 188-?] $e [59-Roubaix] $f rue du Collège, 103 $g Imp. E. Leveugle
215    $a [1] p. $d 30 cm
300    $a Photocopie
300    $a Chanson chantée sur l'air "Des planètes"
307    $a Verso de la page blanc
339    $a m
712 02 $9 129155 $a Les amis réunis $c Roubaix, Nord $c roubaisien
801  0 $a FR $b 595126101 $c 20080229 $g AFNOR
930    $5 595126101:C0003556149 $b 595126101 $a CLASSEUR/CHANSONS 2/CH226 $e Fonds patrimonial
995    $0 0 $2 0 $4 0 $5 2005-03-25 $9 146007 $b MED $c MED $e MED3S $f C0003556149 $h PPEPMZZ $k CLASSEUR/CHANSONS 2/CH226 $o 2 $r PRETLIV $s CLASSEURCHANSONS_2CH226 $w 0 $y 2014-06-30

