02984cam a2200505   4500
001 129628
003 http://www.mediathequederoubaix.fr/ark:/20179/KH129628
010    $a 2-02-061074-4 $b br. $d 21 EUR
020    $a FR $b 00439896
033    $a http://catalogue.bnf.fr/ark:/12148/cb391239650
035    $a FRBNF391239650000007
073  0 $a 9782020610742 $2 ALS
090    $a 129628
091    $b 20240509 $c 1 $a 2
099    $t LI $c 2014-06-30 $d 2024-05-09 $x 58
100    $a 20040203d2003    a  y0frey50      ba
101 0  $a fre $a eng
102    $a FR
105    $a ||||z   00|y|
106    $a r
181  0 $6 01 $a i  $b xxxe  
181    $6 02 $c txt $2 rdacontent
182  0 $6 01 $a n
182    $6 02 $c n $2 rdamedia
200 1  $a ABC $b Texte imprimé $e une petite leçon d'anglais $f de Bruno Munari
210    $a [Paris] $c Seuil jeunesse $d 2003 $e Impr. en Italie
215    $a Non paginé [44] p. $c ill. en coul., couv. ill. en coul., jaquette ill. en coul. $d 30 cm
321    $a La Revue des livres pour enfants. Sélection annuelle
321    $a Escales en littérature de jeunesse
329    $a Bruno Munari est l'auteur de plusieurs abécédaires, il créa cet ABC en 1960 pour un éditeur américain, transformé ici pour la France en petite leçon d'anglais. On retrouve dans les petites phrases l'humour loufoque si particulier de Munari et en parcourant les vingt-six lettres on reconnaît des clins d'oeil à d'autres titres comme L'homme au camion, l'herbe chère à Romilda la grenouille et l'on cherche où l'on a déjà vu cette pastèque bien appétissante...
339    $a a
606    $3 11935375 $9 3663 $a Français (langue) $3 12099351 $9 36877 $x Glossaires et lexiques anglais $2 rameau
606    $3 11930898 $9 6655 $a Anglais (langue) $2 rameau
608    $3 12070170 $9 13995 $a Dictionnaires pour la jeunesse $2 rameau
608    $a Documentaires : sciences humaines $2 CNLJ $k Avis critique donné par le Centre national de la littérature pour la jeunesse
608    $a Albums $2 CNLJ $k Avis critique donné par le Centre national de la littérature pour la jeunesse
676    $a 420.83 $v 23
686    $a 400 $2 Cadre de classement de la Bibliographie nationale française
700    $3 11917223 $9 19310 $o ISNI0000000109235525 $a Munari $b Bruno $f 1907-1998 $4 070
801  0 $a FR $b FR-751131015 $c 20040203 $g AFNOR $h FRBNF391239650000007 $2 intermrc
999    $a FRBNF391239650000007
995    $0 0 $2 0 $4 0 $5 2005-03-25 $9 146315 $P 17.85 $b MED $c MED $e MED2A $f C0003684853 $h JABLADT $k E ANG ABC $o 0 $p 17.85 $r PRETLIV $s E_ANG_ABC $w 66 $y 2024-03-29
995    $0 0 $2 0 $4 0 $5 2005-03-25 $9 146316 $P 17.85 $b MED $c MED $e MED0A $f C0003684675 $h JABLAFI $k EXT E ANGL/A MUN $o 0 $p 17.85 $r PRETLIV $s EXT_E_ANGLA_MUN $w 10 $y 2014-06-30
995    $0 0 $2 0 $4 0 $5 2005-03-25 $9 146317 $P 17.85 $b MED $c MED $e MED0A $f C0003684918 $h JABPFAF $k EXT PE A/MUN $o 0 $p 17.85 $r PRETLIV $s EXT_PE_A_MUN $w 43 $y 2023-02-09 $7  $8  $A  $m  $z 
995    $0 0 $2 0 $4 0 $5 2005-03-25 $9 146318 $P 19.11 $b MED $c MED $e MED0A $f C0004053990 $h JABEFAE $k EXT E A/MUN $o 0 $p 19.11 $r PRETLIV $s EXT_E_A_MUN $w 21 $y 2021-09-21

