00953nj  a2200241   4500
001 129826
003 http://www.mediathequederoubaix.fr/ark:/20179/KH129826
005 20240509065314.0
035 00 $a HZ_RBX251581
071 0  $b Polydor $a 817 407-7
090    $a 129826
091    $a 1 $b 20240509 $c 0
099    $t DV $c 2014-06-30 $d 2024-05-09 $x 0
100    $a 19       1983    k  y0frey5003    ba
101    $a fre
200    $a Embrasse-la $b Enr. sonore $a Des nouvelles de vous $f Pierre Bachelet, chant
210    $c A.V.R.E.P. $d P 1983
215    $a 1 disque $c 45 tours $d 17 cm
339    $a m
700    $7 ba0yba0y $8 fre    $a Bachelet $b Pierre $f 1944-2005 $3 12114711 $9 3772
801  0 $a FR $b 595126101 $c 20060407 $g AFNOR
930    $5 595126101:C0003728592 $b 595126101 $a FLRSON 17/1241 $e Fonds local et régional sonore
995    $0 0 $2 0 $4 0 $5 2005-03-25 $9 146667 $P 1.00 $b MED $c MED $e MED3C $f C0003728592 $h PENRSZZ $k FLRSON 17/1241 $o 2 $p 1.00 $r PRETSON $s FLRSON_171241_000000000000000 $w 0 $y 2014-06-30

