02439cam a2200445   4500
001 130021
003 http://www.mediathequederoubaix.fr/ark:/20179/KH130021
010    $a 2-7234-4412-0 $b br. $d 8,99 EUR
020    $a FR $b 00340131
033    $a http://catalogue.bnf.fr/ark:/12148/cb39080899c
035    $a FRBNF390808990000005
073  0 $a 9782723444125 $2 ALS
090    $a 130021
091    $b 20240509 $c 1 $a 2
099    $t LI $c 2014-06-30 $d 2024-05-09 $x 62
100    $a 20031028d2003    a  y0frey50      ba
101 1  $a fre $c jpn
102    $a FR
105    $a ||||t   00|a|
106    $a r
181  0 $6 01 $a i  $b xxxe   $a b  $b xb2e  
181    $6 02 $c txt $c sti $2 rdacontent
182  0 $6 01 $a n
182    $6 02 $c n $2 rdamedia
200 1  $a Le château dans le ciel $b Texte imprimé $h 2 $f Hayao Miyazaki $g [trad. par Olivier Huet]
210    $a Grenoble $c Glénat $d 2003 $e 18-Saint-Amand-Montrond $g Impr. Clerc
215    $a 156 p. $c ill. en coul., couv. ill. en coul. $d 18 cm
330    $a La jeune Sheeta possède une étrange pierre bleue, vestige de l'ancienne civilisation de Laputa et donnant le pouvoir de voler. Elle est poursuivie par l'armée et par une bande de pirates qui veulent s'approprier cette pierre, mais elle va trouver de l'aide auprès d'un jeune garçon, Pazu, pour retrouver l'origine de cette pierre et la mystérieuse cité de Laputa. Tiré du film sorti en janvier 2003.
339    $a a
454  1 $t Tenku no shiro laputa
608    $a Bandes dessinées $2 CNLJ $k Avis critique donné par le Centre national de la littérature pour la jeunesse
676    $a 741.508 3 $v 23
686    $a 809 $2 Cadre de classement de la Bibliographie nationale française
700    $3 12534287 $9 56756 $o ISNI000000012096522X $a Miyazaki $b Hayao $f 1941-.... $4 070
702    $3 13502612 $9 308698 $o ISNI0000000000699529 $a Huet $b Olivier $f 19..-.... $c japonisant $4 730
801  0 $a FR $b FR-751131015 $c 20031028 $g AFNOR $h FRBNF390808990000005 $2 intermrc
999    $a FRBNF390808990000005
995    $0 0 $2 0 $4 0 $5 2008-04-10 $9 146922 $P 8.99 $V 2 $b MED $c MED $e MED2A $f C0004577651 $h JBDMGZZ $k E BD/MANGAS $o 0 $p 8.99 $r PRETLIV $s E_BD_MANGAS $w 91 $y 2024-05-07 $7 BD fugue
995    $0 0 $2 0 $4 0 $5 2005-03-25 $9 146923 $P 8.18 $b MED $c MED $e MED0A $f C0003972662 $h JBDZZZZ $k EXT E BD/MIY $o 0 $p 8.18 $r PRETLIV $s EXT_E_BDMIY $w 31 $y 2019-08-24
995    $0 0 $2 0 $4 0 $5 2013-03-06 $9 146924 $P 9.15 $b MED $c MED $e MED0A $f C0005449774 $h JBDZZZZ $k EXT E BD/MIY $o 0 $p 9.15 $r PRETLIV $s EXT_E_BDMIY $w 3 $y 2017-06-01 $7 BD fugue

