01119nam a2200277   4500
001 130249
003 http://www.mediathequederoubaix.fr/ark:/20179/KH130249
005 20220605035500.0
035 00 $a HZ_RBX252162
090    $a 130249
091    $a 0
099    $t LI $c 2014-06-30 $d 2022-06-05 $x 0
100    $a 19       1948    k  y0frey5003    ba
101    $a fre
200    $a Maria fille de Flandre $f Maxence Van der Meersch $g lithographies originales de G. Barret
210    $a Monte-Carlo $c Aux éd. du livre $d 1948
215    $a 291 p.- [18] p. de pl. $c front., ill. en coul. $d 20 cm.
307    $a Une gravure montée à l'envers
310    $a Ex. n<U+00B0>344/3500
310    $a Etui et emboîtage cartonné
339    $a m
700    $7 ba0yba0y $8 fre    $a Van der Meersch $b Maxence $f 1907-1951 $9 147165
702 0  $9 150683 $4 510 $a Barret $b Gaston
801  0 $a FR $b 595126101 $c 20080611 $g AFNOR
930    $5 595126101:C0003695074 $b 595126101 $a MAG L/P 8/113 993 $e Fonds patrimonial
995    $0 0 $2 0 $4 0 $5 2005-03-25 $9 147195 $b MED $c MED $e MED3I $f C0003695074 $h PPEFGZZ $k MAG L/P 8/113 993 $o 2 $r PRETLIV $s MAG_LP_8113_993000000000000 $w 0 $y 2014-06-30

