00921nj  a2200229   4500
001 130489
003 http://www.mediathequederoubaix.fr/ark:/20179/KH130489
005 20240509070004.0
035 00 $a HZ_RBX252495
071 0  $b Pathé $a C 054-16001 A
090    $a 130489
091    $a 1 $b 20240509 $c 0
099    $t DV $c 2014-06-30 $d 2024-05-09 $x 0
100    $a 19               k  y0frey5003    ba
101    $a fre
200    $a Djangologie 1 $b Enr. sonore $e 1928 - 1936
339    $a m
700    $7 ba0yba0y $8 fre    $a Reinhardt $b Django $f 1910-1953 $3 13898907 $9 2412
701    $7 ba0yba0y $8 fre    $a Warlop $b Michel $f 1911-1947 $3 13922738 $9 1311
801  0 $a FR $b 595126101 $c 20050325 $g AFNOR
930    $5 595126101:C0003729328 $b 595126101 $a FLRSON 30/339 $e Fonds local et régional sonore
995    $0 0 $2 0 $4 0 $5 2005-03-25 $9 147468 $P 1.00 $b MED $c MED $e MED3C $f C0003729328 $h PENRSZZ $k FLRSON 30/339 $o 2 $p 1.00 $r PRETSON $s FLRSON_30339_000000000000000 $w 0 $y 2014-06-30

