01162nj  a2200265   4500
001 130793
003 http://www.mediathequederoubaix.fr/ark:/20179/KH130793
005 20240509070618.0
035 00 $a HZ_RBX252886
071 0  $a 981 082 3 $b Polydor
090    $a 130793
091    $a 1 $b 20240509 $c 0
099    $t DC $c 2014-06-30 $d 2024-05-09 $x 5
100    $a 19       2003    k  y0frey5003    ba
101    $a fre
200    $a En toute intimité $b Enr. sonore $f Lara Fabian
210    $d P 2003
215    $a 1 d.c. $e 1 brochure (n. p. ; 12 cm)
327    $a J'y crois encore $a Comme ils disent $a Caruso $a S'en aller $a Voir un ami pleurer $a Je t'aime $a Je suis mon cœur $a Addio del passato $a Mistral gagnant $a Si tu m'aimes/parce que tu pars $a Tu es mon autre $a Medley Starmania $a Calling you $a Tout $a Immortelle $a Bambina
339    $a m
606    $a Chansons françaises $x Disques $2 rameau
679    $a 099.2
700    $7 ba0yba0y $8 fre    $a Fabian $b Lara $f 1970-.... $3 14003280 $9 34631
801  0 $a FR $b 595126101 $c 20090319 $g AFNOR
995    $0 0 $2 0 $4 0 $5 2005-03-25 $9 147850 $P 17.93 $b MED $c MED $e MED1A $f C0003722554 $h AMV80ZZ $k DC/099.2 FAB $o 0 $p 17.93 $r PRETSON $s DC_099_200000000000000_FAB $w 92 $y 2023-08-11

