02611cam a2200457   4500
001 131036
003 http://www.mediathequederoubaix.fr/ark:/20179/KH131036
010    $a 2-7427-4576-9 $b br. $d 6,50 EUR
020    $a FR $b 00413652
033    $a http://catalogue.bnf.fr/ark:/12148/cb391385252
035    $a FRBNF391385250000006
073  0 $a 9782742745760 $2 ALS
090    $a 131036
091    $b 20240509 $c 1 $a 2
099    $t LI $c 2014-06-30 $d 2024-05-09 $x 2
100    $a 20040304d2003    m  y0frey50      ba
101 0  $a fre
102    $a FR
105    $a ||||z   00|a|
106    $a r
181  0 $6 01 $a i  $b xxxe  
181    $6 02 $c txt $2 rdacontent
182  0 $6 01 $a n
182    $6 02 $c n $2 rdamedia
200 1  $a L'adoptée $b Texte imprimé $f Joël Jouanneau $g ill. de Vanessa Hié
210    $a Arles $c Actes Sud $a Sartrouville $c Théâtre de Sartrouville $d 2003 $e 42-Saint-Étienne $g Dumas-Titoulet impr.
215    $a 44 p. $c ill. en coul., couv. ill. en coul. $d 21 cm
225    $a Heyoka jeunesse
321    $a Escales en littérature de jeunesse
329    $a Au fin fond de la campagne, une vieille femme barricadée dans sa mauvaise humeur et sa détestation des autres, voit un jour un petit garçon débarquer chez elle, un étranger, un vaurien pense-t-elle, dont elle n'arrive pas à se débarrasser. Avec ses dialogues simples et comiques, cette pièce qui a la force et le charme d'une fable, dénonce l'intolérance et la bêtise $d 20070726 $f FB
330    $a Un enfant en guenille arrive chez une vieille paysanne revêche et méchante, sans mot dire il attend qu'elle le recueille, ce qu'elle finit par faire en lui offrant un bol de soupe et un lit. L'enfant, baptisé Tom, fait malheureusement pipi au lit, la mère Procolp cherche alors à s'en débarrasser par tous les moyens...
333    $a À partir de 9 ans $2 CNLJ $k Avis critique donné par le Centre national de la littérature pour la jeunesse
339    $a a
410  0 $0 37010274 $t Heyoka jeunesse $x 1296-154X $d 2003
608    $a Théâtre $2 CNLJ $k Avis critique donné par le Centre national de la littérature pour la jeunesse
686    $a 809 $2 Cadre de classement de la Bibliographie nationale française
700    $3 12120726 $9 25414 $o ISNI0000000050116600 $a Jouanneau $b Joël $f 1946-.... $4 070
702    $3 13526469 $9 48500 $o ISNI0000000108633628 $a Hié $b Vanessa $f 1974-.... $4 440
801  0 $a FR $b FR-751131015 $c 20040304 $g AFNOR $h FRBNF391385250000006 $2 intermrc
999    $a FRBNF391385250000006
995    $0 0 $2 0 $4 0 $5 2005-03-25 $9 148157 $P 5.20 $b MED $c MED $e MED2A $f C0003718149 $h JTHZZZZ $k E T/JOU $o 0 $p 5.20 $r PRETLIV $s E_TJOU $w 11 $y 2016-06-15

