01771cam a2200409   4500
001 131272
003 http://www.mediathequederoubaix.fr/ark:/20179/KH131272
010    $a 2-02-031987-X $b br. $d 31 F
020    $a FR $b 09734408
033    $a http://catalogue.bnf.fr/ark:/12148/cb36172146w
035    $a FRBNF361721460000006
039    $o OPL $a 022698878
090    $a 131272
091    $b 20240509 $c 1 $a 2
099    $t LI $c 2014-06-30 $d 2024-05-09 $x 5
100    $a 19970707d1997    m  y0frey50      ba
101 0  $a fre
102    $a FR
105    $a ||||z   00|a|
106    $a r
181  0 $6 01 $a i  $b xxxe  
181    $6 02 $c txt $2 rdacontent
182  0 $6 01 $a n
182    $6 02 $c n $2 rdamedia
200 1  $a Le polygone étoilé $b Texte imprimé $f Kateb Yacine $g [préf. par Gilles Carpentier]
210    $a Paris $c Éd. du Seuil $d 1997 $e 18-Saint-Amand-Montrond $g Impr. Bussière
215    $a 181 p. $c couv. ill. en coul. $d 18 cm
225    $a Points $v 380
330    $a Ce livre, au carrefour du roman, de la poésie et du théâtre, à la frontière de l'écrit et de l'oral, peut être considéré comme la matrice de l'œuvre de l'écrivain maghrébin et, par elle, de la littérature algérienne moderne.
339    $a m
410  0 $0 34234518 $t Points (Paris) $x 0768-0481 $v 380
500 11 $3 11937851 $9 322323 $a Le polygone étoilé $m français $2 lien automatique
686    $a 803 $2 Cadre de classement de la Bibliographie nationale française
700    $3 11930322 $9 12052 $o ISNI0000000121251560 $a Kateb $b Yacine $f 1929-1989 $4 070
801  0 $a FR $b FR-751131015 $c 19970707 $g AFNOR $h FRBNF361721460000006 $2 intermrc
999    $a FRBNF361721460000006
995    $0 0 $2 0 $4 0 $5 2023-06-07 $9 461853 $b MED $c MED $e MED1A $f C3100011486 $h ALTTLZZ $k LIT/KAT $o 0 $p 7.10 $r PRETLIV $s LIT_KAT $w 0 $y 2023-06-07

