00766nj  a2200217   4500
001 131420
003 http://www.mediathequederoubaix.fr/ark:/20179/KH131420
005 20240509071309.0
035 00 $a HZ_RBX253694
071 0  $b CPA Disques $a 84003
090    $a 131420
091    $a 1 $b 20240509 $c 0
099    $t DV $c 2014-06-30 $d 2024-05-09 $x 0
100    $a 19               k  y0frey5003    ba
101    $a fre
200    $a Mammy $b Enr. sonore
339    $a m
710 0  $a F.A.X.E
801  0 $a FR $b 595126101 $c 20050325 $g AFNOR
930    $5 595126101:C0003731391 $b 595126101 $a FLRSON 30/698 $e Fonds local et régional sonore
995    $0 0 $2 0 $4 0 $5 2005-03-25 $9 148598 $P 1.00 $b MED $c MED $e MED3C $f C0003731391 $h PENRSZZ $k FLRSON 30/698 $o 2 $p 1.00 $r PRETSON $s FLRSON_30698_000000000000000 $w 0 $y 2014-06-30

