00806na  a2200229   4500
001 131552
003 http://www.mediathequederoubaix.fr/ark:/20179/KH131552
005 20240509071333.0
010    $a 0-14-062221-7
035 00 $a HZ_RBX253896
090    $a 131552
091    $a 2 $b 20240509 $c 0 $s http://www.sudoc.fr/00796689X $m 3
099    $t LI $c 2014-06-30 $d 2024-05-09 $x 10
100    $a 19940831d1956    u  u0frey5003    ba
101    $a fre
102    $a FR
200    $a Mrs. Dalloway $f Virginia Woolf
210    $a London $c Penguin $d 1996
339    $a m
700    $7 ba0yba0y $8 fre    $a Woolf $b Virginia $f 1882-1941 $3 11929398 $9 2222
801  0 $a FR $b 595126101 $c 20121013 $g AFNOR
995    $0 0 $2 0 $4 0 $5 2005-03-25 $9 148786 $P 3.50 $b MED $c MED $e MED3A $f C0003709904 $h ACFLALE $k ANGLAIS/R WOO $o 0 $p 3.50 $r PRETLIV $s ANGLAIS_R_WOO $w 39 $y 2024-01-23

