02063cam a2200421   4500
001 131810
003 http://www.mediathequederoubaix.fr/ark:/20179/KH131810
010    $a 2-909240-53-3 $b br. $d 22,95 EUR
020    $a FR $b 00342633
033    $a http://catalogue.bnf.fr/ark:/12148/cb39066175g
035    $a FRBNF390661750000005
090    $a 131810
091    $b 20240509 $c 1 $a 2
099    $t LI $c 2014-06-30 $d 2024-05-09 $x 4
100    $a 20031003d2003    m  y0frey50      ba
101 0  $a fre
102    $a FR
105    $a ||||z   00|y|
106    $a r
181  0 $6 01 $a i  $b xxxe  
181    $6 02 $c txt $2 rdacontent
182  0 $6 01 $a n
182    $6 02 $c n $2 rdamedia
200 1  $a Céline $b Texte imprimé $e "je ne suis pas assez méchant pour me donner en exemple" $e promenade $f Émile Brami
210    $a Paris $c Écriture $d 2003 $e 46-Cahors $g Impr. France-Quercy
215    $a 425 p. $c couv. ill. en coul. $d 23 cm
300    $a En appendice, choix de documents
300    $a Bibliogr. p. 409-418. Index
330    $a Dresse un portrait nuancé mais sans concessions de l'écrivain et de l'homme, à partir des témoignages de ses lecteurs et de ceux qui l'ont connu, de ses romans, pamphlets, lettres et textes rares. Ce livre, construit "à rebours du temps et de lieux communs", de la mort en 1961 à la naissance en 1894, propose également une plongée dans la période de l'entre-deux-guerres et de l'Occupation.
339    $a m
600    $3 11895729 $9 11559 $a Céline $b Louis-Ferdinand $f 1894-1961 $2 rameau
608    $3 11935764 $9 107 $a Biographie $2 rameau
676    $a 843.91 (critique) $v 23
686    $a 920 $2 Cadre de classement de la Bibliographie nationale française
700    $3 13623305 $9 54790 $o ISNI0000000078380251 $a Brami $b Émile $f 1950-.... $4 070
801  0 $a FR $b FR-751131015 $c 20031003 $g AFNOR $h FRBNF390661750000005 $2 intermrc
999    $a FRBNF390661750000005
995    $0 0 $2 0 $4 0 $5 2005-03-25 $9 149133 $P 17.21 $b MED $c MED $e MED1A $f C0003754284 $h ALTDCZZ $k Doc./840.20 CEL $o 0 $p 17.21 $r PRETLIV $s DOC___840_200000000000000_CEL $u pages tâchées $w 18 $y 2019-04-30

