01620cam a2200397   4500
001 132062
003 http://www.mediathequederoubaix.fr/ark:/20179/KH132062
010    $a 2-7381-1287-0 $b br. $d 23,90 EUR
020    $a FR $b 00427219
033    $a http://catalogue.bnf.fr/ark:/12148/cb39146579q
035    $a FRBNF391465790000001
090    $a 132062
091    $b 20240509 $c 1 $a 2
099    $t LI $c 2014-06-30 $d 2024-05-09 $x 1
100    $a 20040319d2003    m  y0frey50      ba
101 0  $a fre
102    $a FR
105    $a ||||z   00|y|
106    $a r
181  0 $6 01 $a i  $b xxxe  
181    $6 02 $c txt $2 rdacontent
182  0 $6 01 $a n
182    $6 02 $c n $2 rdamedia
200 1  $a Primo Levi revisité $b Texte imprimé $f Claire Quilliot
210    $a Paris $c O. Jacob $d 2003 $e 53-Mayenne $g Impr. Floch
215    $a 284 p. $d 24 cm
300    $a Bibliogr. des oeuvres de P. Levi, 3 p. Notes bibliogr.
330    $a Enquête sur les causes probables du suicide de l'écrivain, rescapé d'Auschwitz, en avril 1987, à travers une analyse de son œuvre.
339    $a m
600    $3 11912807 $9 308752 $a Levi $b Primo $f 1919-1987 $2 rameau
676    $a 853.91 (critique) $v 23
686    $a 800 $2 Cadre de classement de la Bibliographie nationale française
700    $3 11920893 $9 71991 $o ISNI0000000035195734 $a Quilliot $b Claire $f 1926-2005 $4 070
801  0 $a FR $b FR-751131015 $c 20040319 $g AFNOR $h FRBNF391465790000001 $2 intermrc
999    $a FRBNF391465790000001
995    $0 0 $2 0 $4 0 $5 2005-03-25 $9 149483 $P 19.12 $b MED $c MED $e MED3E $f C0003746079 $h ALTDCZZ $k Mag. in-8/046826 $o 0 $p 19.12 $r PRETLIV $s MAG___IN8_046826_000000000000000 $w 5 $y 2014-07-08

