01028nj  a2200253   4500
001 132344
003 http://www.mediathequederoubaix.fr/ark:/20179/KH132344
005 20240510060331.0
035 00 $a HZ_RBX255008
071 0  $a Ri 10058 $b Rigolo
090    $a 132344
091    $a 1 $b 20240510 $c 0
099    $t DC $c 2014-06-30 $d 2024-05-10 $x 0
100    $a 19       1960    k  y0frey5003    ba
101    $a fre
200    $a Mary $b Enr. sonore $a Carnaby street $f Henri Salvador, chant $g avec Jacques Denjean et son orchestre
210    $c Société P.A.M. "Salvador" $d [ca 1960]
215    $a 1 disque $c 45 tours $d 17 cm
339    $a m
700    $7 ba0yba0y $8 fre    $a Salvador $b Henri $f 1917-2008 $3 12535417 $9 4011
702    $a Verstraete $b Charles $c roubaisien $f 1924-2003 $4 320
701    $7 ba0yba0y $8 fre    $a Denjean $b Jacques $f 1929-1995 $3 13979214 $9 268626
801  0 $a FR $b 595126101 $c 20080207 $g AFNOR
995    $0 0 $2 0 $4 0 $5 2005-03-25 $9 149772 $P 1.00 $b MED $c MED $e MED3C $f C0003754006 $h PENCVZZ $k MAG DISQ/F VERS/88 $o 2 $p 1.00 $r PRETSON $s MAG_DISQF_VERS88 $y 2014-06-30

