01046nj  a2200265   4500
001 132559
003 http://www.mediathequederoubaix.fr/ark:/20179/KH132559
005 20240510060352.0
035 00 $a HZ_RBX255255
071 0  $a 256460 7682 $b EuropaCorp
090    $a 132559
091    $a 1 $b 20240510 $c 0
099    $t DC $c 2014-06-30 $d 2024-05-10 $x 7
100    $a 19       2003    k  y0frey5003    ba
101    $a fre
200    $a Michel Vaillant $b Enr. sonore $e [B.O.F.] $f Archive
210    $d P 2003
215    $a 1 d.c. $e 1 brochure (12 cm ; n.p.)
327    $a Le Mans $a Bridge scene $a Helicoptere $a Come to me 1 $a Vaillant theme $a Nothing $a Friend $a Nightmare scene $a Leader theme $a Nightmare is over $a Vaillant (acoustic) $a Night time $a Red $a Come to me 2
339    $a m
606    $a Musique de film $x Disques $2 rameau
679    $a 520
710 0  $a Archive
801  0 $a FR $b 595126101 $c 20070830 $g AFNOR
995    $0 0 $2 0 $4 0 $5 2005-03-25 $9 149995 $P 18.55 $b MED $c MED $e MED1A $f C0003725895 $h AAPCIMF $k DC/520 MIC $o 0 $p 18.55 $r PRETSON $s DC_520_000000000000000_MIC $w 42 $y 2021-01-09 $A 0

