01569cam a2200361   4500
001 132720
003 http://www.mediathequederoubaix.fr/ark:/20179/KH132720
010    $a 2-01-235721-0 $b br. $d 18 EUR
020    $a FR $b 00404187
033    $a http://catalogue.bnf.fr/ark:/12148/cb391121880
035    $a FRBNF39112188000000X
090    $a 132720
091    $b 20240510 $c 1 $a 2
099    $t LI $c 2014-06-30 $d 2024-05-10 $x 1
100    $a 20040107d2003    m  y0frey50      ba
101 0  $a fre
102    $a FR
105    $a ||||z   00|a|
106    $a r
181  0 $6 01 $a i  $b xxxe  
181    $6 02 $c txt $2 rdacontent
182  0 $6 01 $a n
182    $6 02 $c n $2 rdamedia
200 1  $a Les pommes $b Texte imprimé $f Olivia Cham
210    $a [Paris] $c Hachette littératures $d 2003 $e 18-Saint-Amand-Montrond $g Bussière Camedan impr.
215    $a 193 p. $d 20 cm
330    $a Une adolescente, Arsinioé Belline, a tué trois membres de sa famille, responsables de ses souffrances. Plus tard, son neveu Zacharie, magistrat en plein divorce, se plonge dans le dossier de cette affaire. Camille, une jeune fille, s'ingénie à le sauver de ses problèmes.
339    $a m
686    $a 803 $2 Cadre de classement de la Bibliographie nationale française
700    $3 13771632 $9 72245 $o ISNI0000000001065253 $a Cham $b Olivia $f 1972-.... $4 070
801  0 $a FR $b FR-751131015 $c 20040107 $g AFNOR $h FRBNF39112188000000X $2 intermrc
999    $a FRBNF39112188000000X
995    $0 0 $2 0 $4 0 $5 2005-03-25 $9 150162 $P 13.50 $b MED $c MED $e MED1A $f C0003759250 $h ALTROZZ $k R/CHA $o 0 $p 13.50 $r PRETLIV $s RCHA $w 10 $y 2019-11-12

