02380cam a2200493   4500
001 132950
003 http://www.mediathequederoubaix.fr/ark:/20179/KH132950
010    $a 2-07-076844-9 $b br. $d 28,50 EUR
020    $a FR $b 00413928
033    $a http://catalogue.bnf.fr/ark:/12148/cb391424900
035    $a FRBNF391424900000005
090    $a 132950
091    $b 20240510 $c 1 $a 2
099    $t LI $c 2014-06-30 $d 2024-05-10 $x 2
100    $a 20040311d2004    m  y0frey50      ba
101 0  $a fre
102    $a FR
105    $a ||||z   00|y|
106    $a r
181  0 $6 01 $a i  $b xxxe  
181    $6 02 $c txt $2 rdacontent
182  0 $6 01 $a n
182    $6 02 $c n $2 rdamedia
200 1  $a Héros du Moyen âge, le saint et le roi $b Texte imprimé $f Jacques Le Goff
210    $a [Paris] $c Gallimard $d 2004 $e 45-Manchecourt $g Impr. Maury-Eurolivres
215    $a 1318 p. $c ill., couv. ill. en coul. $d 21 cm
225    $a Quarto
300    $a Recueil de textes de J. Le Goff, 1968-2004
300    $a Bibliogr. p. 21-22. Notes bibliogr. Index
330    $a Présente des textes qui étudient le personnage du roi et du saint en Europe médiévale, à travers les figures du roi Saint Louis et de saint François d'Assise.
339    $a m
410  0 $0 34287033 $t Quarto (Paris) $x 1264-1715 $d 2004
600    $3 11903378 $9 23475 $a François d'Assise $f 1182?-1226 $c saint $2 rameau
600    $3 12034460 $9 37108 $a Louis $d IX $f 1214-1270 $c roi de France $2 rameau
606    $3 11948240 $9 322 $a Rois et souverains $3 11931301 $9 323 $y Europe $3 11976982 $9 18922 $z 13e siècle $2 rameau
606    $3 11975976 $9 72351 $a Saints $3 11931301 $9 323 $y Europe $3 11976982 $9 18922 $z 13e siècle $2 rameau
606    $3 12380439 $9 72352 $a Héros (personnes) $x Culte $3 11931301 $9 323 $y Europe $3 11976982 $9 18922 $z 13e siècle $2 rameau
606    $3 11957009 $9 3748 $a Histoire des mentalités $3 11931301 $9 323 $y Europe $3 11975717 $9 2046 $z Moyen âge $2 rameau
676    $a 940.18 $v 23
686    $a 940 $2 Cadre de classement de la Bibliographie nationale française
700    $3 11911631 $9 279270 $o ISNI0000000120987736 $a Le Goff $b Jacques $f 1924-2014 $4 070
801  0 $a FR $b FR-751131015 $c 20040311 $g AFNOR $h FRBNF391424900000005 $2 intermrc
999    $a FRBNF391424900000005
995    $0 0 $2 0 $4 0 $5 2005-03-25 $9 150453 $P 22.80 $b MED $c MED $e MED3E $f C0003760293 $h ACFHSZZ $k Mag. in-8/46878 $o 0 $p 22.80 $r PRETLIV $s MAG___IN8_46878_000000000000000 $w 12 $y 2019-03-09 $7  $8  $A  $m  $z 

