01191nam a2200277   4500
001 133198
003 http://www.mediathequederoubaix.fr/ark:/20179/KH133198
005 20180724125817.0
010    $a 2-908353-03-2
033    $a http://catalogue.bnf.fr/ark:/12148/cb35087601d
035 00 $a HZ_RBX256088
090    $a 133198
091    $a 0
099    $t LI $c 2014-06-30 $d 2014-06-30 $x 0
100    $a 19       1990    k  y0frey5003    ba
101    $a fre
200    $a Guérir en Flandre $d Genezen en aflezen $e petit répertoire des pratiques populaires utilisées en Flandre afin d'éloigner maux et maladies sans quitter le domicile $f sous la dir. de Bruno Degunst
205    $a 2e éd.
210    $a Paris $c Diffusion traditionnelle $d 1990
215    $a 104 p. $c ill., couv. ill. en coul. $d 22 cm
339    $a m
606    $9 251499 $a Médecine populaire $y France $y Flandre (Nord)
702 0  $9 288654 $a Degunst $b Bruno $4 651
801  0 $a FR $b 595126101 $c 20070830 $g AFNOR
930    $5 595126101:C0003769158 $b 595126101 $a MAG L/P 8/114 249 $e Fonds patrimonial
995    $0 0 $2 0 $4 0 $5 2005-03-25 $9 150706 $b MED $c MED $e MED3I $f C0003769158 $h PPEFGZZ $k MAG L/P 8/114 249 $o 2 $r PRETLIV $s MAG_LP_8114_249000000000000 $w 0 $y 2014-06-30

