01571ng  a2200277   4500
001 133334
003 http://www.mediathequederoubaix.fr/ark:/20179/KH133334
005 20240510061719.0
035 00 $a HZ_RBX256265
090    $a 133334
091    $a 1 $b 20240510 $c 0
099    $t VD $c 2014-06-30 $d 2024-05-10 $x 1
100    $a 19       2001    k  y0frey5003    ba
101    $a fre
200    $a The Cult $b DVD $e anthology 1984-1995
210    $c Beggars Banquet Records Ltd. $d 2001
215    $a 1 DVD $c coul., sonore $e 1 feuillet (n.p., 18 cm)
327    $a Spiritwalker - live on "The Tube" $a Go west - live at "The Lyceum" $a Resurrection Jœ $a She sells sanctuary $a Rain $a Revolution $a Love removal machine $a Lil' devil $a Wild flower $a Fire woman $a Edie (Ciao baby) $a Sweet soul sister $a Sun king - live at Pinkpop $a Wild hearted son $a Heart of soul $a The witch $a Coming down $a Star $a aussi : Introductions to selected videos by Ian Astbury and Billy Duffy $a Interview from 1986 $a 30 minute interview from 1991 $a EPK for "The Cult" album, 1994 $a Complete UK discography $a In the clouds - live in Argentina $a She sells sanctuary mcmxciii
339    $a m
345    $a ADAV $b 50243
601    $2 rameau $7 ba0yba0y $8 fre    $a The Cult $c Groupe de rock) $3 13902797 $x DVD $9 2971
606 0  $2 rameau $a Rock (musique) $x DVD
679    $a 2 $c 50
710    $7 ba0yba0y $8 fre    $a The Cult $c Groupe de rock) $3 13902797 $9 2971
801  0 $a FR $b 595126101 $c 20120824 $g AFNOR
995    $0 0 $2 0 $4 0 $5 2005-03-25 $9 150845 $P 23.00 $b MED $c MED $e MED1A $f C0003796228 $h AMV25ZZ $k DVD/2 CUL 50 $o 0 $p 23.00 $r PRETSON $s DVD_2_CUL_500000000000000 $w 25 $y 2021-07-20

