01183nam a2200289   4500
001 133524
003 http://www.mediathequederoubaix.fr/ark:/20179/KH133524
005 20180724125818.0
035 00 $a HZ_RBX256480
090    $a 133524
091    $a 0
099    $t LI $c 2014-06-30 $d 2014-06-30 $x 0
100    $a 19       1935    k  y0frey5003    ba
101    $a fre
200    $a Hélène Boucher, jeune fille française $f Antoine Redier $g préf. du Général Denain,...
210    $a [Paris] $c E. Flammarion $d 1935
215    $a 246 p. $d 20 cm
300    $a Envoi ms. de l'auteur à Monsieur Depeller ?
339    $a m
600 0  $9 83081 $7 ba0yba0y $8 fre    $a Boucher $b Hélène $f 1908-1934
700 0  $9 281225 $a Redier $b Antoine $f 1873-1954
702 0  $9 288670 $a Denain $b Victor $f 1880-1952 $4 080
702    $9 281225 $a Redier $b Antoine $f 1873-1954 $4 390
712 0  $9 123393 $a Librairie Ernest Flammarion $c Paris $c ISBN 2-08
801  0 $a FR $b 595126101 $c 20070830 $g AFNOR
930    $5 595126101:C0003658365 $b 595126101 $a MAG L/P 8/114 310 $e Fonds patrimonial
995    $0 0 $2 0 $4 0 $5 2005-03-25 $9 151059 $b MED $c MED $e MED3I $f C0003658365 $h PPEFGZZ $k MAG L/P 8/114 310 $o 2 $r PRETLIV $s MAG_LP_8114_310000000000000 $w 0 $y 2014-06-30

