00825na  a2200229   4500
001 133770
003 http://www.mediathequederoubaix.fr/ark:/20179/KH133770
005 20240510061808.0
010    $a 2-86959-654-5
035 00 $a HZ_RBX256791
090    $a 133770
091    $a 2 $b 20240510 $c 0 $s http://www.sudoc.fr/077345657 $m 3
099    $t LI $c 2014-06-30 $d 2024-05-10 $x 1
100    $a 19       2004    k  y0frey5003    ba
101    $a fre
200    $a Fables ésopiques $f Babrius $g trad. du grec et présentées par Roland Duflot
210    $c Arléa $d 2004
339    $a m
676    $a 883
700 0  $7 ba0yba0y $8 frelat $3 12005784 $9 301699 $a Babrius $b Caius Julius
801  0 $a FR $b 595126101 $c 20050325 $g AFNOR
995    $0 0 $2 0 $4 0 $5 2005-03-25 $9 151365 $P 12.00 $b MED $c MED $e MED1A $f C0003760560 $h ALTPOZZ $k P/BAB $o 0 $p 12.00 $r PRETLIV $s P_BAB $w 4 $y 2021-03-13

