02584cam a2200481   4500
001 133996
003 http://www.mediathequederoubaix.fr/ark:/20179/KH133996
010    $a 2-87900-775-5 $b rel. $d 34 EUR
020    $a FR $b 00321559
033    $a http://catalogue.bnf.fr/ark:/12148/cb390276847
035    $a FRBNF390276840000001
090    $a 133996
091    $b 20240510 $c 1 $a 2
099    $t LI $c 2014-06-30 $d 2024-05-10 $x 2
100    $a 20030708d2003    m  h0frey50      ba
101 0  $a fre
102    $a FR
105    $a ||||z   00|y|
106    $a r
181  0 $6 01 $a i  $b xxxe  
181    $6 02 $c txt $2 rdacontent
182  0 $6 01 $a n
182    $6 02 $c n $2 rdamedia
200 1  $a Lucien Jonas, 1880-1947 $b Texte imprimé $e collections du Musée Carnavalet $f [réd. par] Christophe Leribault,...
210    $a Paris $c Paris musées $c Musée Carnavalet-Histoire de Paris $d 2003 $e impr. en Italie
215    $a 115 p. $c ill. en noir et en coul., couv. ill. en coul. $d 28 cm
300    $a Publ. à l'occasion de l'exposition "Lucien Jonas et le décor mural des années 30 à Paris", Paris, Musée Carnavalet, 28 mai-26 octobre 2003
330    $a Lucien Jonas (1880-1947) se consacra durant l'entre-deux-guerres à la réalisation de grands décors muraux qui ont fait sa renommée. Ce catalogue présente une centaine de dessins en couleurs qui constituent les étapes préparatoires à des décors muraux parisiens, des photographies de compositions inachevées ou de l'artiste au travail dans son atelier.
339    $a m
503 1  $a Exposition $m Paris $n Musée Carnavalet $j 2003
517 1  $a Lucien Jonas et le décor mural des années 30 à Paris
600    $3 12253113 $9 72829 $a Jonas $b Lucien $f 1880-1947 $2 rameau
601    $3 11877340 $9 28953 $a Musée Carnavalet $c Paris $2 rameau
606    $3 11933061 $9 7703 $a Peinture et décoration murales $3 11932931 $9 579 $y Paris (France) $3 11976044 $9 113 $z 1900-1945 $2 rameau
608    $3 11938837 $9 136 $a Catalogues d'exposition $2 rameau
608    $3 11975940 $9 430 $a Catalogues $2 rameau
676    $a 759.4 $v 23
686    $a 750 $2 Cadre de classement de la Bibliographie nationale française
702    $3 12990820 $9 72830 $o ISNI0000000066512413 $a Leribault $b Christophe $f 1963-.... $4 710
710    $3 11877340 $9 28953 $o ISNI0000000123235994 $a Musée Carnavalet $c Paris $4 070
801  0 $a FR $b FR-751131015 $c 20030708 $g AFNOR $h FRBNF390276840000001 $2 intermrc
999    $a FRBNF390276840000001
995    $0 0 $2 0 $4 0 $5 2005-03-25 $9 151602 $P 34.00 $b MED $c MED $e MED1A $f C0003780031 $h AAPATAP $k Doc./751 JON $o 0 $p 34.00 $r PRETLIV $s DOC___751_000000000000000_JON $w 16 $y 2021-12-10

