01816cam a2200421   4500
001 134232
003 http://www.mediathequederoubaix.fr/ark:/20179/KH134232
010    $a 2-84789-253-2 $b rel. $d 8,40 EUR
020    $a FR $b 00406748
033    $a http://catalogue.bnf.fr/ark:/12148/cb39122910g
035    $a FRBNF391229100000004
073  0 $a 9782847892536 $2 ALS
090    $a 134232
091    $b 20240510 $c 1 $a 2
099    $t LI $c 2014-06-30 $d 2024-05-10 $x 36
100    $a 20040202d2003    a  y0frey50      ba
101 0  $a fre
102    $a FR
105    $a ||||t   00|a|
106    $a r
181  0 $6 01 $a i  $b xxxe   $a b  $b xb2e  
181    $6 02 $c txt $c sti $2 rdacontent
182  0 $6 01 $a n
182    $6 02 $c n $2 rdamedia
200 1  $a Les jambières magiques $b Texte imprimé $f scénario, David Chauvel $g dessin et couleur, Fred Simon
210    $a [Paris] $c Delcourt jeunesse $d 2003 $e impr. en Belgique
215    $a 31 p. $c ill. en coul., couv. ill. en coul. $d 30 cm
225 19 $a Popotka le petit Sioux $v 4
339    $a a
608    $a Bandes dessinées $2 CNLJ $k Avis critique donné par le Centre national de la littérature pour la jeunesse
676    $a 741.508 3 $v 23
686    $a 809 $2 Cadre de classement de la Bibliographie nationale française
700    $3 12337049 $9 53115 $o ISNI0000000066474293 $a Chauvel $b David $f 1969-.... $4 070
702    $3 12341032 $9 66435 $o ISNI0000000114397510 $a Simon $b Fred $f 1967-.... $4 440
801  0 $a FR $b FR-751131015 $c 20040202 $g AFNOR $h FRBNF391229100000004 $2 intermrc
999    $a FRBNF391229100000004
995    $0 0 $2 0 $4 0 $5 2005-03-25 $9 151893 $P 8.10 $b MED $c MED $e MED0A $f C0003977492 $h JBDZZZZ $k EXT E BD/CHA $o 0 $p 8.10 $r PRETLIV $s EXT_E_BD_CHA $w 13 $y 2022-06-21
995    $0 0 $2 0 $4 0 $5 2017-07-06 $9 362936 $b MED $c MED $e MED2A $f C2500003894 $h JBDZZZZ $k E BD/CHA $o 0 $p 8.10 $r PRETLIV $s E_BD_CHA $w 20 $y 2024-04-23

