02034cam a2200445   4500
001 134470
003 http://www.mediathequederoubaix.fr/ark:/20179/KH134470
010    $a 2-200-26661-8 $b br. $d 20,50 EUR
020    $a FR $b 00417804
033    $a http://catalogue.bnf.fr/ark:/12148/cb39150594c
035    $a FRBNF391505940000004
090    $a 134470
091    $b 20240510 $c 1 $a 2
099    $t LI $c 2014-06-30 $d 2024-05-10 $x 5
100    $a 20040326d2004    m  y0frey50      ba
101 0  $a fre
102    $a FR
105    $a ||||z   00|y|
106    $a r
181  0 $6 01 $a i  $b xxxe  
181    $6 02 $c txt $2 rdacontent
182  0 $6 01 $a n
182    $6 02 $c n $2 rdamedia
200 1  $a L'invention de soi $b Texte imprimé $e une théorie de l'identité $f Jean-Claude Kaufmann
210    $a [Paris] $c A. Colin $d 2004 $e 53-Lassay-les-Châteaux $g Impr.  Europe média duplication
215    $a 351 p. $c couv. ill. $d 23 cm
225    $a Individu et société
300    $a Bibliogr. p. 326-342. Index
330    $a Traite de la nécessité et de la difficulté, pour chacun, de donner un sens à sa vie dans une société qui a perdu ses repères. Dresse un tableau critique de l'histoire du concept d'identité. Propose une théorie, ancrée dans l'actualité.
339    $a m
410  0 $0 38929160 $t Collection Individu et société $x 1637-7923 $d 2004
606    $3 11957159 $9 22846 $a Identité (psychologie) $3 11934444 $9 494 $x Histoire $2 rameau
606    $3 11996271 $9 20564 $a Individu et société $2 rameau
606    $3 11957872 $9 23322 $a Moi (philosophie) $2 rameau
676    $a 302.5 $v 23
686    $a 300 $2 Cadre de classement de la Bibliographie nationale française
700    $3 11909498 $9 14639 $o ISNI0000000122822206 $a Kaufmann $b Jean-Claude $f 1948-.... $4 070
801  0 $a FR $b FR-751131015 $c 20040326 $g AFNOR $h FRBNF391505940000004 $2 intermrc
999    $a FRBNF391505940000004
995    $0 0 $2 0 $4 0 $5 2005-03-25 $9 152230 $P 16.40 $b MED $c MED $e MED3A $f C0003788550 $h ACFSSZZ $k Doc./301.2 IND $o 0 $p 16.40 $r PRETLIV $s DOC___301_200000000000000_IND $w 27 $y 2021-05-15

