01392nam a2200337   4500
001 134619
003 http://www.mediathequederoubaix.fr/ark:/20179/KH134619
005 20220726034732.0
010    $a 2-930178-14-0
035 00 $a HZ_RBX257971
090    $a 134619
091    $a 0
099    $t LI $c 2014-06-30 $d 2022-07-26 $x 0
100    $a 19       2000    k  y0frey5003    ba
101    $a fre
200    $a Inventaire de la presse namuroise conservée dans le Musée international de la presse $f Johan Ergo $g éd. par Suzanne Lecocq et Jean-François Füeg
210    $a Mons (Belgique) $c Ed. Mundaneum $d 2000
215    $a 165 p. $c couv. ill. $d 24 cm
225 0  $a Collection des inventaires $v 5
300    $a Don du Mundaneum, le 31 mars 2004
320    $a Index
339    $a m
410    $t Collection des inventaires $v 5
606 0  $9 251686 $a Presse $y Belgique $y Namur (Belgique ; province) $z 19e siècle
700 0  $9 194537 $a Ergo $b Johan
702 0  $9 194534 $4 651 $a Lecocq $b Suzanne
702 0  $9 194538 $4 651 $a Füeg $b Jean-François
711    $4 320 $7 ba0yba0y $8 fre    $a Mundaneum $c Mons, Belgique $9 12013
801  0 $a FR $b 595126101 $c 20101110 $g AFNOR
930    $5 595126101:C0003798416 $b 595126101 $a MAG L/P 8/114 389 $e Fonds patrimonial
995    $0 0 $2 0 $4 0 $5 2005-03-25 $9 152392 $P 1.00 $b MED $c MED $e MED3I $f C0003798416 $h PPEFGZZ $k MAG L/P 8/114 389 $o 2 $p 1.00 $r PRETLIV $s MAG_LP_8114_389000000000000 $w 0 $y 2014-06-30

