02985nj  a2200349   4500
001 134821
003 http://www.mediathequederoubaix.fr/ark:/20179/KH134821
005 20240510062651.0
035 00 $a HZ_RBX258281
071 0  $b Adma Studio $a ADM162
090    $a 134821
091    $a 1 $b 20240510 $c 0
099    $t DC $c 2014-06-30 $d 2024-05-10 $x 1
100    $a 19       2004    k  y0frey5003    ba
101    $a fre
200    $a Arenberg $b Enr. sonore $e la saga du charbon $f un spectacle de Vincent Handrey
210    $d [2004]
215    $a 2 d.c.
305    $a 2004, d'après la date d'acquisition
322    $a Conçu, écrit, composé et dirigé par Vincent Handrey ; Enregistré et mixé au studio Adma par France Ledieu et Patrice Donnay ; Produit par Patrice Donnay
323    $a La Troupe d'Arenberg est composé de : Mary-T (Mar ie de Czestokowa) ; Jean-François David (Stanislas Lewandowski dit "Tchéchou") ; Catherine Baudouin (La belle du nouveau monde) ; Dora Bia (Cafut la courageuse) ; Vincent Handrey (Louis dit Gueule Noire) ; David Caruso (Galibot d'amour) ; Lorenzo Caminotti (Jean dit "Cœur Gaillette") ; Amélie Simon (Fleur des corons) ; Didier Baliany (l'Estamineur chantant) ; Claude Estève (l'Abbé de Ste Barbe) ; et René Lukasiewicz (Bombardier le narrateur) avec la paticipation de : Frédéric Leplant, Willy Lesaffre, Fabio Cazano, chœurs ; Eric Plantain, Olivier Duchêne, guit. b ; David Mahieux, Benjamin Caleja, guit. ; Manu Raison, batt. ; Vincent Handrey, Laurent Top, claviers
327    $a DC 1 : Chorégrarenberg $a Arenberg $a Narration $a Autour du terril $a C'est comme a le décor $a Dans les corons $a Narration $a La mine a emporté mon fils $a Travailler $a Tout ça pour un garçon $a Narration $a J'attends un bébé, je n'sais pas $a Terre de mineurs $a DC 2 : Narration $a A l'estaminet $a Narration $a Cœur gaillette tombera dans mes bras $a Je l'aime autant que je t'aime (c'est la fosse quej'épouse) $a Mourir d'amour pour lui $a Comme le cheval $a Narration $a Non je n'ai pas trahi Gueule Noire $a Faudrait toujours fermer sa gueule $a La grève $a Ensemble (et puis qui sait) $a Les sanglots de la vie $a Narration $a Les fiancées d'Arenberg $a Mine de rien $a Narration $a Mourir comme un mineur $a L'Ave Maria d'Arenberg $a Narration $a Arenberg $a Nar ration $a Qu'il est beau l'enfer du Nord
339    $a m
517    $a L'intégrale de la comédie musicale Arenberg
606    $a Comédies musicales $y France $y Nord (France) $x Disques $2 rameau
679    $a 511
700    $7 ba0yba0y $8 fre    $a Handrey $b Vincent $f 1969-.... $3 14762689 $9 65633
701 0  $a Donnay $b Patrice
701 0  $a Ledieu $b France
801  0 $a FR $b 595126101 $c 20070830 $g AFNOR
995    $0 0 $2 0 $4 0 $5 2005-03-25 $9 152616 $P 26.60 $b MED $c MED $e MED3C $f C0003730939 $h PENRSZZ $k FLRSON DC/1621 $o 2 $p 26.60 $r PRETSON $s FLRSON_DC1621 $w 0 $y 2014-06-30
995    $0 0 $2 0 $4 0 $5 2005-03-25 $9 152617 $P 26.60 $b MED $c MED $e MED3C $f C0002772221 $h AMV50ZZ $k DC/511 ARE $l contient 2 cd $o 0 $p 26.60 $r PRETSON $s DC_511_000000000000000_ARE $u Artiste régional $w 19 $y 2015-03-27

