01609cam a2200385   4500
001 135074
003 http://www.mediathequederoubaix.fr/ark:/20179/KH135074
010    $a 2-258-06460-0 $b br. $d 18,90 EUR
020    $a FR $b 00413200
033    $a http://catalogue.bnf.fr/ark:/12148/cb39129749n
035    $a FRBNF39129749000000X
090    $a 135074
091    $b 20240510 $c 1 $a 2
099    $t LI $c 2014-06-30 $d 2024-05-10 $x 14
100    $a 20040213d2004    m  y0frey50      ba
101 0  $a fre
102    $a FR
105    $a ||||z   00|a|
106    $a r
181  0 $6 01 $a i  $b xxxe  
181    $6 02 $c txt $2 rdacontent
182  0 $6 01 $a n
182    $6 02 $c n $2 rdamedia
200 1  $a Les anges maudits de Tourlaville $b Texte imprimé $e roman $f Yves Jacob
210    $a [Paris] $c Presses de la Cité $d 2004 $e 18-Saint-Amand-Montrond $g Bussière Camedan impr.
215    $a 377 p. $c couv. ill. en coul. $d 23 cm
225    $a Romans Terres de France
330    $a Au XVIIe siècle en Normandie, le destin tragique de Julien et de sa sœur Marguerite qui cèdent à leur passion et se rendent coupables d'un amour interdit.
339    $a m
410  0 $0 36943980 $t Romans Terres de France $x 1635-9496 $d 2004
686    $a 803 $2 Cadre de classement de la Bibliographie nationale française
700    $3 11908387 $9 2471 $o ISNI0000000080786461 $a Jacob $b Yves $f 1940-.... $4 070
801  0 $a FR $b FR-751131015 $c 20040213 $g AFNOR $h FRBNF39129749000000X $2 intermrc
999    $a FRBNF39129749000000X
995    $0 0 $2 0 $4 0 $5 2005-03-25 $9 152902 $P 14.18 $b MED $c MED $e MED1A $f C0003807508 $h ALTROTE $k RT/JAC $o 0 $p 14.18 $r PRETLIV $s RT_JAC $w 67 $y 2020-10-24

