01735cam a2200385   4500
001 135310
003 http://www.mediathequederoubaix.fr/ark:/20179/KH135310
010    $a 2-87929-358-8 $b br. $d 22 EUR
020    $a FR $b 00429945
033    $a http://catalogue.bnf.fr/ark:/12148/cb391842975
035    $a FRBNF391842970000009
090    $a 135310
091    $b 20240510 $c 1 $a 2
099    $t LI $c 2014-06-30 $d 2024-05-10 $x 1
100    $a 20040527d2004    m  y0frey50      ba
101 1  $a fre $c eng
102    $a FR
105    $a ||||z   00|a|
106    $a r
181  0 $6 01 $a i  $b xxxe  
181    $6 02 $c txt $2 rdacontent
182  0 $6 01 $a n
182    $6 02 $c n $2 rdamedia
200 1  $a Histoires infâmes $b Texte imprimé $f Panos Karnezis $g trad. de l'anglais par Diane Ménard
210    $a [Paris] $c Éd. de l'Olivier $d 2004 $e 18-Saint-Amand-Montrond $g Bussière Camedan impr.
215    $a 366 p. $c couv. ill. en coul. $d 21 cm
330    $a En Grèce, dans un village si pauvre qu'il n'a pas de nom, les habitants ont tous une histoire comme Nectario le coiffeur qui rêve de devenir dompteur d'animaux ou le docteur qui n'ayant pas obtenu ses diplômes, a accroché au mur son certificat de pêche.
339    $a m
454  1 $t Little infamies
686    $a 803 $2 Cadre de classement de la Bibliographie nationale française
700    $3 14553158 $9 328531 $o ISNI0000000109919687 $a Karnezis $b Panos $f 1967-.... $4 070
702    $3 12143511 $9 9333 $o ISNI0000000000053330 $a Ménard $b Diane $4 730
801  0 $a FR $b FR-751131015 $c 20040527 $g AFNOR $h FRBNF391842970000009 $2 intermrc
999    $a FRBNF391842970000009
995    $0 0 $2 0 $4 0 $5 2005-03-25 $9 153238 $P 17.60 $b MED $c MED $e MED1A $f C0003809649 $h ALTTCNV $k NVL/KAR $o 0 $p 17.60 $r PRETLIV $s NVLKAR $w 11 $y 2016-05-14

