01664nj  a2200313   4500
001 135555
003 http://www.mediathequederoubaix.fr/ark:/20179/KH135555
005 20240510063504.0
035 00 $a HZ_RBX259453
071 0  $a EMN7068-2 $b EmperorNorton
090    $a 135555
091    $a 1 $b 20240510 $c 0
099    $t DC $c 2014-06-30 $d 2024-05-10 $x 13
100    $a 19       2003    k  y0frey5003    ba
101    $a fre
200    $a Lost in translation $b Enr. sonore $e B.O.F. $f Kevin Shields, Sébastien Tellier, Squarepusher, D eath in Vegas ...[et al] $g Sofia Coppola, réal.
210    $d P 2003
215    $a 1 d.c. $e 1 brochure (n. p. ; 12 cm)
327    $a Intro/Tokyo $a City girl / Kevin Shields $a Fantino / Sebastien Tellier $a Tommib / Squarepusher $a Girls / Death in Vegas $a Goodbye / Kevin Shields $a Too Young / Pheonix $a Kaze Wo Atsumete / Happy End $a On the subway / Brian Reitzell & Roger J. Manning Jr. $a Ikebana / Kevin Shields $a Sometimes / My Bloody valentine $a Alone in Kyoto / Air $a Shibuya / Brian Reitzell & Roger Manning Jr. $a Are you awake ? / Kevin Shields $a Just like honey / The Jesus & Mary Chain
339    $a m
606    $a Musique de film $x Disques $2 rameau
679    $a 520
701 0  $a Shields $b Kevin
701    $7 ba0yba0y $8 fre    $a Tellier $b Sébastien $f 1975-.... $3 14045108 $9 73573
702    $7 ba0yba0y $8 fre    $a Coppola $b Sofia $f 1971-.... $3 14022458 $9 16553
711 0  $a Squarepusher
711    $7 ba0yba0y $8 fre    $a Death in Vegas $3 14025518 $9 73572
801  0 $a FR $b 595126101 $c 20070830 $g AFNOR
995    $0 0 $2 0 $4 0 $5 2005-03-25 $9 153512 $P 19.35 $b MED $c MED $e MED1A $f C0003795688 $h AAPCIMF $k DC/520 LOS $o 0 $p 19.35 $r PRETSON $s DC_520_000000000000000_LOS $w 102 $y 2023-09-01

