03066cam a2200517   4500
001 135802
003 http://www.mediathequederoubaix.fr/ark:/20179/KH135802
010    $a 2-7467-0473-0 $b rel. sous étui $d 11 EUR
020    $a FR $b 00417258
033    $a http://catalogue.bnf.fr/ark:/12148/cb391280782
035    $a FRBNF391280780000009
073  0 $a 9782746704732 $2 ALS
090    $a 135802
091    $b 20240510 $c 1 $a 2
099    $t LI $c 2014-06-30 $d 2024-05-10 $x 60
100    $a 20040211d2004    m  y0frey50      ba
101 0  $a fre
102    $a FR
105    $a ||||z   00|a|
106    $a r
181  0 $6 01 $a i  $b xxxe  
181    $6 02 $c txt $2 rdacontent
182  0 $6 01 $a n
182    $6 02 $c n $2 rdamedia
200 1  $a La course au renard $b Texte imprimé $f Géraldine Alibeu
210    $a Paris $c Autrement jeunesse $d 2004 $e 45-Manchecourt $g Impr. Partenaires livres
215    $a Non paginé [24] p. $c tout en ill. en coul., couv. ill. en coul. $d 16 x 27 cm
225    $a Histoire sans paroles
308    $a Autrement jeunesse
321    $a La Revue des livres pour enfants. Sélection annuelle
321    $a Escales en littérature de jeunesse
329    $a Un renard vient narguer les chiens de traîneau dans le camp des Inuits. Or, sur le traîneau, il y a un petit Inuit qui dort. Les chiens, emportant avec eux le malheureux, poursuivent à toute allure le renard, bientôt poursuivis à leur tour par les autres esquimaux qui ont attelé les rennes... L'illustration offre de larges espaces bleus sur lesquels évoluent rennes rouges, esquimaux blancs, chiens jaunes, renard futé et personnages dont les attitudes permettent d'imaginer réactions et paroles.
330    $a Un matin au pôle Nord, des chiens de traîneau se lancent à la poursuite d'un pauvre renard, entraînant l'Eskimo qui les tenait en laisse. Toute la tribu tente alors de les rattraper.
333    $a À partir de 3 ans $2 CNLJ $k Avis critique donné par le Centre national de la littérature pour la jeunesse
339    $a a
410  0 $0 39147962 $t Histoire sans paroles $x 1765-792X $d 2004
410  0 $0 34288962 $t Autrement jeunesse (Paris) $x 1269-8733 $d 2004
608    $a Albums $2 CNLJ $k Avis critique donné par le Centre national de la littérature pour la jeunesse
610 0  $a album sans texte (ALS)
686    $a 809 $2 Cadre de classement de la Bibliographie nationale française
700    $3 13749538 $9 32480 $o ISNI0000000059455553 $a Alibeu $b Géraldine $f 1978-.... $4 070
801  0 $a FR $b FR-751131015 $c 20040211 $g AFNOR $h FRBNF391280780000009 $2 intermrc
999    $a FRBNF391280780000009
995    $0 0 $2 0 $4 0 $5 2005-03-25 $9 153849 $P 9.35 $b MED $c MED $e MED0A $f C0003809283 $h JABPFAF $k EXT PE A/ALI $n 2024-06-25 $o 0 $p 9.35 $r PRETLIV $s EXT_PE_A_ALI $w 74 $y 2024-04-17 $8 MA0A2A
995    $0 0 $2 0 $4 0 $5 2006-02-04 $9 153850 $P 11.00 $b MED $c MED $e MED0A $f C0004184783 $h JABPFAF $k EXT PE A/ALI $o 0 $p 11.00 $r PRETLIV $s EXT_PE_A_ALI $w 12 $y 2023-06-13
995    $0 0 $2 0 $4 0 $5 2005-03-25 $9 153851 $P 9.35 $b MED $c MED $e MED0A $f C0003818630 $h JABPFAF $k EXT PE A/ALI $o 0 $p 9.35 $r PRETLIV $s EXT_PE_A_ALI $w 48 $y 2024-04-20 $8 MA0A2B

