01958cam a2200421   4500
001 136028
003 http://www.mediathequederoubaix.fr/ark:/20179/KH136028
010    $a 2-87900-815-8 $b rel. $d 14 EUR
020    $a FR $b 00423168
033    $a http://catalogue.bnf.fr/ark:/12148/cb39146068p
035    $a FRBNF391460680000000
073  0 $a 9782879008158 $2 ALS
090    $a 136028
091    $b 20240510 $c 1 $a 2
099    $t LI $c 2014-06-30 $d 2024-05-10 $x 26
100    $a 20040318d2004    a  h0frey50      ba
101 0  $a fre
102    $a FR
105    $a ||||z   00|a|
106    $a r
181  0 $6 01 $a i  $b xxxe  
181    $6 02 $c txt $2 rdacontent
182  0 $6 01 $a n
182    $6 02 $c n $2 rdamedia
200 1  $a Dans la Lune $b Texte imprimé $f une histoire de Pierre Grosz $g ill. de Chen Jiang Hong
210    $a Paris $c Paris-Musées $d 2004 $e impr. en Italie
215    $a Non paginé [26] p. $c ill. en coul., couv. ill. en coul. $d 31 cm
225    $a Sans fées ni dragons
330    $a La lune... D'où vient-elle, que s'y passe-t-il et comment faire pour l'attraper ? Court récit sur le merveilleux du quotidien, écrit à la première personne, pour donner à voir un livre où le texte et l'image se font écho avec un certain mystère.
339    $a a
410  0 $0 39166288 $t Sans fées ni dragons $x 1765-7962 $d 2004
608    $a Albums $2 CNLJ $k Avis critique donné par le Centre national de la littérature pour la jeunesse
686    $a 809 $2 Cadre de classement de la Bibliographie nationale française
700    $3 12557613 $9 73747 $o ISNI0000000121260758 $a Grosz $b Pierre $f 1939-.... $4 070
702    $3 12497168 $9 291058 $o ISNI0000000121004172 $a Chen $b Jiang hong $f 1963-.... $4 440
801  0 $a FR $b FR-751131015 $c 20040318 $g AFNOR $h FRBNF391460680000000 $2 intermrc
999    $a FRBNF391460680000000
995    $0 0 $2 0 $4 0 $5 2005-03-25 $9 154206 $P 11.90 $b MED $c MED $e MED0A $f C0003844704 $h JABPFAF $k EXT PE A/GRO $o 0 $p 11.90 $r PRETLIV $s EXT_PE_AGRO $w 53 $y 2024-04-17 $8 MA0C08

