00840nj  a2200217   4500
001 136246
003 http://www.mediathequederoubaix.fr/ark:/20179/KH136246
005 20240510064253.0
035 00 $a HZ_RBX260435
071 0  $b Studio S.M. $a SM 17A-478
090    $a 136246
091    $a 1 $b 20240510 $c 0
099    $t DV $c 2014-06-30 $d 2024-05-10 $x 0
100    $a 19               k  y0frey5003    ba
101    $a fre
200    $a Folk-psaumes $b Enr. sonore $e N ̊2
339    $a m
700    $7 ba0yba0y $8 fre    $a Fau $b Raymond $f 1936-2021 $3 11902305 $9 9094
801  0 $a FR $b 595126101 $c 20060303 $g AFNOR
930    $5 595126101:C0003777240 $b 595126101 $a FLRSON 17/4580 $e Fonds local et régional sonore
995    $0 0 $2 0 $4 0 $5 2005-03-25 $9 154448 $P 20.00 $b MED $c MED $e MED3C $f C0003777240 $h PENRSZZ $k FLRSON 17/4580 $o 2 $p 20.00 $r PRETSON $s FLRSON_174580_000000000000000 $w 0 $y 2014-06-30

