00819nj  a2200217   4500
001 136487
003 http://www.mediathequederoubaix.fr/ark:/20179/KH136487
005 20240510064946.0
035 00 $a HZ_RBX260771
071 0  $b Blackline $a BL 703
090    $a 136487
091    $a 1 $b 20240510 $c 0
099    $t DV $c 2014-06-30 $d 2024-05-10 $x 0
100    $a 19               k  y0frey5003    ba
101    $a fre
200    $a Chansons sages $b Enr. sonore
339    $a m
710    $7 ba0yba0y $8 fre    $a Line et Willy $3 14836030 $9 3322
801  0 $a FR $b 595126101 $c 20050325 $g AFNOR
930    $5 595126101:C0003777428 $b 595126101 $a FLRSON 30/4605 $e Fonds local et régional sonore
995    $0 0 $2 0 $4 0 $5 2005-03-25 $9 154701 $P 20.00 $b MED $c MED $e MED3C $f C0003777428 $h PENRSZZ $k FLRSON 30/4605 $o 2 $p 20.00 $r PRETSON $s FLRSON_304605_000000000000000 $w 0 $y 2014-06-30

