01301nj  a2200289   4500
001 136638
003 http://www.mediathequederoubaix.fr/ark:/20179/KH136638
005 20240510065037.0
035 00 $a HZ_RBX260978
071 0  $a Holy 30 CD $b Holy Recs 1997
090    $a 136638
091    $a 1 $b 20240510 $c 0
099    $t DC $c 2014-06-30 $d 2024-05-10 $x 0
100    $a 19       1997    k  y0frey5003    ba
101    $a fre
200    $a Room seven $b Enr. sonore $f Super Unit Provided
210    $d P 1997
215    $a 1 d.c. $e 1 brochure (n. p. ; 12 cm)
327    $a Délivrance $a Bangs in my head $a Real nature $a My heart on my tongue $a Room seven $a World of cushions $a A blue sweetness $a The calling $a Snake eyes $a The fall is too long $a Fallacy $a Imaginary life
339    $a m
606    $7 ba0yba0y $8 fre    $3 13509052 $9 762 $a Thrash metal $x Disques $y France $y Lille (Nord) $2 rameau
606    $7 ba0yba0y $8 fre    $3 12486943 $9 178 $a Heavy metal $x Disques $y France $y Lille (Nord) $2 rameau
679    $a 2 $c 50
710 0  $a S.U.P. $c Lille, Nord
801  0 $a FR $b 595126101 $c 20110525 $g AFNOR
930    $5 595126101:C0003800239 $b 595126101 $a FLRSON DC/1674 $e Fonds local et régional sonore
995    $0 0 $2 0 $4 0 $5 2005-03-25 $9 154872 $P 16.58 $b MED $c MED $e MED3C $f C0003800239 $h PENRSZZ $k FLRSON DC/1674 $o 2 $p 16.58 $r PRETSON $s FLRSON_DC1674 $w 0 $y 2014-06-30

