01919cam a2200433   4500
001 136782
003 http://www.mediathequederoubaix.fr/ark:/20179/KH136782
010    $a 2-8036-1984-9 $b rel. $d 7,95 EUR
020    $a FR $b 00428060
033    $a http://catalogue.bnf.fr/ark:/12148/cb391775489
035    $a FRBNF391775480000000
073  0 $a 9782803619849 $2 ALS
090    $a 136782
091    $b 20240510 $c 1 $a 2
099    $t LI $c 2014-06-30 $d 2024-05-10 $x 35
100    $a 20040514d2004    a  y0frey50      ba
101 0  $a fre
102    $a BE
105    $a ||||t   00|a|
106    $a r
181  0 $6 01 $a i  $b xxxe   $a b  $b xb2e  
181    $6 02 $c txt $c sti $2 rdacontent
182  0 $6 01 $a n
182    $6 02 $c n $2 rdamedia
200 1  $a Gowap à gogo $b Texte imprimé $f Curd Ridel et Mythic
210    $a Bruxelles $a [Paris] $c le Lombard $d 2004 $e impr. en Belgique
215    $a 46 p. $c ill. en coul., couv. ill. en coul. $d 30 cm
225 19 $a Le Gowap $v 7
330    $a Comme une tempête, le Gowap dévaste gentiment la maison et la vie de Géraldine. Le dinosaure désopilant fait gaffe sur gaffe.
339    $a a
608    $a Documentaires : arts $2 CNLJ $k Avis critique donné par le Centre national de la littérature pour la jeunesse
608    $a Bandes dessinées $2 CNLJ $k Avis critique donné par le Centre national de la littérature pour la jeunesse
676    $a 741.508 3 $v 23
686    $a 809 $2 Cadre de classement de la Bibliographie nationale française
700    $3 12014959 $9 11497 $o ISNI0000000361421768 $a Ridel $b Curd $f 1963-.... $4 070
701    $3 12740204 $9 11496 $o ISNI0000000122843584 $a Mythic $f 1947-.... $4 070
801  0 $a FR $b FR-751131015 $c 20040514 $g AFNOR $h FRBNF391775480000000 $2 intermrc
999    $a FRBNF391775480000000
995    $0 0 $2 0 $4 0 $5 2006-05-27 $9 155052 $P 8.30 $b MED $c MED $e MED0A $f C0004288024 $h JBDZZZZ $k EXT E BD/RID $o 0 $p 8.30 $r PRETLIV $s EXT_E_BDRID $w 12 $y 2019-06-26 $7 Bd Fugue Caf (cdes Collectivits)

