02529cam a2200481   4500
001 136975
003 http://www.mediathequederoubaix.fr/ark:/20179/KH136975
010    $a 2-211-05156-1 $b br. $d 11,50 EUR
020    $a FR $b 00411131
033    $a http://catalogue.bnf.fr/ark:/12148/cb39128549v
035    $a FRBNF391285490000004
073  0 $a 9782211051569 $2 ALS
090    $a 136975
091    $b 20240510 $c 1 $a 2
099    $t LI $c 2014-06-30 $d 2024-05-10 $x 4
100    $a 20040211d2004    a  y0frey50      ba
101 1  $a fre $c eng
102    $a FR
105    $a ||||z   00|a|
106    $a r
181  0 $6 01 $a i  $b xxxe  
181    $6 02 $c txt $2 rdacontent
182  0 $6 01 $a n
182    $6 02 $c n $2 rdamedia
200 1  $a Les mémoires d'un chien $b Texte imprimé $f Lois Lowry $g trad. de l'anglais, États-Unis, par Nadia Butaud
210    $a Paris $c l'École des loisirs $d 2004 $e 18-Saint-Amand-Montrond $g Bussière Camedan impr.
215    $a 232 p. $c couv. ill. en coul. $d 19 cm
225    $a Neuf
321    $a Escales en littérature de jeunesse $c 2013
329    $a Dans la pure tradition des mémoires littéraires voici le récit plein d'humour et de suspense de Berger, chien d'une exceptionnelle intelligence et bâtard superbe, successivement clochard, vedette de télévision et compagnon de la petite Emily. Un savoureux pastiche d'autobiographie ! $d 20131001 $2 CNLJ $k Avis critique donné par le Centre national de la littérature pour la jeunesse
330    $a Berger, un chien des rues à la queue en panache, part à l'aventure à la recherche de l'enfant qui demandera à le garder. Un récit plein d'humour sous l'apparence de mémoires.
333    $a À partir de 9 ans $2 CNLJ $k Avis critique donné par le Centre national de la littérature pour la jeunesse
339    $a a
410  0 $0 34229696 $t Neuf (Paris.1984) $x 0295-7191 $d 2004
454  1 $t Stay ! Keeper's story
608    $a Romans $2 CNLJ $k Avis critique donné par le Centre national de la littérature pour la jeunesse
676    $a 811.5 $v 23
686    $a 809 $2 Cadre de classement de la Bibliographie nationale française
700    $3 11913519 $9 37786 $o ISNI0000000083897941 $a Lowry $b Lois $f 1937-.... $4 070
702    $3 13500367 $9 50656 $o ISNI0000000109197370 $a Butaud $b Nadia $f 1979-.... $4 730
801  0 $a FR $b FR-751131015 $c 20040211 $g AFNOR $h FRBNF391285490000004 $2 intermrc
999    $a FRBNF391285490000004
995    $0 0 $2 0 $4 0 $5 2005-03-25 $9 155278 $P 9.78 $b MED $c MED $e MED0A $f C0003865459 $h JROROZZ $k EXT E R/LOW $o 0 $p 9.78 $r PRETLIV $s EXT_E_RLOW $w 4 $y 2017-03-15

