01508nam a22004093  4500
001 137337
003 http://www.mediathequederoubaix.fr/ark:/20179/KH137337
010    $a 2-08-164714-1 $b Poche $d 4.5 EUR
033    $a http://catalogue.bnf.fr/ark:/12148/cb43415398c
035    $a FRBNF434153980000009
039    $o ALS $a 0327546
073  0 $a 9782081647145
090    $a 137337
091    $a 2 $b 20240510 $c 1
099    $t LI $c 2014-06-30 $d 2024-05-10 $x 3
100    $a 20000308d2000    m  y0frey50      ba
101 0  $a fre
102    $a FR
105    $a ||||z   00|y|
106    $a r
181  0 $6 01 $a i  $b xxxe  
181    $6 02 $c txt $2 rdacontent
182  0 $6 01 $a n
182    $6 02 $c n $2 rdamedia
200 1  $a 19 fables du roi Lion $b Texte imprimé $f Jean Muzi
205    $a Nouv. éd.
210    $a Paris $c Castor poche-Flammarion $d 2000
215    $d 18 x 13 cm
225    $a Castor poche $x 0248-0492 $i Junior $x 1147-3533 $v 90
321    $a Escales en littérature de jeunesse
339    $a a
410  0 $0 34228491 $t Castor poche $x 0248-0492 $v 90
608    $a Contes, légendes et folklore $2 CNLJ $k Avis critique donné par le Centre national de la littérature pour la jeunesse
700    $3 11917314 $9 36795 $o ISNI0000000081612199 $a Muzi $b Jean $4 070
801  0 $a FR $b FR-751131015 $c 20000308 $g AFNOR $h FRBNF434153980000009 $2 intermrc
999    $a FRBNF434153980000009
995    $0 0 $2 0 $4 0 $5 2005-03-25 $9 155708 $P 3.83 $b MED $c MED $e MED0A $f C0003871078 $h JABCTEF $k EXT E C/MUZ $o 0 $p 3.83 $r PRETLIV $s EXT_E_CMUZ $w 11 $y 2017-03-14

