01305nam a2200301   4500
001 137527
003 http://www.mediathequederoubaix.fr/ark:/20179/KH137527
005 20220924065937.0
035 00 $a HZ_RBX262287
071 01 $a 616 $b R.V.
090    $a 137527
091    $a 0
099    $t LI $c 2014-06-30 $d 2022-09-24 $x 0
100    $a 19       1939    k  y0frey5003    ba
101    $a fre
200    $a Une charade $b Musique imprimée $f musique Paul Misraki $g paroles André Hornez $g créé par Danielle Darrieux dans son grand film "Battement de coeur"
210    $a Paris $c Société d'Ed. Musicales Paris-Monde $d cop. 1939
215    $a 1 partition [(2] f.] $c couv. ill. $d 27 cm
300    $a Don de Madame Thérèse Prez, avril 2004
339    $a m
606 0  $a Musique de film $x Partitions $2 rameau
702  1 $9 195375 $4 320 $a Prez $b Thérèse
701    $7 ba0yba0y $8 fre    $a Misraki $b Paul $f 1908-1998 $4 230 $9 5945
701  1 $9 13867 $7 ba0yba0y $8 fre    $a Hornez $b André $f 1905-1989 $4 520
702    $7 ba0yba0y $8 fre    $a Darrieux $b Danielle $f 1917-2017 $9 22036
801  0 $a FR $b 595126101 $c 20110716 $g AFNOR
930    $5 595126101:C0003836743 $b 595126101 $a BR 4/2631 $e Fonds patrimonial
995    $0 0 $2 0 $4 0 $5 2005-03-25 $9 155985 $b MED $c MED $e MED3N $f C0003836743 $h PPEFGZZ $k BR 4/2631 $o 2 $r PRETLIV $s BR_42631_000000000000000 $w 0 $y 2014-06-30

