01733cam a2200409   4500
001 137726
003 http://www.mediathequederoubaix.fr/ark:/20179/KH137726
010    $a 2-07-031510-X $b br. $d 3,50 EUR
020    $a FR $b 00432565
033    $a http://catalogue.bnf.fr/ark:/12148/cb39192100d
035    $a FRBNF39192100000000X
090    $a 137726
091    $b 20240510 $c 1 $a 2
099    $t LI $c 2014-06-30 $d 2024-05-10 $x 23
100    $a 20040610d2004    m  y0frey50      ba
101 0  $a fre
102    $a FR
105    $a ||||z   00|a|
106    $a r
181  0 $6 01 $a i  $b xxxe  
181    $6 02 $c txt $2 rdacontent
182  0 $6 01 $a n
182    $6 02 $c n $2 rdamedia
200 1  $a Gargantua $b Texte imprimé $f François Rabelais $g modernisation du texte et dossier réalisés par Emmanuel Naya $g lecture d'image par Valérie Lagier
210    $a [Paris] $c Gallimard $d 2004 $e impr. en Espagne
215    $a 345 p. $c couv. ill. en coul. $d 18 cm
225    $a Folioplus classiques $v 21
330    $a Texte de Rabelais à l'orthographe modernisée mais sans adaptation.
339    $a m
410  0 $0 39080142 $t Folioplus classiques $x 1763-9522 $v 21
686    $a 803 $2 Cadre de classement de la Bibliographie nationale française
700    $3 11920939 $9 282838 $o ISNI0000000122775067 $a Rabelais $b François $f 1494?-1553 $4 070
702    $3 13500526 $9 328545 $o ISNI0000000121174243 $a Naya $b Emmanuel $f 1971-.... $4 340
702    $3 12260682 $9 74567 $o ISNI0000000109188730 $a Lagier $b Valérie $f 1964-.... $4 205
801  0 $a FR $b FR-751131015 $c 20040610 $g AFNOR $h FRBNF39192100000000X $2 intermrc
999    $a FRBNF39192100000000X
995    $0 0 $2 0 $4 0 $5 2005-05-19 $9 156215 $P 3.50 $b MED $c MED $e MED1A $f C0004073908 $h ALTROZZ $k R/RAB $o 0 $p 3.50 $r PRETLIV $s R_RAB $w 38 $y 2024-03-06

