01179ng  a2200277   4500
001 137882
003 http://www.mediathequederoubaix.fr/ark:/20179/KH137882
005 20240510070635.0
035 00 $a HZ_RBX262770
090    $a 137882
091    $a 1 $b 20240510 $c 0
099    $t VD $c 2014-06-30 $d 2024-05-10 $x 2
100    $a 19               k  y0frey5003    ba
101    $a fre
200    $a Funky cops $b DVD $h Saison 1. 1ère partie : épisodes 9 à 13 $g Alain Serlupus, Christiane Serlupus, Stéphane Massar... [et al.], scénario
210    $a France $c Antefilms Production $c Métropole Télévision $c TPS Cinéma
215    $a 1 DVD (2 h 10 min) $c coul., sonore
327    $a Cache-Cash $a Discomatic $a Six ça suffit $a Le Kid Dick $a Le dernier slow $a Aussi : le clip de "Let's Boogie" de DJ Abdel
339    $a m
345    $a ADAV $b 48151
606 0  $a Dessins animés $y France $z 1960-1990 $2 rameau
702 0  $4 690 $a Serlupus $b Alain
702 0  $4 690 $a Serlupus $b Christiane
702 0  $4 690 $a Massar $b Stéphane
801  0 $a FR $b 595126101 $c 20070830 $g AFNOR
995    $0 0 $2 0 $4 0 $5 2005-03-25 $9 156373 $P 18.66 $b MED $c MED $e MED3C $f C0003856256 $h AAPCGDA $k DVD/A FUN $o 0 $p 18.66 $r PRETDVD $s DVD_A_FUN $w 16 $y 2015-09-09

