02182cam a2200493   4500
001 138024
003 http://www.mediathequederoubaix.fr/ark:/20179/KH138024
010    $a 2-9500717-3-2 $b br. $d 360 F
020    $a FR $b 00004035
033    $a http://catalogue.bnf.fr/ark:/12148/cb37006435j
035    $a FRBNF370064350000000
039    $o OPL $a 024226207
073  0 $a 9782950071736
090    $a 138024
091    $b 20240510 $c 1 $a 2
099    $t LI $c 2014-06-30 $d 2024-05-10 $x 0
100    $a 19990218d1996    m  y0frey50      ba
101 0  $a fre
102    $a FR
105    $a a   z   00|y|
106    $a r
181  0 $6 01 $a i  $b xxxe   $a b  $b xb2e  
181    $6 02 $c txt $c sti $2 rdacontent
182  0 $6 01 $a n
182    $6 02 $c n $2 rdamedia
200 1  $a 5000 dessinateurs de presse et quelques supports $b Texte imprimé $e en France de Daumier à nos jours $f [conçu et réalisé par Solo] $g [avec la collab. de Catherine Saint-Martin et le concours de Jean-Marie Bertin]
210    $a Paris $b 65 rue Blomet, 75015 $c Té.arte $d 1996 $e 87-Limoges $g GDS impr.
215    $a 688-VI p. $c ill., couv. ill. $d 23 cm
300    $a Bibliogr., 1 p.
339    $a m
517 1  $a Cinq mille dessinateurs de presse et quelques supports
606    $3 11944016 $9 74633 $a Dessinateurs $3 11931476 $9 109 $y France $2 rameau
606    $3 13318369 $9 12632 $a Presse $3 11931476 $9 109 $y France $2 rameau
608    $3 11964543 $9 1597 $a Dictionnaires biographiques $2 rameau
608    $3 11931877 $9 2172 $a Dictionnaires $2 rameau
676    $a 741.092 $v 23
676    $a 070.49 $v 23
686    $a 92 $2 Cadre de classement de la Bibliographie nationale française
700    $3 12639919 $9 74634 $o ISNI0000000382530429 $a Solo $b François $f 1933-.... $4 070
702    $3 12665358 $9 74635 $o ISNI0000000036910138 $a Saint-Martin $b Catherine $f 19..-.... $c bibliothécaire $4 205
702    $3 15671270 $9 74636 $o ISNI0000000036734365 $a Bertin $b Jean-Marie $f 1945-.... $4 205
801  0 $a FR $b FR-751131015 $c 19990218 $g AFNOR $h FRBNF370064350000000 $2 intermrc
999    $a FRBNF370064350000000
995    $0 0 $2 0 $4 0 $5 2005-03-25 $9 156531 $P 24.00 $b MED $c MED $e MED2B $f C0003839589 $h ACFUEZZ $k U ETUD/741.092/SOL $o 2 $p 24.00 $r PRETLIV $s U_ETUD741_092SOL $w 0 $y 2014-06-30

