01817cam a2200397   4500
001 138204
003 http://www.mediathequederoubaix.fr/ark:/20179/KH138204
010    $a 2-259-19904-6 $b br. $d 21 EUR
020    $a FR $b 00436672
033    $a http://catalogue.bnf.fr/ark:/12148/cb392129097
035    $a FRBNF392129090000002
039    $o OPP $a 39921955 $d 20081223
090    $a 138204
091    $b 20240510 $c 1 $a 2
099    $t LI $c 2014-06-30 $d 2024-05-10 $x 4
100    $a 20040719d2004    m  y0frey50      ba
101 1  $a fre $c spa
102    $a FR
105    $a ||||z   00|a|
106    $a r
181  0 $6 01 $a i  $b xxxe  
181    $6 02 $c txt $2 rdacontent
182  0 $6 01 $a n
182    $6 02 $c n $2 rdamedia
200 1  $a Voix endormies $b Texte imprimé $e roman $f Dulce Chacón $g trad. de l'espagnol par Laurence Villaume
210    $a [Paris] $c Plon $d 2004 $e 18-Saint-Amand-Montrond $g Bussière Camedan impr.
215    $a 394 p. $c couv. ill. $d 23 cm
330    $a En 1939, dans la prison madrilène de Ventas, des femmes sont incarcérées pour délit politique. Coupées du monde et de leurs proches, Hortensia, Elvira et Tomasa témoignent de leur quotidien douloureux, de l'humiliation et de la torture. Hommages à celles qui ont combattu pour la liberté, au prix de leur vie.
339    $a m
454  1 $t La voz dormida
686    $a 803 $2 Cadre de classement de la Bibliographie nationale française
700    $3 13526993 $9 74682 $o ISNI0000000066357345 $a Chacón $b Dulce $f 1954-2003 $4 070
702    $3 14520416 $9 58328 $o ISNI0000000001219777 $a Villaume $b Laurence $4 730
801  0 $a FR $b FR-751131015 $c 20040719 $g AFNOR $h FRBNF392129090000002 $2 intermrc
999    $a FRBNF392129090000002
995    $0 0 $2 0 $4 0 $5 2005-03-25 $9 156717 $P 15.75 $b MED $c MED $e MED1A $f C0003886219 $h ALTROZZ $k R/CHA $o 0 $p 15.75 $r PRETLIV $s RCHA $w 40 $y 2019-02-27

