00833nj  a2200217   4500
001 138390
003 http://www.mediathequederoubaix.fr/ark:/20179/KH138390
005 20240510071405.0
035 00 $a HZ_RBX263444
090    $a 138390
091    $a 1 $b 20240510 $c 0
099    $t K7 $c 2014-06-30 $d 2024-05-10 $x 0
100    $a 19               k  y0frey5003    ba
101    $a fre
200    $a Frequence Pile Magazine $b Enr. sonore $e Groupe Silence $e 26 avril 1986
339    $a m
710 0  $a Radio Boomerang $c Roubaix, Nord $c roubaisien
711 0  $a Silence $c Périodique
801  0 $a FR $b 595126101 $c 20051114 $g AFNOR
930    $5 595126101:C0003766215 $b 595126101 $a FLRSON K7/77 $e Fonds local et régional sonore
995    $0 0 $2 0 $4 0 $5 2005-03-25 $9 156920 $P 1.00 $b MED $c MED $e MED3C $f C0003766215 $h PENRSZZ $k FLRSON K7/77 $o 2 $p 1.00 $r PRETSON $s FLRSON_K777 $w 0 $y 2014-06-30

