01274nam a2200301   4500
001 138551
003 http://www.mediathequederoubaix.fr/ark:/20179/KH138551
005 20220511064931.0
035 00 $a HZ_RBX263625
090    $a 138551
091    $a 0
099    $t LI $c 2014-06-30 $d 2022-05-11 $x 0
100    $a 19       1926    k  y0frey5003    ba
101    $a fre
200    $a Eux et nous $e français et étrangers vus par les caricaturistes $f réd. Georges Girard, Sammy $g Pierre d'Espezel, dir.
210    $a Paris $c Beaux arts $d 1926
215    $a 96 p. $c ill. $d 20 cm
300    $a Don de Bernard Grelle, juin 2003
315    $a In "Les cahiers de la république des lettres, des sciences et des arts", 1re année, n ̊4, Octobre 1926
339    $a m
606 0  $a Caricature $y France $z 1870-1914 $2 rameau
702  1 $9 159645 $4 070 $a Girard $b Georges
702 0  $9 186626 $4 070 $a Sammy
702 0  $9 195866 $4 651 $a Espezel $b Pierre d'
702    $7 ba0yba0y $8 fre    $a Grelle $b Bernard $f 1943-.... $4 320 $9 81239
801  0 $a FR $b 595126101 $c 20070830 $g AFNOR
930    $5 595126101:C0003776189 $b 595126101 $a MAG L/P 8/114 507 $e Fonds patrimonial
995    $0 0 $2 0 $4 0 $5 2005-03-25 $9 157082 $b MED $c MED $e MED3I $f C0003776189 $h PPEFGZZ $k MAG L/P 8/114 507 $o 2 $r PRETLIV $s MAG_LP_8114_507000000000000 $w 0 $y 2014-06-30

