01119nam a2200265   4500
001 138722
003 http://www.mediathequederoubaix.fr/ark:/20179/KH138722
005 20220422030926.0
033    $a http://catalogue.bnf.fr/ark:/12148/cb30218849d
035 00 $a HZ_RBX263830
090    $a 138722
091    $a 0
099    $t LI $c 2014-06-30 $d 2022-04-22 $x 0
100    $a 19       1861    k  y0frey5003    ba
101    $a fre
200    $a De la littérature populaire en France $e recherches sur les origines et les variations de la légende du bonhomme Misère $f par Champfleury
210    $a Paris $c Poulet-Malassis et de Broise $d 1861
215    $a 32 p. $d 24 cm
305    $a Impression de Poulet-Malassis d'après inscription ms.
310    $a Un des 200 exemplaires
339    $a m
700    $7 ba0yba0y $8 fre    $a Champfleury $f 1821-1889 $9 279720
801  0 $a FR $b 595126101 $c 20051205 $g AFNOR
930    $5 595126101:C0003996593 $b 595126101 $a RES 8/1164 $e Fonds patrimonial
995    $0 0 $2 0 $4 0 $5 2005-03-25 $9 157275 $P 120.00 $b MED $c MED $e MED3O $f C0003996593 $h PPEFGZZ $k RES 8/1164 $o 2 $p 120.00 $r PRETLIV $s RES_81164_000000000000000 $w 0 $y 2014-06-30

