01743cam a2200385   4500
001 138904
003 http://www.mediathequederoubaix.fr/ark:/20179/KH138904
010    $a 2-267-01736-9 $b br. $d 15 EUR
020    $a FR $b 00436631
033    $a http://catalogue.bnf.fr/ark:/12148/cb39214329p
035    $a FRBNF392143290000001
090    $a 138904
091    $b 20240510 $c 1 $a 2
099    $t LI $c 2014-06-30 $d 2024-05-10 $x 5
100    $a 20040721d2004    m  y0frey50      ba
101 1  $a fre $c spa
102    $a FR
105    $a ||||z   00|a|
106    $a r
181  0 $6 01 $a i  $b xxxe  
181    $6 02 $c txt $2 rdacontent
182  0 $6 01 $a n
182    $6 02 $c n $2 rdamedia
200 1  $a Anvers $b Texte imprimé $f Roberto Bolaño $g trad. de l'espagnol (Chili) par Robert Amutio
210    $a [Paris] $c C. Bourgois $d 2004 $e 61-Lonrai $g Normandie roto impr.
215    $a 126 p. $c couv. ill. en coul. $d 20 cm
330    $a Genre de roman policier pulvérisé : cadavres, policier, enquête, atmosphère poisseuse, suspects. Un meurtre a été commis sur la côte méditerranéenne, et on pourrait croire que le récit s'attelerait à la résolution du crime. Mais l'énigme reste entière. Récit de l'exil et de la solitude.
339    $a m
454  1 $t Amberes
686    $a 803 $2 Cadre de classement de la Bibliographie nationale française
700    $3 13484215 $9 66129 $o ISNI0000000121298844 $a Bolaño $b Roberto $f 1953-2003 $4 070
702    $3 12990241 $9 46979 $o ISNI0000000073614135 $a Amutio $b Robert $4 730
801  0 $a FR $b FR-751131015 $c 20040721 $g AFNOR $h FRBNF392143290000001 $2 intermrc
999    $a FRBNF392143290000001
995    $0 0 $2 0 $4 0 $5 2005-03-25 $9 157484 $P 13.65 $b MED $c MED $e MED1A $f C0003735256 $h ALTROZZ $k R/BOL $o 0 $p 13.65 $r PRETLIV $s R_BOL $w 8 $y 2024-05-03

