00782nj  a2200217   4500
001 139145
003 http://www.mediathequederoubaix.fr/ark:/20179/KH139145
005 20240510072158.0
035 00 $a HZ_RBX264430
071 0  $b Autoprod.
090    $a 139145
091    $a 1 $b 20240510 $c 0
099    $t K7 $c 2014-06-30 $d 2024-05-10 $x 0
100    $a 19               k  y0frey5003    ba
101    $a fre
200    $a Dans les bars ! ... $b Enr. sonore
339    $a m
710 0  $a Hanky-Panky $c Calais, Pas-de-Calais
801  0 $a FR $b 595126101 $c 20050325 $g AFNOR
930    $5 595126101:C0003976137 $b 595126101 $a FLRSON K7/181 $e Fonds local et régional sonore
995    $0 0 $2 0 $4 0 $5 2005-03-25 $9 157776 $P 1.00 $b MED $c MED $e MED3C $f C0003976137 $h PENRSZZ $k FLRSON K7/181 $o 2 $p 1.00 $r PRETSON $s FLRSON_K7181 $w 0 $y 2014-06-30

