01567cam a2200409   4500
001 139343
003 http://www.mediathequederoubaix.fr/ark:/20179/KH139343
010    $a 2-258-05832-5 $b br. $d 10 EUR
020    $a FR $b 00404539
033    $a http://catalogue.bnf.fr/ark:/12148/cb39117088x
035    $a FRBNF391170880000007
073  0 $a 9782258058323 $2 ALS
090    $a 139343
091    $b 20240510 $c 1 $a 2
099    $t LI $c 2014-06-30 $d 2024-05-10 $x 1
100    $a 20040119d2004    m  y0frey50      ba
101 1  $a fre $c eng
102    $a FR
105    $a ||||t   00|a|
106    $a r
181  0 $6 01 $a i  $b xxxe   $a b  $b xb2e  
181    $6 02 $c txt $c sti $2 rdacontent
182  0 $6 01 $a n
182    $6 02 $c n $2 rdamedia
200 1  $a Y'a des jours comme ça ! $b Texte imprimé $f Bill Watterson $g [trad. par Laurent Duvault]
210    $a [Paris] $c Éd. Hors collection $d 2004 $e 37-Tours $g Mame impr.
215    $a 62 p. $c ill., couv. ill. en coul. $d 29 cm
225 19 $a Calvin et Hobbes $v 23
339    $a a
454  1 $t It's a magical world
676    $a 741.5 $v 23
686    $a 803 $2 Cadre de classement de la Bibliographie nationale française
700    $3 12069384 $9 16536 $o ISNI000000012139406X $a Watterson $b Bill $f 1958-.... $4 070
702    $3 12153752 $9 16537 $o ISNI0000000000472455 $a Duvault $b Laurent $4 730
801  0 $a FR $b FR-751131015 $c 20040119 $g AFNOR $h FRBNF391170880000007 $2 intermrc
999    $a FRBNF391170880000007
995    $0 0 $2 0 $4 0 $5 2005-03-25 $9 158005 $P 9.10 $b MED $c MED $e MED0A $f C0003970717 $h JBDZZZZ $k EXT E BD/WAT $o 0 $p 9.10 $r PRETLIV $s EXT_E_BDWAT $w 9 $y 2017-03-15

