01138nj  a2200265   4500
001 139505
003 http://www.mediathequederoubaix.fr/ark:/20179/KH139505
005 20240510072258.0
035 00 $a HZ_RBX264938
071 0  $a NV 801811 $b Princes films
090    $a 139505
091    $a 1 $b 20240510 $c 0
099    $t DC $c 2014-06-30 $d 2024-05-10 $x 3
100    $a 19       2004    k  y0frey5003    ba
101    $a fre
200    $a Exils $b Enr. sonore $e [B.O.F.] $f Tony Gatlif
210    $d P 2004
215    $a 1 d.c. $e 1 brochure (12 cm ; n.p.)
327    $a Exils $a Un, dos, tres nada mas $a Manifeste $a Noir et blanc $a Quin quin $a Ceux qui nous quittent $a Passeport $a Algeria $a Buleria $a Séparé de ses frères $a Les bouteilles $a Buleria $a Séparé de ses frères (instrumental) $a Willy le taxi $a Transe
339    $a m
606    $a Musique de film $x Disques $2 rameau
679    $a 520
700    $7 ba0yba0y $8 fre    $a Gatlif $b Tony $f 1948-.... $3 12196181 $9 44953
801  0 $a FR $b 595126101 $c 20070831 $g AFNOR
995    $0 0 $2 0 $4 0 $5 2005-03-25 $9 158179 $P 19.39 $b MED $c MED $e MED1A $f C0003882079 $h AAPCIMF $k DC/520 EXI $o 0 $p 19.39 $r PRETSON $s DC_520_000000000000000_EXI $w 41 $y 2019-03-02

