01098nam a2200277   4500
001 139684
003 http://www.mediathequederoubaix.fr/ark:/20179/KH139684
005 20180720093850.0
035 00 $a HZ_RBX265166
090    $a 139684
091    $a 0
099    $t LI $c 2014-06-30 $d 2014-06-30 $x 0
100    $a 19       1851    k  y0frey5003    ba
101    $a fre
200    $a Petit catéchisme historique contenant en abrégé l'histoire sainte et la doctrine chrétienne $f par M. Fleury,...
210    $a Lille $c L. Lefort $d 1851
215    $a 120 p. $d 14 cm
300    $a Cachet de la Bibliothèque de la ville de Roubaix
300    $a Ex-libris ms. Léonie Dupuis
339    $a m
606    $9 252328 $a Récits bibliques français
700 0  $9 282400 $a Fleury $b Claude $f 1640-1723
702    $9 196157 $4 390 $a Dupuis $b Léonie
801  0 $a FR $b 595126101 $c 20070831 $g AFNOR
930    $5 595126101:C0003998642 $b 595126101 $a MAG L/P 8/110 663 $e Fonds patrimonial
995    $0 0 $2 0 $4 0 $5 2005-03-25 $9 158417 $b MED $c MED $e MED3I $f C0003998642 $h PPEFGZZ $k MAG L/P 8/110 663 $o 2 $r PRETLIV $s MAG_LP_8110_663000000000000 $w 0 $y 2014-06-30

