01988cam a2200421   4500
001 139874
003 http://www.mediathequederoubaix.fr/ark:/20179/KH139874
010    $a 2-266-13455-8 $b br. $d 5 EUR
020    $a FR $b 00433120
033    $a http://catalogue.bnf.fr/ark:/12148/cb39197677k
035    $a FRBNF391976770000005
073  0 $a 9782266134552 $2 ALS
090    $a 139874
091    $b 20240510 $c 1 $a 2
099    $t LI $c 2014-06-30 $d 2024-05-10 $x 13
100    $a 20040618d2004    a  y0frey50      ba
101 0  $a fre
102    $a FR
105    $a ||||z   00|a|
106    $a r
181  0 $6 01 $a i  $b xxxe  
181    $6 02 $c txt $2 rdacontent
182  0 $6 01 $a n
182    $6 02 $c n $2 rdamedia
200 1  $a Le livre dont vous êtes la victime $b Texte imprimé $f Arthur Ténor
210    $a Paris $c Pocket jeunesse $d 2004 $e 72-La Flèche $g Impr. Brodard et Taupin
215    $a 190 p. $c couv. ill. en coul. $d 18 cm
225    $a Pocket jeunesse $v 1141
330    $a Alex, poussé par la curiosité, veut savoir ce qu'est cette nouvelle librairie spécialisée dans les romans fantastiques. Lorsqu'il s'y rend et rencontre le propriétaire, M. Natas, il aperçoit une étrange couverture argentée. Poussé par une force incontrôlable, il retourne à la librairie et achète ce livre maudit. Il commence à le lire et à suivre les indications qu'il renferme.
339    $a a
410  0 $0 36131984 $t Pocket jeunesse $x 1285-6339 $v 1141
608    $a Romans $2 CNLJ $k Avis critique donné par le Centre national de la littérature pour la jeunesse
676    $a 811.5 $v 23
686    $a 809 $2 Cadre de classement de la Bibliographie nationale française
700    $3 13202932 $9 54097 $o ISNI0000000120959700 $a Ténor $b Arthur $f 1959-.... $4 070
801  0 $a FR $b FR-751131015 $c 20040618 $g AFNOR $h FRBNF391976770000005 $2 intermrc
999    $a FRBNF391976770000005
995    $0 0 $2 0 $4 0 $5 2005-03-25 $9 158791 $P 4.55 $b MED $c MED $e MED2A $f C0004002559 $h JROROZZ $k E R/TEN $o 0 $p 4.55 $r PRETLIV $s E_R_TEN $w 35 $y 2024-04-03

