01172nam a2200253   4500
001 140035
003 http://www.mediathequederoubaix.fr/ark:/20179/KH140035
005 20220825065130.0
035 00 $a HZ_RBX265615
090    $a 140035
091    $a 0
099    $t LI $c 2014-06-30 $d 2022-08-25 $x 0
100    $a 19       1984    k  y0frey5003    ba
101    $a fre
200    $a Le plan 1984-1988 $e contrat état-région $f [Région Nord Pas de Calais, Conseil Régional, Pré fecture de Région Nord Pas de Calais]
210    $a Lille $c Conseil régional du Nord-Pas de Calais $c Préfecture de Région Nord-Pas de Calais $d 1984
215    $a 16 p. $c ill. en coul., couv. ill. en coul. $d 21 cm
339    $a m
607    $9 141676 $a Nord-Pas-de-Calais (France) $x Conditions économiques $z 1981-....
710    $7 ba0yba0y $8 fre    $a Nord-Pas-de-Calais $b Conseil régional $9 118909
711 0  $9 127022 $a Nord-Pas-de-Calais $b Préfecture
801  0 $a FR $b 595126101 $c 20110806 $g AFNOR
930    $5 595126101:C0004000395 $b 595126101 $a BR 8/2460 $e Fonds patrimonial
995    $0 0 $2 0 $4 0 $5 2005-03-25 $9 158966 $b MED $c MED $e MED3M $f C0004000395 $h PPEFGZZ $k BR 8/2460 $o 2 $r PRETLIV $s BR_82460_000000000000000 $w 0 $y 2014-06-30

