01736cam a2200421   4500
001 140243
003 http://www.mediathequederoubaix.fr/ark:/20179/KH140243
010    $a 2-85815-417-1 $b rel. $d 9,95 EUR
020    $a FR $b 00510173
033    $a http://catalogue.bnf.fr/ark:/12148/cb392491367
035    $a FRBNF392491360000009
073  0 $a 9782858154173 $2 ALS
090    $a 140243
091    $b 20240510 $c 1 $a 2
099    $t LI $c 2014-06-30 $d 2024-05-10 $x 9
100    $a 20041005d2004    m  y0frey50      ba
101 0  $a fre
102    $a FR
105    $a ||||t   00|||
106    $a r
181  0 $6 01 $a i  $b xxxe   $a b  $b xb2e  
181    $6 02 $c txt $c sti $2 rdacontent
182  0 $6 01 $a n
182    $6 02 $c n $2 rdamedia
200 1  $a Revoir Corfou $b Texte imprimé $e le recueil des dessins hors-séries, 1948-2004 $f Ferri
210    $a Paris $c Éd. Audie-"Fluide glacial" $d 2004 $e 85-Luçon $g Impr. Pollina
215    $a 45 p. $c ill. en coul., couv. ill. en coul. $d 30 cm
225    $a Azote liquide
300    $a Réunit des dessins parus pour la plupart dans les hors-séries de "Fluide glacial"
330    $a Réunit des dessins, illustrations et gags parus dans les hors-séries de "Fluide glacial" de 1948 à 2004.
339    $a m
410  0 $0 39275853 $t Azote liquide $x 1770-2755 $d 2004
676    $a 741.594 4 $v 23
686    $a 804 $2 Cadre de classement de la Bibliographie nationale française
700    $3 13069401 $9 69816 $o ISNI0000000121403122 $a Ferri $b Jean-Yves $f 1959-.... $4 070
801  0 $a FR $b FR-751131015 $c 20041005 $g AFNOR $h FRBNF392491360000009 $2 intermrc
999    $a FRBNF392491360000009
995    $0 0 $2 0 $4 0 $5 2005-03-25 $9 159206 $P 9.05 $b MED $c MED $e MED0C $f C0004004446 $h AAPBDZZ $k BD/FER $o 0 $p 9.05 $r PRETLIV $s BD_FER $w 52 $y 2022-08-30

