07262nj  a2200313   4500
001 140447
003 http://www.mediathequederoubaix.fr/ark:/20179/KH140447
005 20240510073851.0
035 00 $a HZ_RBX266238
071 0  $a 3098872 $b Wagram
090    $a 140447
091    $a 1 $b 20240510 $c 0
099    $t DC $c 2014-06-30 $d 2024-05-10 $x 12
100    $a 19       2004    k  y0frey5003    ba
101    $a fre
200    $a Les plus belles chansons du cinéma rétro $b Enr. sonore $f Yves Montand, Edith Piaf, Charles Trénet, Danielle Darrieux...[et al.]
210    $d P 2004
215    $a 4 d.c. $e 1 feuillet double
327    $a CD 1 : Les Feuilles mortes (Les portes de la nuit) / Yves Montand $a La vie en rose (La vie en rose) / Edith Piaf $a Que reste-t-il de nos amours ? (La cavalcade des heures) / Charles Trenet $a Le premier rendez-vous (Premier rendez-vous) / Danielle Darrieux $a Un dur, un vrai un tatoué (Raphaël le Tatoué) / Fernandel $a Tout là-bas (I.F.1 ne répond plus) / Charles Boyer $a Comme de bien entendu (Circonstances atténuantes) / Arletty & Michel Simon $a Quand on s'promène au bord de l'eau (La belle équipe) / Jean Gabin $a Coeur de Paris (Le ciel de Paris) / André Claveau $a La tactique du gendarme (Le roi Pandore) / Bourvil $a La vie est courte (Moulin rouge) / Lucien Baroux $a Si toi aussi tu m'abandonnes (Le train sifflera trois fois) / John Williams $a Tien! tiens! tiens! (Tourbillon de Paris) / Ray Ventura $a Avec son tralala (Quai des orfèvres) / Suzy Delair $a L'aventure est au coin de la rue ( L'aventure est au coin de la rue) / Mona Goya $a Plus rien, je n'ai plus rien qu'un chien (Faim de loup) / Jean Sablon $a Qu'est-ce que tu dis d'ça ? (La belle équipe) / Jean Gabin $a Bonsoir jolie madame (La romance de Paris) / Charles Trénet $a Le paradis perdu (Paradis perdu) / Lucienne Delyle $a Oui je suis de Paris (Rigolboche) / Mistinguett $a Elle est épatante (Le bonheur mesdames) / Michel Simon $a Marinella (Marinella)/ Tino Rossi $a La romance de la pluie (L'homme des folies bergères) / Maurice Chevalier $a Rosa, Nina Stella (Casanova) / Georges Guétary $a Où est-il donc (Pépé le Moko) / Fréhel $a CD 2 :Siffler en travaillant (Blanche Neige et les sept nains) / Django Reinhardt, Ray Ventura, André Dassary $a Un jour mon prince viendra (Blanche-neige et les sept nains) / Elyane Celys $a La java bleue (une java) / Fréhel $a Le chant du gardian (Le soleil a toujours raison) / Tino Rossi $a Chanson des mariniers (La belle marinière) / Jean Gabin $a Barnabé (Barnabé) / Fernandel $a A la mi août (Nous irons à Monte-Carlo) / Ray Ventura et ses collégiens $a J'ai vendu mon âme au diable (Feu Nicolas) / Léo Marjane $a L'amour est un bouquet de violettes (Violettes impériales) / Luis Mariano $a C'est pour mon papa (Le roi des resquilleurs) / Georges Milton $a Chanson gitane (Cartacalha) / Annette Lajon $a Je n'donnerai pas ma place (Un mauvais garçon) / Danielle Darrieux & Henri Garat $a Des mensonges (Le croiseur Sébastopol) / Lucienne Delyle $a A qui vais-je donner mon coeur ? (Quick) / Jules Berry $a Tout est permis quand on rêve (L e chemin du paradis) / Lilan Harvey & Henri Garat $a C'est lui (Zouzou) / Joséphine Baker $a Johnny (Cantique d'amour) / Marlène Dietrich $a L'amour ça dure un jour (Le roi des palaces) / Simone Simon $a Vous seul (L'âge ingrat) / Léo Marjane $a Une heure près de toi (Une heure près de toi) / Jeanette McDonald $a La route enchantée (La route enchantée) / Charles Trénet $a Les crayons (La ferme du pendu) / Bourvil $a La complainte des infidèles (La maison Bonnadieu) / Mouloudji $a Compagnons des mauvais jours (Souvenirs perdus) / Yves Montand $a Boum ! (La route enchantée) / Charles Trénet $a CD 3 : La romance de Paris (La romance de Paris) / Charles Trenet $a Bergers d'autrefois (La fausse maîtresse) / Danielle Darrieux $a Viens Fiffine (Zouzou) / Jean Gabin $a Adieu mon coeur (Etoile sans lumière) / Edith Piaf $a Maria de Bahia (Mademoiselle s'amuse) / Ray Ventura $a La fille du bédouin (Comte Obligado) / Georges Milton $a Le rythme de Paris (Pension Jonas) / Jacque Pills & Le jazz de paris $a Pourquoi sous le ciel bleu (Le chemin du Paradis) / Lilian Harvey & René Lefebvre $a Catari, catari (Naples au baiser de feu) / Tino Rossi $a Du t'ça (Lady Paname) / Suzy Delair $a Mademoiselle Swing (Mademoiselle Swing) / Irène de Trébert $a Tout le jour, toute la nuit (Joyeuse divorcée) / Damia $a Musique, musique, musique (Allo Janine) / Guy Berry $a Etoile de Rio (Etoile de Rio) / Jaime Plana $a Domingo (Le roi des resquilleurs) / Domingo $a Pour être encore plus heureux (Chacun sa chance) / Jean Gabin & Gaby Basset $a Danse avec moi (Quai des orfèvres) / Suzy Delair $a Pourquoi donc lorsqu'on s'aime (Toi c'est moi) / Simone Simon et Jacques Pills $a Si vous m'aimez autant (La boîte à musique) / Jacqueline François $a Simplement, doucement (A song is born) / Léo Marjane $a Tournesol (Souvenirs perdus) / Yves Montand $a Une maison aux tuiles roses (Le chanteur de minuit) / Jean Lumière $a On m'appelle Simplet (Simplet) / Fernandel $a Y'avait du printemps partout (Lady Paname) / Suzy Delair $a La belle de Cadix (La belle de Cadix) / Luis Mariano $a CD 4 : Les trois cloches (Neuf garçons un coeur) / Edith Piaf & les Compagnons de la chanson $a Amour mon cher amour (Mort en fraude) / Yves Montand $a Qu'est-ce qu'on attend pour être heureux ? (Feux de joie) / Ray Ventura et ses Collégiens $a Ma pomme (L'homme du jour) / Maurice Chevalier $a La môme caoutchouc (Coeur de lilas) / Jean Gabin $a Femmes (Rendez-vous à Grenade) / Luis Mariano $a Bebert (Fou d'amour) / Andrex $a Le vent m'a dit une chanson (La habanera) / Damia $a Un gars qui sait tout faire (L'or dans la rue) / Albert Préjean $a Dans la vie chacun se doit (Mademoiselle Mozart) / Pierre Mingand $a Les fleurs sont des mots d'amour (La fausse maîtresse) / Marie-Josée $a Les gars de la marine (Le capitaine Craddock) / Jean Murat $a Ce matin même (Le chant de l'exilé) / Tino Rossi $a Vaines toutes mes peines (Pages immortelles) / Eva Busch $a Sympathie (L'espionne de Castille) / Elyane Celys $a Pour plaire aux femmes (Monsieur sans-gêne) / Fernand Gravey $a Un rien me fait chanter (La romance de Paris) / Charles Trenet $a Ernestito (Ernest le rebelle) / Fernandel $a Sous le ciel de Grenade (Rendz-vous à Grenade) / Luis Mariano $a Partir avec vous (La vagabonde) / Marcelle Chantal $a Par une nuit de mai (Fille d'Eve) / Par une nuit de mai $a Un caprice (Caprice) / Mona Goya $a Quand l'amour meurt (Coeur brûlés) / Marlène Dietrich $a Rends le me (Ignace) / Marie Bizet et Fernandel $a Tout va très bien madame la marquise (Tout va très bien madame la marquise) / Ray Ventura et ses Collégiens
339    $a m
606 0  $a Chansons françaises $x Disques $2 rameau
606 0  $a Musique de film $x Extraits $2 rameau
679    $a 099.2
701    $7 ba0yba0y $8 fre    $a Darrieux $b Danielle $f 1917-2017 $3 12530970 $9 22036
701    $7 ba0yba0y $8 fre    $a Trenet $b Charles $f 1913-2001 $3 13900556 $9 282823
701    $7 ba0yba0y $8 fre    $a Piaf $b Édith $f 1915-1963 $3 13898453 $9 2441
701    $7 ba0yba0y $8 fre    $a Montand $b Yves $f 1921-1991 $3 12057373 $9 4212
801  0 $a FR $b 595126101 $c 20101116 $g AFNOR
995    $0 0 $2 0 $4 0 $5 2005-03-25 $9 159433 $P 15.86 $b MED $c MED $e MED1A $f C0003898533 $h AMV80ZZ $k DC/099.2 A $l Contient : 4 d.c. et 1 feuillet double $o 0 $p 15.86 $r PRETSON $s DC_099_200000000000000_A $w 52 $y 2022-10-08 $A 0

