01766cam a22004213  4500
001 140690
003 http://www.mediathequederoubaix.fr/ark:/20179/KH140690
010    $a 9981-896-29-2 $b br.
033    $a http://catalogue.bnf.fr/ark:/12148/cb39954398j
035    $a FRBNF399543980000002
090    $a 140690
091    $a 2 $b 20240510 $c 1
099    $t LI $c 2014-06-30 $d 2024-05-10 $x 2
100    $a 20050414d2003    m  y0frey50      ba
101 0  $a fre
102    $a MA
105    $a ||||z   00|||
106    $a r
181  0 $6 01 $a i  $b xxxe  
181    $6 02 $c txt $2 rdacontent
182  0 $6 01 $a n
182    $6 02 $c n $2 rdamedia
200 1  $a Femmes, violence et université au Maroc $b Texte imprimé $f sous la dir. de F. Rhissassi et A. Moulay Rchid
210    $a Casablanca $c La croisée des chemins $d 2003
215    $a 245 p. $d 21 cm
300    $a La couv. porte en plus "Chaire UNESCO La femme et ses droits"
300    $a Notes bibliogr.
339    $a m
606    $3 12651625 $9 54735 $a Violence envers les femmes $3 11934366 $9 2237 $y Maroc $2 rameau
606    $3 11957078 $9 62862 $a Femmes victimes de violence $3 11934366 $9 2237 $y Maroc $2 rameau
606    $3 12071372 $9 299591 $a Femmes $x Enseignement supérieur $3 11934366 $9 2237 $y Maroc $2 rameau
608    $3 11976851 $9 114 $a Récits personnels $2 rameau
676    $a 362.83 $v 23
702    $3 15018489 $9 299592 $o ISNI0000000121306226 $a Rhissassi $b Fouzia $4 651
702    $3 12084450 $9 299593 $o ISNI0000000059431383 $a Moulay Rchid $b Abderrazak $4 651
801  0 $a FR $b FR-751131015 $c 20050414 $g AFNOR $h FRBNF399543980000002 $2 intermrc
999    $a FRBNF399543980000002
995    $0 0 $2 0 $4 0 $5 2005-03-25 $9 159686 $P 12.74 $b MED $c MED $e MED3A $f C0004028725 $h ACFSSZZ $k Doc./305.4 FEM $o 0 $p 12.74 $r PRETLIV $s DOC__305_400000000000000_FEM $w 11 $y 2024-01-20

