01712cam a2200421   4500
001 141119
003 http://www.mediathequederoubaix.fr/ark:/20179/KH141119
010    $a 2-7234-4913-0 $b rel. $d 12 EUR
020    $a FR $b 00521545
033    $a http://catalogue.bnf.fr/ark:/12148/cb39925916n
035    $a FRBNF399259160000003
090    $a 141119
091    $b 20240510 $c 1 $a 2
099    $t LI $c 2014-06-30 $d 2024-05-10 $x 1
100    $a 20050224d2004    m  y0frey50      ba
101 0  $a fre
102    $a FR
105    $a ||||z   00|||
106    $a r
181  0 $6 01 $a i  $b xxxe  
181    $6 02 $c txt $2 rdacontent
182  0 $6 01 $a n
182    $6 02 $c n $2 rdamedia
200 1  $a L'automobile $b Texte imprimé $f Serre
210    $a Grenoble $c Glénat $d 2004 $e 85-Luçon $g Impr. Pollina
215    $a 62 p. $c ill. en noir et en coul., couv. ill. en coul. $d 28 cm
225    $a Glénat humour
330    $a A travers des dizaines d'illustrations qui dépeignent l'absurdité et la vacuité, l'auteur épingle les travers de l'humanité.
339    $a m
410  0 $0 34281890 $t Humour (Grenoble) $x 1633-9312 $d 2004
606    $3 11930996 $9 5800 $a Automobiles $2 rameau
608    $3 11936063 $9 4837 $a Caricatures et dessins humoristiques $2 rameau
676    $a 388.342 0207 $v 23
686    $a 804 $2 Cadre de classement de la Bibliographie nationale française
700    $3 11924500 $9 65327 $o ISNI0000000108379498 $a Serre $b Claude $f 1938-1998 $4 070
801  0 $a FR $b FR-751131015 $c 20050224 $g AFNOR $h FRBNF399259160000003 $2 intermrc
999    $a FRBNF399259160000003
995    $0 0 $2 0 $4 0 $5 2005-03-25 $9 160251 $P 10.92 $b MED $c MED $e MED1A $f C0004029454 $h AAPPLHU $k Doc./683 SER $o 0 $p 10.92 $r PRETLIV $s DOC__683_000000000000000_SER $w 9 $y 2015-06-12

