01024nj  a2200265   4500
001 141296
003 http://www.mediathequederoubaix.fr/ark:/20179/KH141296
005 20240510074836.0
035 00 $a HZ_RBX267452
071 0  $a AS 45.521 $b As de trèfle
090    $a 141296
091    $a 1 $b 20240510 $c 0
099    $t DC $c 2014-06-30 $d 2024-05-10 $x 0
100    $a 19       1960    k  y0frey5003    ba
101    $a fre
200    $a Quand j'ai si mal $b Enr. sonore $a Comme on croque une pomme $f Ann Sorel, chant $g Christian Chevallier, dir. $g Gerardo Servin, orch.
210    $c As de trèfle $d [ca 1960]
215    $a 1 disque $c 45 tours $d 17 cm
339    $a m
700 0  $a Sorel $b Ann
701 0  $a Servin $b Gerardo
702    $a Verstraete $b Charles $c roubaisien $f 1924-2003 $4 320
701 0  $7 ba0yba0y $8 fre    $a Chevallier $b Christian $f 1930-2008
801  0 $a FR $b 595126101 $c 20080207 $g AFNOR
995    $0 0 $2 0 $4 0 $5 2005-03-25 $9 160444 $P 1.00 $b MED $c MED $e MED3C $f C0003674159 $h PENCVZZ $k MAG DISQ/F VERS/163 $o 2 $p 1.00 $r PRETSON $s MAG_DISQF_VERS163 $y 2014-06-30

