01368na  a2200337   4500
001 141541
003 http://www.mediathequederoubaix.fr/ark:/20179/KH141541
005 20240511065204.0
035 00 $a HZ_RBX267823
090    $a 141541
091    $a 2 $b 20240511 $c 0
099    $t LI $c 2014-06-30 $d 2024-05-11 $x 0
100    $a 19       1999    k  y0frey5003    ba
101    $a fre
200    $a Grand Larousse junior $h [8] $i L'Aube du XXéme siècle
210    $c Larousse $c Gallimard $a Paris $d 1999 $e 27-Évreux $g Impr. Jombart
225 0  $a Découvertes. Junior
300    $a Index
339    $a a
410    $t Découvertes. Junior
517    $a Les temps des origines
606 0  $7 ba0yba0y $8 fre    $a Histoire universelle
606 0  $a Guerre mondiale (1914-1918) $x Ouvrages pour la jeunesse $2 rameau
607 0  $a Russie $z 1917 (Révolution) $x Ouvrages pour la jeunesse $2 rameau
607    $a Afrique $z 19e siècle $x Ouvrages pour la jeunesse $2 rameau
607    $a Chine $z 19e siècle $x Ouvrages pour la jeunesse $2 rameau
607    $a Balkans $x Histoire $x Ouvrages pour la jeunesse $2 rameau
607    $a Moyen-Orient $z 19e siècle $x Ouvrages pour la jeunesse $2 rameau
676    $a 909
801  0 $a FR $b 595126101 $c 20120626 $g AFNOR
995    $0 0 $2 0 $4 0 $5 2005-03-25 $9 160723 $P 73.00 $b MED $c MED $e MED2A $f C0004036906 $h JDT90ZZ $k AIDE AUX DEVOIRS $o 2 $p 73.00 $r PRETLIV $s AIDE_AUX_DEVOIRS $w 1 $y 2014-06-30

