02099cam a2200433   4500
001 141712
003 http://www.mediathequederoubaix.fr/ark:/20179/KH141712
010    $a 2-84902-059-1 $b rel. $d 9 EUR
020    $a FR $b 00449973
033    $a http://catalogue.bnf.fr/ark:/12148/cb39250014p
035    $a FRBNF392500140000009
090    $a 141712
091    $b 20240511 $c 1 $a 2
099    $t LI $c 2014-06-30 $d 2024-05-11 $x 48
100    $a 20041006d2004    a  y0frey50      ba
101 0  $a fre
102    $a FR
105    $a ||||z   00|a|
106    $a r
181  0 $6 01 $a i  $b xxxe  
181    $6 02 $c txt $2 rdacontent
182  0 $6 01 $a n
182    $6 02 $c n $2 rdamedia
200 1  $a Hugo au royaume des sujets dangereux $b Texte imprimé $e accorder les verbes avec les sujets, c'est facile ! $f Anne-Marie Gaignard $g ill. de François Saint Remy
210    $a Paris $c le Robert $d 2004 $e 37-Tours $g Impr. Mame
215    $a 46 p. $c ill. en coul., couv. ill. en coul. $d 25 cm
225    $a Les secrets de grammaire de la fée Nina $v 3
330    $a En compagnie du personnage Hugo, ce manuel permet aux enfants d'apprendre à accorder les verbes avec les sujets simples et indéfinis pluriels.
339    $a a
410  0 $0 39206796 $t Les Secrets de grammaire de la fée Nina $v 3
606    $3 11938832 $9 5859 $a Français (langue) $x Grammaire $2 rameau
608    $3 12042408 $9 314947 $a Ouvrages pour la jeunesse $2 rameau
686    $a 809 $2 Cadre de classement de la Bibliographie nationale française
700    $3 14563978 $9 75503 $o ISNI0000000008876665 $a Gaignard $b Anne-Marie $f 1961-.... $4 070
702    $3 14471656 $9 75504 $o ISNI0000000360987540 $a Saint Rémy $b François $f 1969-.... $4 440
801  0 $a FR $b FR-751131015 $c 20041006 $g AFNOR $h FRBNF392500140000009 $2 intermrc
999    $a FRBNF392500140000009
995    $0 0 $2 0 $4 0 $5 2013-07-19 $9 160925 $P 10.99 $b MED $c MED $e MED2A $f C0005547289 $h JDT40ZZ $k E/413GRA $o 0 $p 10.99 $r PRETLIV $s E_413GRA $w 21 $y 2024-05-15 $7 Bateau Livre
995    $0 0 $2 0 $4 0 $5 2005-03-25 $9 160926 $P 8.19 $b MED $c MED $e MED2A $f C0004112087 $h JDT40ZZ $k E/413 GRA $o 0 $p 8.19 $r PRETLIV $s E_413_000000000000000_GRA $w 39 $y 2023-08-29

