01782cam a2200421   4500
001 141902
003 http://www.mediathequederoubaix.fr/ark:/20179/KH141902
010    $a 2-84167-294-8 $b br. $d 14 EUR
020    $a FR $b 00452688
033    $a http://catalogue.bnf.fr/ark:/12148/cb392722729
035    $a FRBNF39272272000000X
073  0 $a 9782841672943 $2 ALS
090    $a 141902
091    $b 20240511 $c 1 $a 2
099    $t LI $c 2014-06-30 $d 2024-05-11 $x 2
100    $a 20041105d2004    a  y0frey50      ba
101 0  $a fre
102    $a FR
105    $a ||||z   00|a|
106    $a r
181  0 $6 01 $a i  $b xxxe  
181    $6 02 $c txt $2 rdacontent
182  0 $6 01 $a n
182    $6 02 $c n $2 rdamedia
200 1  $a 16 contes d'enfance $b Texte imprimé $f Jean-Paul Sermonte
210    $a Paris $c D. Carpentier $d 2004 $e 77-Courtry $g Impr. Sagim Canale
215    $a 280 p. $c ill., couv. ill. en coul. $d 22 cm
312    $a Autre forme de titre : Seize contes d'enfance
327    $a L'enfant et le nuage $a L'enfant et l'océan $a L'enfant et le vent, etc
330    $a Dans ce même volume est réuni l'ensemble des contes de Jean-Paul Sermonte. Grand prix du conte pour enfants.
339    $a a
517 1  $a Seize contes d'enfance
608    $a Contes, légendes et folklore $2 CNLJ $k Avis critique donné par le Centre national de la littérature pour la jeunesse
686    $a 809 $2 Cadre de classement de la Bibliographie nationale française
700    $3 11924480 $9 29130 $o ISNI0000000081351232 $a Sermonte $b Jean-Paul $f 1948-.... $4 070
801  0 $a FR $b FR-751131015 $c 20041105 $g AFNOR $h FRBNF39272272000000X $2 intermrc
999    $a FRBNF39272272000000X
995    $0 0 $2 0 $4 0 $5 2005-03-25 $9 161196 $P 12.74 $b MED $c MED $e MED2A $f C0004041943 $h JABCTEF $k E C/SER $o 0 $p 12.74 $r PRETLIV $s E_CSER $w 21 $y 2018-02-20

