01200nj  a2200265   4500
001 142064
003 http://www.mediathequederoubaix.fr/ark:/20179/KH142064
005 20240511065749.0
035 00 $a HZ_RBX268481
071 0  $a 982 679-3 $b Polydor
090    $a 142064
091    $a 1 $b 20240511 $c 0
099    $t DC $c 2014-06-30 $d 2024-05-11 $x 7
100    $a 19       2005    k  y0frey5003    ba
101    $a fre
200    $a Mutatis mutandis $b Enr. sonore $f Juliette
210    $d P 2005
215    $a 1 d.c. $e 1 brochure (n. p. ; 12 cm)
327    $a Le sort de Circé $a Les garçons de mon quartier $a Maudite clochette $a Le congrès des chérubins $a Il s'est passé quelque chose $a Une lettre oubliée / avec Guillaume Depardieu $a L'ivresse d'Abhu Nawas $a La braise $a Mémère dans les orties / avec François Morel $a Franciscae meae laudes / avec le Concert Impromptu $a Fantaisie héroïque
339    $a m
606    $a Chansons françaises $x Disques $2 rameau
679    $a 099.2
700 0  $a Juliette $f 1962-....
801  0 $a FR $b 595126101 $c 20080401 $g AFNOR
995    $0 0 $2 0 $4 0 $5 2005-03-25 $9 161434 $P 18.34 $b MED $c MED $e MED1A $f C0003823423 $h AMV80ZZ $k DC/099.2 JUL $o 0 $p 18.34 $r PRETSON $s DC_099_200000000000000_JUL $w 59 $y 2022-08-17

