01954cam a2200457   4500
001 142289
003 http://www.mediathequederoubaix.fr/ark:/20179/KH142289
010    $a 2-04-729947-0 $b rel. $d 26 EUR
020    $a FR $b 00537331
033    $a http://catalogue.bnf.fr/ark:/12148/cb392782257
035    $a FRBNF392782250000007
090    $a 142289
091    $b 20240511 $c 1 $a 2
099    $t LI $c 2014-06-30 $d 2024-05-11 $x 11
100    $a 20041115d2004    m  y0frey50      ba
101 0  $a fre
102    $a FR
105    $a ||||z   00|y|
106    $a r
181  0 $6 01 $a i  $b xxxe  
181    $6 02 $c txt $2 rdacontent
182  0 $6 01 $a n
182    $6 02 $c n $2 rdamedia
200 1  $a Chronologie universelle d'histoire $b Texte imprimé $f Jacques Boudet
205    $a Éd. augmentée et actualisée
210    $a Paris $c Bordas $d impr. 2004 $e impr. en Italie
215    $a 1 vol. (1472 p.) $d 22 cm
225    $a Les référents Bordas
300    $a Index
330    $a Présentation des dates essentielles de l'histoire du monde des origines au début de 2004, à travers une chronologie comparée de la France et des autres pays du monde, complétée par un index des personnages, des lieux et des faits majeurs.
339    $a m
410  0 $0 34249705 $t Les Référents Bordas $x 0993-4049 $d 2004
606    $3 13318624 $9 30939 $a Chronologie historique $2 rameau
607    $3 11931476 $9 109 $a France $3 11934444 $9 494 $x Histoire $2 rameau
608    $3 13319065 $9 8512 $a Chronologie $2 rameau
676    $a 902.02 $v 23
686    $a 940 $2 Cadre de classement de la Bibliographie nationale française
700    $3 11893192 $9 46554 $o ISNI0000000116748994 $a Boudet $b Jacques $f 1913-1998 $4 070
801  0 $a FR $b FR-751131015 $c 20041115 $g AFNOR $h FRBNF392782250000007 $2 intermrc
999    $a FRBNF392782250000007
995    $0 0 $2 0 $4 0 $5 2005-03-25 $9 161665 $P 23.66 $b MED $c MED $e MED3A $f C0004048864 $h ACFHSZZ $k Doc./916 CHR $o 0 $p 23.66 $r PRETLIV $s DOC___916_000000000000000_CHR $w 23 $y 2023-04-20

