01752cam a2200445   4500
001 142594
003 http://www.mediathequederoubaix.fr/ark:/20179/KH142594
010    $a 2-02-066341-4 $b br. $d 12 EUR
020    $a FR $b 00520167
033    $a http://catalogue.bnf.fr/ark:/12148/cb39919511k
035    $a FRBNF39919511000000X
090    $a 142594
091    $b 20240511 $c 1 $a 2
099    $t LI $c 2014-06-30 $d 2024-05-11 $x 2
100    $a 20050211d2005    m  y0frey50      ba
101 0  $a fre
102    $a FR
105    $a ||||z   00|y|
106    $a r
181  0 $6 01 $a i  $b xxxe  
181    $6 02 $c txt $2 rdacontent
182  0 $6 01 $a n
182    $6 02 $c n $2 rdamedia
200 1  $a Le triomphe de la religion $b Texte imprimé $e précédé de Discours aux catholiques $f Jacques Lacan
210    $a [Paris] $c Éd. du Seuil $d 2005 $e 14-Condé-sur-Noireau $g Impr. Corlet
215    $a 101 p. $d 18 cm
225 19 $a Paradoxes de Lacan
225    $a Champ freudien
300    $a La couv. porte en plus : "comment faire pour enseigner ce qui ne s'enseigne pas ?"
300    $a Bibliogr., 1 p.
339    $a m
410  0 $0 34234073 $t Le Champ freudien (Paris) $x 0764-1311 $d 2005
423  0 $t Discours aux catholiques
606    $3 11959103 $9 22783 $a Psychanalyse et christianisme $2 rameau
676    $a 261.515 $v 23
686    $a 200 $2 Cadre de classement de la Bibliographie nationale française
700    $3 11910442 $9 289401 $o ISNI0000000121280361 $a Lacan $b Jacques $f 1901-1981 $4 070
801  0 $a FR $b FR-751131015 $c 20050211 $g AFNOR $h FRBNF39919511000000X $2 intermrc
999    $a FRBNF39919511000000X
995    $0 0 $2 0 $4 0 $5 2005-03-25 $9 162014 $P 10.92 $b MED $c MED $e MED1A $f C0004114322 $h AAPPLPS $k Doc./159 LAC $o 0 $p 10.92 $r PRETLIV $s DOC__159_000000000000000_LAC $w 10 $y 2019-02-13

