00958nj  a2200253   4500
001 142791
003 http://www.mediathequederoubaix.fr/ark:/20179/KH142791
005 20240511070333.0
035 00 $a HZ_RBX269509
071 0  $a 45 578 $b Teppaz
090    $a 142791
091    $a 1 $b 20240511 $c 0
099    $t DC $c 2014-06-30 $d 2024-05-11 $x 0
100    $a 19       1960    k  y0frey5003    ba
101    $a fre
200    $a Les croulants mènent la danse $b Enr. sonore $f Marcel Gall et son orchestre
210    $c Teppaz $d [ca 1960]
215    $a 1 disque $c 45 tours $d 17 cm
327    $a Face 1 : Les yeux noirs $a Fascination $a Face 2 : Ne t'aurais-je qu'une fois $a Andalucia
339    $a m
700 0  $a Gall $b Marcel
702    $a Verstraete $b Charles $c roubaisien $f 1924-2003 $4 320
801  0 $a FR $b 595126101 $c 20080207 $g AFNOR
995    $0 0 $2 0 $4 0 $5 2005-03-25 $9 162235 $P 1.00 $b MED $c MED $e MED3C $f C0004118570 $h PENCVZZ $k MAG DISQ/F VERS/205 $o 2 $p 1.00 $r PRETSON $s MAG_DISQF_VERS205 $y 2014-06-30

