01787cam a2200385   4500
001 143176
003 http://www.mediathequederoubaix.fr/ark:/20179/KH143176
010    $a 2-02-078770-9 $b br. $d 11 EUR
020    $a FR $b 00524008
033    $a http://catalogue.bnf.fr/ark:/12148/cb39951562c
035    $a FRBNF399515620000007
090    $a 143176
091    $b 20240511 $c 1 $a 2
099    $t LI $c 2014-06-30 $d 2024-05-11 $x 4
100    $a 20050411d2005    m  y0frey50      ba
101 1  $a fre $c chi
102    $a FR
105    $a ||||z   00|a|
106    $a r
181  0 $6 01 $a i  $b xxxe  
181    $6 02 $c txt $2 rdacontent
182  0 $6 01 $a n
182    $6 02 $c n $2 rdamedia
200 1  $a Le maître a de plus en plus d'humour $b Texte imprimé $e roman $f Mo Yan $g trad. du chinois par Noël Dutrait
210    $a Paris $c Éd. du Seuil $d 2005 $e 14-Condé-sur-Noireau $g Impr. Corlet
215    $a 107 p. $c jaquette ill. en coul. $d 19 cm
330    $a Lao Ding, ouvrier de soixante ans victime d'un licenciement économique, voit naître une nouvelle Chine où prime l'initiative privée, l'ingéniosité des plus pauvreset la corruption des cadres, la solidarité des générations et le chacun pour soi. Maître Ding se tourne alors vers le marché privé du libertinage.
339    $a m
454  1 $t Shi fu, ni yue lai yue you mo
686    $a 803 $2 Cadre de classement de la Bibliographie nationale française
700    $3 12157436 $9 308827 $a Mo Yan $f 1955-.... $4 070
702    $3 12058512 $9 12343 $o ISNI0000000038077709 $a Dutrait $b Noël $f 1951-.... $4 730
801  0 $a FR $b FR-751131015 $c 20050411 $g AFNOR $h FRBNF399515620000007 $2 intermrc
999    $a FRBNF399515620000007
995    $0 0 $2 0 $4 0 $5 2005-03-25 $9 162642 $P 10.01 $b MED $c MED $e MED1A $f C0004058348 $h ALTROZZ $k R/MO $o 0 $p 10.01 $r PRETLIV $s RMO $w 10 $y 2022-08-02

