01603cam a2200409   4500
001 143409
003 http://www.mediathequederoubaix.fr/ark:/20179/KH143409
010    $a 2-234-05584-9 $b br. $d 22 EUR
020    $a FR $b 00309321
033    $a http://catalogue.bnf.fr/ark:/12148/cb38969863j
035    $a FRBNF389698630000009
090    $a 143409
091    $b 20240511 $c 1 $a 2
099    $t LI $c 2014-06-30 $d 2024-05-11 $x 8
100    $a 20030313d2003    m  y0frey50      ba
101 1  $a fre $c eng
102    $a FR
105    $a ||||z   00|a|
106    $a r
181  0 $6 01 $a i  $b xxxe  
181    $6 02 $c txt $2 rdacontent
182  0 $6 01 $a n
182    $6 02 $c n $2 rdamedia
200 1  $a Au-delà du silence $b Texte imprimé $e roman $f André Brink $g trad. de l'anglais par Bernard Turle
210    $a Paris $c Stock $d 2003 $e 18-Saint-Amand-Montrond $g Bussière Camedan impr.
215    $a 471 p. $c couv. ill. en coul. $d 22 cm
225    $a La cosmopolite
300    $a Glossaire
339    $a m
410  0 $0 37011519 $t La Cosmopolite (Paris) $x 1298-2598 $d 2003
454  1 $t The other side of silence
686    $a 803 $2 Cadre de classement de la Bibliographie nationale française
700    $3 11894048 $9 273603 $o ISNI0000000121473454 $a Brink $b André $f 1935-2015 $4 070
702    $3 12050944 $9 19084 $o ISNI0000000370023147 $a Turle $b Bernard $f 1955-.... $4 730
801  0 $a FR $b FR-751131015 $c 20030313 $g AFNOR $h FRBNF389698630000009 $2 intermrc
999    $a FRBNF389698630000009
995    $0 0 $2 0 $4 0 $5 2005-03-29 $9 162940 $P 16.50 $b MED $c MED $e MED1A $f C0003571092 $h ALTROZZ $k R/BRI $n 2024-06-01 $o 0 $p 16.50 $r PRETLIV $s RBRI $w 23 $y 2024-04-20

