02049cam a2200421   4500
001 143643
003 http://www.mediathequederoubaix.fr/ark:/20179/KH143643
010    $a 2-7427-4247-6 $b br. $d 21 EUR
020    $a FR $b 00313402
033    $a http://catalogue.bnf.fr/ark:/12148/cb389824546
035    $a FRBNF389824540000003
090    $a 143643
091    $b 20240511 $c 1 $a 2
099    $t LI $c 2014-06-30 $d 2024-05-11 $x 4
100    $a 20030408d2003    m  y0frey50      ba
101 1  $a fre $c fin
102    $a FR
105    $a ||||z   00|a|
106    $a r
181  0 $6 01 $a i  $b xxxe  
181    $6 02 $c txt $2 rdacontent
182  0 $6 01 $a n
182    $6 02 $c n $2 rdamedia
200 1  $a Jamais avant le coucher du soleil $b Texte imprimé $e roman $f Johanna Sinisalo $g trad. du finnois par Anne Colin du Terrail
210    $a Arles $c Actes Sud $d 2003 $e 53-Mayenne $g Impr. Floch
215    $a 319 p. $c couv. ill. en coul. $d 22 cm
225    $a Lettres scandinaves
330    $a Ange, un homosexuel solitaire, recueille chez lui un enfant troll qu'il a sauvé des mains d'une bande de jeunes. Ce geste s'apparente pour lui à l'adoption d'un enfant sauvage. Il lui faut faire face à divers imprévus et difficultés, notamment cacher sa découverte à ses amis et voisins. Archives et données Internet sur ces créatures que sont les trolls amènent à croire en cette histoire farfelue.
339    $a m
410  0 $0 34249264 $t Lettres scandinaves $x 0991-5451 $d 2003
454  1 $t Ennen päivänlaskua ei voi
676    $a 894.541 33 (oeuvre) $v 23
686    $a 803 $2 Cadre de classement de la Bibliographie nationale française
700    $3 14468498 $9 77146 $o ISNI0000000121377825 $a Sinisalo $b Johanna $f 1958-.... $4 070
702    $3 12122655 $9 5123 $o ISNI0000000072465895 $a Colin du Terrail $b Anne $f 1952-.... $4 730
801  0 $a FR $b FR-751131015 $c 20030408 $g AFNOR $h FRBNF389824540000003 $2 intermrc
999    $a FRBNF389824540000003
995    $0 0 $2 0 $4 0 $5 2005-03-29 $9 163249 $P 16.80 $b MED $c MED $e MED1A $f C0003571296 $h ALTROZZ $k R/SIN $o 0 $p 16.80 $r PRETLIV $s RSIN $w 19 $y 2020-03-11

