01178nam a2200289   4500
001 143803
003 http://www.mediathequederoubaix.fr/ark:/20179/KH143803
005 20180720085538.0
035 00 $a HZ_RBX242189
090    $a 143803
091    $a 0
099    $t LI $c 2014-06-30 $d 2014-06-30 $x 0
100    $a 19       1891    k  y0frey5003    ba
101    $a fre
200    $a Les confessions $e souvenirs d'un demi-siècle $e 1830-1890 $f Arsène Houssaye $h T. sixième
205    $a 4e éd.
210    $a Paris $c E. Dentu $d 1891
215    $a 392-XXIV p. $c ill., autographes $d 24 cm
300    $a Inventaire ENSAIT N8̊014/6
339    $a m
493    $1 Les confessions : souvenirs d'un demi-siècle : 1830-1890 / Arsène Houssaye $1 E. Dentu , 1891
700 0  $9 280368 $a Houssaye $b Arsène $f 1815-1896 $4 070
702    $9 166363 $4 320 $a Destombes $b Pierre $c roubaisien $f 1846-1915
712 0  $9 130076 $4 651 $a E. Dentu $c Paris
801  0 $a FR $b 595126101 $c 20121109 $g AFNOR
930    $5 595126101:C0003588057 $b 595126101 $a LD/1902 $e Fonds patrimonial; legs Destombes
995    $0 0 $2 0 $4 0 $5 2005-03-29 $9 163442 $b MED $c MED $e MED3T $f C0003588057 $h PPELGZZ $k LD/1902 $o 2 $r PRETLIV $s LD_1902_000000000000000 $w 0 $y 2014-06-30

