01774cam a2200409   4500
001 144002
003 http://www.mediathequederoubaix.fr/ark:/20179/KH144002
010    $a 2-02-036710-6 $b br. $d 75 F
020    $a FR $b 00010749
033    $a http://catalogue.bnf.fr/ark:/12148/cb36980905m
035    $a FRBNF369809050000003
039    $o OPL $a 024666441
090    $a 144002
091    $b 20240511 $c 1 $a 2
099    $t LI $c 2014-06-30 $d 2024-05-11 $x 7
100    $a 19990811d1999    m  y0frey50      ba
101 0  $a fre
102    $a FR
105    $a ||||z   00|a|
106    $a r
181  0 $6 01 $a i  $b xxxe  
181    $6 02 $c txt $2 rdacontent
182  0 $6 01 $a n
182    $6 02 $c n $2 rdamedia
200 1  $a Le dernier été de la raison $b Texte imprimé $e roman $f Tahar Djaout
210    $a Paris $c Éd. du Seuil $d 1999 $e 61-Lonrai $g Normandie roto impr.
215    $a 1 vol. (124 p.) $d 21 cm
330    $a Ecrit par Tahar Djaout avant son assassinat. Il l'aurait certainement repris et complété s'il avait pu. Mais telle quelle, cette projection d'un petit libraire humaniste, dans un monde où les islamistes ont pris le pouvoir, possède une force et procure une émotion rare.
339    $a m
676    $a 843 $v 22
686    $a 840 $2 Cadre de classement de la Bibliographie nationale française
686    $a 823 $2 Cadre de classement de la Bibliographie nationale française
700    $3 11900278 $9 35197 $o ISNI000000010930202X $a Djaout $b Tahar $f 1954-1993 $4 070
801  0 $a FR $b FR-751131015 $c 19990811 $g AFNOR $h FRBNF369809050000003 $2 intermrc
856 4  $u http://gallica.bnf.fr/ark:/12148/bpt6k48016322
999    $a FRBNF369809050000003
995    $0 0 $2 0 $4 0 $5 2005-03-29 $9 163649 $P 9.14 $b MED $c MED $e MED1A $f C0003587530 $h ALTROZZ $k R/DJA $o 0 $p 9.14 $r PRETLIV $s R_DJA $w 18 $y 2021-11-13

