01144nam a2200265   4500
001 144193
003 http://www.mediathequederoubaix.fr/ark:/20179/KH144193
005 20220924053055.0
035 00 $a HZ_RBX242711
090    $a 144193
091    $a 0
099    $t LI $c 2014-06-30 $d 2022-09-24 $x 0
100    $a 19       1900    k  y0frey5003    ba
101    $a fre
200    $a Histoire socialiste 1789-1900 $h Tome 6 $f sous la dir. de Jean Jaurès $c La Commune $f par Louis Dubreuilh $c La Troisième République (1871-1900) $f par John Labusquière
210    $a Paris $c J. Rouff $d [ca 1900]
215    $a Pp. 250-496-312-170 $d 27 cm
339    $a m
700    $7 ba0yba0y $8 fre    $a Jaurès $b Jean $f 1859-1914 $9 21353
702 0  $9 288232 $a Dubreuilh $b Louis $f 1862-1924 $4 070
702 0  $9 197083 $4 070 $a Labusquière $b John
702    $7 ba0yba0y $8 fre    $a Piat $b Jean $f 1911-2002 $4 320 $9 87591
801  0 $a FR $b 595126101 $c 20051018 $g AFNOR
930    $5 595126101:C0003437214 $b 595126101 $a MAG L/P 4/209 049 $e Fonds patrimonial
995    $0 0 $2 0 $4 0 $5 2005-03-29 $9 163859 $b MED $c MED $e MED3J $f C0003437214 $h PPEFGZZ $k MAG L/P 4/209 049 $o 2 $r PRETLIV $s MAG_LP_4209_049000000000000 $w 0 $y 2014-06-30

