01986cam a2200445   4500
001 144351
003 http://www.mediathequederoubaix.fr/ark:/20179/KH144351
010    $a 2-84263-074-2 $b br. $d 18,50 EUR
020    $a FR $b 00333465
033    $a http://catalogue.bnf.fr/ark:/12148/cb389975646
035    $a FRBNF389975640000001
073  0 $a 9782842630744 $2 ALS
090    $a 144351
091    $b 20240511 $c 1 $a 2
099    $t LI $c 2014-06-30 $d 2024-05-11 $x 5
100    $a 20030515d2003    m  y0frey50      ba
101 0  $a fre
102    $a FR
105    $a ||||z   00|y|
106    $a r
181  0 $6 01 $a i  $b xxxe  
181    $6 02 $c txt $2 rdacontent
182  0 $6 01 $a n
182    $6 02 $c n $2 rdamedia
200 1  $a Jeunesses $b Texte imprimé $f Henri Calet $g établissement du texte, notes et préf.  par Jean-Pierre Baril
210    $a Paris $c le Dilettante $d 2003 $e 53-Mayenne $g Impr. Floch
215    $a 313 p. $c couv. ill. en coul. $d 18 cm
330    $a En 1954, l'auteur a enquêté sur la jeunesse pour des magazines féminins.
339    $a m
606    $3 11934260 $9 9971 $a Jeunesse $3 11931476 $9 109 $y France $3 11976947 $9 1123 $z 1945-1970 $2 rameau
606    $3 11934260 $9 9971 $a Jeunesse $3 11965815 $9 504 $x Conditions sociales $3 11931476 $9 109 $y France $3 11976947 $9 1123 $z 1945-1970 $2 rameau
608    $3 13505219 $9 8911 $a Enquêtes $2 rameau
608    $a Ouvrages de référence $2 CNLJ $k Avis critique donné par le Centre national de la littérature pour la jeunesse
676    $a 305.235 09440904 $v 23
686    $a 300 $2 Cadre de classement de la Bibliographie nationale française
700    $3 11894850 $9 19127 $o ISNI0000000109168641 $a Calet $b Henri $f 1904-1956 $4 070
702    $3 13082761 $9 66100 $o ISNI0000000041349154 $a Baril $b Jean-Pierre $4 340
801  0 $a FR $b FR-751131015 $c 20030515 $g AFNOR $h FRBNF389975640000001 $2 intermrc
999    $a FRBNF389975640000001
995    $0 0 $2 0 $4 0 $5 2005-03-29 $9 164025 $P 14.80 $b MED $c MED $e MED1A $f C0003580180 $h ALTTLZZ $k LIT/CAL $o 0 $p 14.80 $r PRETLIV $s LITCAL $w 10 $y 2022-05-31

