01665cam a2200385   4500
001 144567
003 http://www.mediathequederoubaix.fr/ark:/20179/KH144567
010    $a 2-87706-464-6 $b br. $d 19 EUR
020    $a FR $b 00312949
033    $a http://catalogue.bnf.fr/ark:/12148/cb389782150
035    $a FRBNF389782150000008
090    $a 144567
091    $b 20240511 $c 1 $a 2
099    $t LI $c 2014-06-30 $d 2024-05-11 $x 2
100    $a 20030331d2003    m  y0frey50      ba
101 1  $a fre $c eng
102    $a FR
105    $a ||||z   00|a|
106    $a r
181  0 $6 01 $a i  $b xxxe  
181    $6 02 $c txt $2 rdacontent
182  0 $6 01 $a n
182    $6 02 $c n $2 rdamedia
200 1  $a C'est pas la fin du monde $b Texte imprimé $f Kate Atkinson $g trad. de l'anglais par Isabelle Carron
210    $a Paris $c de Fallois $d 2003 $e 18-Saint-Amand-Montrond $g Bussière Camedan impr.
215    $a 266 p. $c couv. ill. en coul. $d 23 cm
330    $a Recueil de nouvelles qui ont en commun l'interrogation du monde environnant et la recherche à la surface de sa réalité de la trace des mythes qui pourraient encore s'y cacher.
339    $a m
454  1 $t Not the end of the world
686    $a 803 $2 Cadre de classement de la Bibliographie nationale française
700    $3 13077064 $9 36700 $o ISNI0000000121350606 $a Atkinson $b Kate $f 1951-.... $4 070
702    $3 14469451 $9 46903 $o ISNI0000000003092028 $a Carron $b Isabelle $4 730
801  0 $a FR $b FR-751131015 $c 20030331 $g AFNOR $h FRBNF389782150000008 $2 intermrc
999    $a FRBNF389782150000008
995    $0 0 $2 0 $4 0 $5 2005-03-29 $9 164251 $P 14.25 $b MED $c MED $e MED1A $f C0003585601 $h ALTTCNV $k NVL/ATK $o 0 $p 14.25 $r PRETLIV $s NVL_ATK $w 41 $y 2020-06-24

