02066cam a2200445   4500
001 144782
003 http://www.mediathequederoubaix.fr/ark:/20179/KH144782
010    $a 2-7470-0959-9 $b rel. $d 4,90 EUR
020    $a FR $b 00313628
033    $a http://catalogue.bnf.fr/ark:/12148/cb38977722d
035    $a FRBNF389777220000005
073  0 $a 9782747009591 $2 ALS
090    $a 144782
091    $b 20240511 $c 1 $a 2
099    $t LI $c 2014-06-30 $d 2024-05-11 $x 18
100    $a 20030328d2003    a  y0frey50      ba
101 0  $a fre
102    $a FR
105    $a ||||z   00|a|
106    $a r
181  0 $6 01 $a i  $b xxxe  
181    $6 02 $c txt $2 rdacontent
182  0 $6 01 $a n
182    $6 02 $c n $2 rdamedia
200 1  $a La folle course de maman Poule $b Texte imprimé $f une histoire écrite par Claire Clément $g ill. par Yves Calarnou
210    $a [Paris] $c Bayard jeunesse $d 2003 $e 35-Rennes $g Impr. Oberthur graphique
215    $a Non paginé [29] p. $c ill. en coul., couv. ill. en coul. $d 19 cm
225    $a Les belles histoires $v 138
308    $a Bayard poche
330    $a Coralie la poule est sportive et veut gagner le marathon breton. Mais elle est aussi la maman de dix petits poussins. Comment concilier sa passion pour la course et sa vie de famille ?
339    $a a
410  0 $0 34262250 $t Collection Les Belles histoires (Paris) $x 1151-6267 $v 138
410  0 $0 37142881 $t Bayard poche $x 1623-8621 $d 2003
608    $a Premières lectures $2 CNLJ $k Avis critique donné par le Centre national de la littérature pour la jeunesse
686    $a 809 $2 Cadre de classement de la Bibliographie nationale française
700    $3 12293898 $9 12356 $o ISNI0000000001729937 $a Clément $b Claire $f 1955-.... $4 070
702    $3 12322679 $9 24275 $o ISNI0000000066386381 $a Calarnou $b Yves $f 1951-.... $4 440
801  0 $a FR $b FR-751131015 $c 20030328 $g AFNOR $h FRBNF389777220000005 $2 intermrc
999    $a FRBNF389777220000005
995    $0 0 $2 1 $4 0 $5 2005-03-29 $9 164576 $P 4.17 $b MED $c MED $e MED0A $f C0003584809 $h JRORMZZ $k EXT PRE R/CLE $n 2018-07-05 $o 0 $p 4.17 $r PRETLIV $s EXT_PRE_RCLE $w 45 $y 2017-09-19

