01645cam a2200421   4500
001 144932
003 http://www.mediathequederoubaix.fr/ark:/20179/KH144932
010    $a 2-13-052443-5 $b br. $d 10 EUR
020    $a FR $b 00316965
033    $a http://catalogue.bnf.fr/ark:/12148/cb39006205b
035    $a FRBNF390062050000004
090    $a 144932
091    $b 20240511 $c 1 $a 2
099    $t LI $c 2014-06-30 $d 2024-05-11 $x 1
100    $a 20030530d2003    m  y0frey50      ba
101 0  $a fre
102    $a FR
105    $a ||||z   00|y|
106    $a r
181  0 $6 01 $a i  $b xxxe  
181    $6 02 $c txt $2 rdacontent
182  0 $6 01 $a n
182    $6 02 $c n $2 rdamedia
200 1  $a Gilles Deleuze, cinéma et philosophie $b Texte imprimé $f Paola Marrati
210    $a Paris $c Presses universitaires de France $d 2003 $e 41-Vendôme $g Vendôme impr.
215    $a 127 p. $d 18 cm
225    $a Philosophies $x 0766-1398 $v 162
300    $a Bibliogr. p. 127-128
339    $a m
410  0 $0 34234311 $t Philosophies $x 0766-1398 $v 162
600    $3 11899332 $9 10487 $a Deleuze $b Gilles $f 1925-1995 $3 11936118 $9 1343 $x Cinéma $2 rameau
606    $3 11942979 $9 29181 $a Philosophie et cinéma $2 rameau
676    $a 791.430 1 $v 23
686    $a 100 $2 Cadre de classement de la Bibliographie nationale française
700    $3 13196295 $9 77555 $o ISNI0000000115611582 $a Marrati-Guénoun $b Paola $4 070
801  0 $a FR $b FR-751131015 $c 20030530 $g AFNOR $h FRBNF390062050000004 $2 intermrc
999    $a FRBNF390062050000004
995    $0 0 $2 0 $4 0 $5 2005-03-29 $9 164820 $P 8.00 $b MED $c MED $e MED3A $f C0003587310 $h ACFPHZZ $k Doc./130 DEL $o 0 $p 8.00 $r PRETLIV $s DOC__130_000000000000000_DEL $w 7 $y 2017-04-28

