01099nam a2200265   4500
001 145172
003 http://www.mediathequederoubaix.fr/ark:/20179/KH145172
005 20220815043108.0
035 00 $a HZ_RBX243927
090    $a 145172
091    $a 0
099    $t LI $c 2014-06-30 $d 2022-08-15 $x 0
100    $a 19       1864    k  y0frey5003    ba
101    $a fre
200    $a Le Cabinet des fées $e contes choisis $f précéd. d'une notice sur les fées et les génies par L. Batissier $g dessins de MM. Foulquier et Pasini
210    $a Paris $c Furne $d 1864
215    $a 330 p. $c front. ill. $d 25 cm
300    $a Inventaire ENSAIT N ̊7631
339    $a m
702    $9 166363 $4 320 $a Destombes $b Pierre $c roubaisien $f 1846-1915
712 0  $9 132084 $4 651 $a Furne $c Paris
700    $7 ba0yba0y $8 fre    $a Batissier $b Louis $f 1813-1882 $4 070 $9 115865
801  0 $a FR $b 595126101 $c 20121109 $g AFNOR
930    $5 595126101:C0003589087 $b 595126101 $a LD/2005 $e Fonds patrimonial; legs Destombes
995    $0 0 $2 0 $4 0 $5 2005-03-29 $9 165105 $b MED $c MED $e MED3T $f C0003589087 $h PPELGZZ $k LD/2005 $o 2 $r PRETLIV $s LD_2005_000000000000000 $w 0 $y 2014-06-30

