01110nj  a2200265   4500
001 145375
003 http://www.mediathequederoubaix.fr/ark:/20179/KH145375
005 20240511072009.0
035 00 $a HZ_RBX244169
071 0  $a 01934 11636 2 $b BMG
090    $a 145375
091    $a 1 $b 20240511 $c 0
099    $t DC $c 2014-06-30 $d 2024-05-11 $x 16
100    $a 19       2003    k  y0frey5003    ba
101    $a fre
200    $a Dragonfly $b Enr. sonore $f Ziggy Marley
210    $d P 2003
215    $a 1 d.c. $e 1 brochure (12 cm ; n.p.)
327    $a Dragonfly $a True to myself $a I get out $a Looking $a Shalom salaam $a In the name of god $a Rainbow in the sky $a Malancholy mood $a Good old days / avec Cedella Marley $a Never deny you $a Dykl (don't you kill love)
339    $a m
606    $a Reggae (musique) $y Jamaïque $x Disques $2 rameau
679    $a 052.2
700    $7 ba0yba0y $8 fre    $a Marley $b Ziggy $f 1968-.... $3 13925608 $9 3256
801  0 $a FR $b 595126101 $c 20070831 $g AFNOR
995    $0 0 $2 0 $4 0 $5 2005-03-29 $9 165311 $P 16.60 $b MED $c MED $e MED1A $f C0003562378 $h AMV16ZZ $k DC/052.2 MAR $o 0 $p 16.60 $r PRETSON $s DC_052_200000000000000_MAR $w 75 $y 2024-02-02

