01221nam a2200301   4500
001 145548
003 http://www.mediathequederoubaix.fr/ark:/20179/KH145548
005 20180720093959.0
035 00 $a HZ_RBX244411
090    $a 145548
091    $a 0
099    $t LI $c 2014-06-30 $d 2014-06-30 $x 0
100    $a 19       1903    k  y0frey5003    ba
101    $a fre
200    $a L'Europe et la Révolution Française $f par Albert Sorel,... $h 2e partie $i La chute de la royauté
205    $a 8e éd.
210    $a Paris $c Plon-Nourrit et Cie $d 1903
215    $a 574 p. $d 25 cm
300    $a Inventaire ENSAIT N ̊8617/2
300    $a Ex libris impr. Pierre Destombes
339    $a m
493    $1 L'Europe et la Révolution Française / par Albert Sorel,... $1 Plon-Nourrit et Cie , 1903-1905
700 0  $9 283029 $a Sorel $b Albert $f 1842-1906 $4 070
702    $9 166363 $4 320 $a Destombes $b Pierre $c roubaisien $f 1846-1915
712 0  $9 126236 $a Librairie Plon $c Paris
801  0 $a FR $b 595126101 $c 20121109 $g AFNOR
930    $5 595126101:C0003606724 $b 595126101 $a LD/2113 $e Fonds patrimonial; legs Destombes
995    $0 0 $2 0 $4 0 $5 2005-03-29 $9 165510 $b MED $c MED $e MED3T $f C0003606724 $h PPELGZZ $k LD/2113 $o 2 $r PRETLIV $s LD_2113_000000000000000 $w 0 $y 2014-06-30

