01101nam a2200289   4500
001 145713
003 http://www.mediathequederoubaix.fr/ark:/20179/KH145713
005 20220927072934.0
035 00 $a HZ_RBX244599
090    $a 145713
091    $a 0
099    $t LI $c 2014-06-30 $d 2022-09-27 $x 0
100    $a 19       1863    k  y0frey5003    ba
101    $a fre
200    $a Mélanges $f par Gœthe $g trad. nouv. par Jacques Porchat
210    $a Paris $c L. Hachette $d 1863
215    $a 486 p. $d 25 cm
225 0  $a Oeuvres de Gœthe $v X
300    $a Inventaire ENSAIT N7̊802/11
339    $a m
410    $t Oeuvres de Gœthe $v X
700    $7 ba0yba0y $8 fre    $a Goethe $b Johann Wolfgang von $f 1749-1832 $9 279956
702 0  $9 289098 $a Porchat $b Jacques $f 1800-1864 $4 730
702    $9 166363 $4 320 $a Destombes $b Pierre $c roubaisien $f 1846-1915
801  0 $a FR $b 595126101 $c 20121109 $g AFNOR
930    $5 595126101:C0003607259 $b 595126101 $a LD/2166 $e Fonds patrimonial; legs Destombes
995    $0 0 $2 0 $4 0 $5 2005-03-29 $9 165685 $b MED $c MED $e MED3T $f C0003607259 $h PPELGZZ $k LD/2166 $o 2 $r PRETLIV $s LD_2166_000000000000000 $w 0 $y 2014-06-30

