01080nj  a2200265   4500
001 145946
003 http://www.mediathequederoubaix.fr/ark:/20179/KH145946
005 20240511072056.0
035 00 $a HZ_RBX244948
071 0  $a EDP 0148 $b Edition de la péniche
090    $a 145946
091    $a 1 $b 20240511 $c 0
099    $t DV $c 2014-06-30 $d 2024-05-11 $x 0
100    $a 19               k  y0frey5003    ba
101    $a fre
200    $a L'espion menacé $b Enr. sonore $a You say you don't love me $f Ivanhoè, interpr. $g F. Koziak, par., guit., chant $g P. Shelley, par.
210    $d [s.d.]
215    $a 1 disque $c 45 tours $d 17 cm
322    $a M. Bernard, enr. et mixage sur Gédéon
323    $a Interprété aussi par : H. Pennequin, basse, synth.
339    $a m
710 0  $a Ivanhoé
801  0 $a FR $b 595126101 $c 20050329 $g AFNOR
930    $5 595126101:C0003562653 $b 595126101 $a FLRSON 17/158 $e Fonds local et régional sonore
995    $0 0 $2 0 $4 0 $5 2005-03-29 $9 165930 $P 10.00 $b MED $c MED $e MED3C $f C0003562653 $h PENRSZZ $k FLRSON 17/158 $o 2 $p 10.00 $r PRETSON $s FLRSON_17158_000000000000000 $w 0 $y 2014-06-30

