02215cam a2200457   4500
001 146187
003 http://www.mediathequederoubaix.fr/ark:/20179/KH146187
010    $a 2-266-13112-5 $b br. $d 7 EUR
020    $a FR $b 00324227
033    $a http://catalogue.bnf.fr/ark:/12148/cb38993595h
035    $a FRBNF38993595000000X
073  0 $a 9782266131124 $2 ALS
090    $a 146187
091    $b 20240511 $c 1 $a 2
099    $t LI $c 2014-06-30 $d 2024-05-11 $x 7
100    $a 20030506d2003    a  y0frey50      ba
101 1  $a fre $c eng
102    $a FR
105    $a ||||z   00|a|
106    $a r
181  0 $6 01 $a i  $b xxxe  
181    $6 02 $c txt $2 rdacontent
182  0 $6 01 $a n
182    $6 02 $c n $2 rdamedia
200 1  $a À propos d'un gamin $b Texte imprimé $f Nick Hornby $g trad. de l'anglais par Christophe Mercier
210    $a Paris $c Pocket jeunesse $d 2003 $e 72-La Flèche $g Impr. Brodard et Taupin
215    $a 317 p. $c couv. ill. en coul. $d 18 cm
225    $a Pocket jeunes adultes
308    $a Collection principale : Pocket jeunesse. Numérotation dans la collection principale : 1076
330    $a Récit d'un jeune Anglais qui, pour arriver à séduire les mères de famille divorcées (pour lesquelles il a une très forte attirance), s'invente un fils. A partir de ce personnage fabulateur, l'auteur saisit d'un trait caustique les malaises diffus de ses contemporains. Un regard lucide sur la société anglaise d'aujourd'hui.
339    $a m
410  0 $0 38995498 $t Pocket jeunes adultes $x 1761-3655 $d 2003
410  0 $0 36131984 $t Pocket jeunesse $x 1285-6339 $v 1076
454  1 $t About a boy
608    $a Romans $2 CNLJ $k Avis critique donné par le Centre national de la littérature pour la jeunesse
686    $a 809 $2 Cadre de classement de la Bibliographie nationale française
700    $3 12563587 $9 11765 $o ISNI0000000120964497 $a Hornby $b Nick $f 1957-.... $4 070
702    $3 12224698 $9 8871 $o ISNI0000000121401573 $a Mercier $b Christophe $f 1959-.... $4 730
801  0 $a FR $b FR-751131015 $c 20030506 $g AFNOR $h FRBNF38993595000000X $2 intermrc
999    $a FRBNF38993595000000X
995    $0 1 $2 0 $4 1 $5 2005-03-29 $9 166194 $P 5.95 $b MED $c MED $e MED1A $f C0003573882 $h ALTROZZ $k R/HOR $o 4 $p 5.95 $r PRETLIV $s RHOR $w 32 $y 2022-12-22

