00784nj  a2200217   4500
001 146490
003 http://www.mediathequederoubaix.fr/ark:/20179/KH146490
005 20240511072528.0
035 00 $a HZ_RBX245636
071 0  $b Achyll $a ACH 1001
090    $a 146490
091    $a 1 $b 20240511 $c 0
099    $t DV $c 2014-06-30 $d 2024-05-11 $x 0
100    $a 19               k  y0frey5003    ba
101    $a fre
200    $a Scénario dans la ville $b Enr. sonore
339    $a m
710 0  $a Scénario
801  0 $a FR $b 595126101 $c 20050329 $g AFNOR
930    $5 595126101:C0003563845 $b 595126101 $a FLRSON 17/308 $e Fonds local et régional sonore
995    $0 0 $2 0 $4 0 $5 2005-03-29 $9 166578 $P 1.00 $b MED $c MED $e MED3C $f C0003563845 $h PENRSZZ $k FLRSON 17/308 $o 2 $p 1.00 $r PRETSON $s FLRSON_17308_000000000000000 $w 0 $y 2014-06-30

