00987nam a2200253   4500
001 146629
003 http://www.mediathequederoubaix.fr/ark:/20179/KH146629
005 20160125030112.0
035 00 $a HZ_RBX245799
090    $a 146629
091    $a 0
099    $t LI $c 2014-06-30 $d 2014-06-30 $x 0
100    $a 19       1883    k  y0frey5003    ba
101    $a fre
200    $a Oeuvres $e appendice au tome premier $f de La Rochefoucauld
205    $a Nouv. éd. rev. et augm.
210    $a Paris $c Librairie Hachette et cie $d 1883
300    $a Inventaire ENSAIT n7̊798-2
339    $a m
700 0  $9 178235 $a La Rochefoucauld $b Alexandre-François $f 1767-1841
702    $9 166363 $4 320 $a Destombes $b Pierre $c roubaisien $f 1846-1915
801  0 $a FR $b 595126101 $c 20121109 $g AFNOR
930    $5 595126101:C0003597519 $b 595126101 $a LD/7249 $e Fonds patrimonial; legs Destombes
995    $0 0 $2 0 $4 0 $5 2005-03-29 $9 166724 $b MED $c MED $e MED3T $f C0003597519 $h PPELGZZ $k LD/7249 $o 2 $r PRETLIV $s LD_7249_000000000000000 $w 0 $y 2014-06-30

