01406ng  a2200325   4500
001 146870
003 http://www.mediathequederoubaix.fr/ark:/20179/KH146870
005 20240511072549.0
035 00 $a HZ_RBX246171
090    $a 146870
091    $a 1 $b 20240511 $c 0
099    $t VD $c 2014-06-30 $d 2024-05-11 $x 30
100    $a 19       1999    k  y0frey5003    ba
101    $a fre $a jpn
200    $a L'été de Kikujiro $b DVD $f Takeshi Kitano, réal., aut. $g Jœ Hisaishi, mus.
210    $a Japon $c M. Mori $c T. Yoshida $d 1999
215    $a 1 DVD (1h56mn) $c coul., sonore
305    $a Versions en français et en japonais
323    $a Interprètes, Beat Takeshi, Yusuke Sekiguchi, Kayoko Kishimito...[et al.]
327    $a aussi : Interview de Takeshi Kitano (24mn) $a Filmographie et biographie $a Notes d'intention $a Liens internet
339    $a m
345    $a VHS $b 041922
606 0  $2 rameau $a Cinéma $y Japon $z 1990-....
700    $7 ba0yba0f $8 fre    $a Kitano $b Takeshi $f 1947-.... $3 13541366 $4 300 $9 47543
702 0  $a Hisaishi $b Jō $f 1950-.... $4 545
702 0  $a Takeshi $b Beat
702 0  $a Sekigushi $b Yusuke
702    $7 ba0yba0y $8 fre    $a Kishimoto $b Kayoko $f 1960-.... $3 14193790 $9 78254
801  0 $a FR $b 595126101 $c 20070831 $g AFNOR
995    $0 0 $2 0 $4 1 $5 2005-03-29 $9 166974 $P 31.73 $b MED $c MED $e MED1A $f C0003668378 $h AAPCIFI $k DVD/F KIT $n 2024-05-10 $o 0 $p 31.73 $r PRETDVD $s DVD_F_KIT $u Chapitre 15 abimé $w 90 $y 2024-04-19 $7  $8  $A 0 $m  $z 

