02138cam a2200469   4500
001 147332
003 http://www.mediathequederoubaix.fr/ark:/20179/KH147332
010    $a 2-08-012678-4 $b br. $d 63 F
020    $a FR $b 00022204
033    $a http://catalogue.bnf.fr/ark:/12148/cb37047642f
035    $a FRBNF370476420000005
039    $o OPL $a 024732400
090    $a 147332
091    $b 20240511 $c 1 $a 2
099    $t LI $c 2014-06-30 $d 2024-05-11 $x 1
100    $a 19990909d1999    m  y0frey50      ba
101 0  $a fre
102    $a FR
105    $a a   z   00|y|
106    $a r
181  0 $6 01 $a i  $b xxxe   $a b  $b xb2e  
181    $6 02 $c txt $c sti $2 rdacontent
182  0 $6 01 $a n
182    $6 02 $c n $2 rdamedia
200 1  $a L'ABCdaire du soleil $b Texte imprimé $f Jean-Louis Heudier, Myriam Schleiss, Christine Ehm
210    $a Paris $c Flammarion $d 1999 $e 85-Luçon $g Impr. Pollina
215    $a 119 p. $c ill. en noir et en coul., couv. ill. en coul. $d 22 cm
225    $a L'ABCdaire $i Série Sciences [ $x 1289-8457]
300    $a Bibliogr. p. 117. Index
300    $a L'ouvrage porte par erreur : ISSN 1275-2657
308    $a 89
330    $a Présente les différents aspects de cet astre : les croyances, les superstitions, les mythes, les effets sur la Terre (métabolisme des organismes vivants), les connaissances actuelles sur sa structure, sa composition, son origine et son évolution.
339    $a m
410  0 $0 34285451 $t L'ABCdaire (Paris. 1994) $x 1258-2794 $v 89
606    $3 11976333 $9 48341 $a Soleil $2 rameau
686    $a 52  $2 Cadre de classement de la Bibliographie nationale française
700    $3 11907460 $9 78520 $o ISNI0000000073587894 $a Heudier $b Jean-Louis $f 1944-.... $4 070
701    $3 13536472 $9 53991 $o ISNI0000000066542460 $a Schleiss $b Myriam $4 070
701    $3 12134819 $9 282253 $o ISNI0000000066435040 $a Ehm $b Christine $f 1959-.... $4 070
801  0 $a FR $b FR-751131015 $c 19990909 $g AFNOR $h FRBNF370476420000005 $2 intermrc
999    $a FRBNF370476420000005
995    $0 0 $2 0 $4 0 $5 2005-03-29 $9 167508 $P 7.46 $b MED $c MED $e MED3A $f C0003636371 $h ACFSCZZ $k Doc./523 SOL $o 0 $p 7.46 $r PRETLIV $s DOC__523_000000000000000_SOL $w 10 $y 2020-01-02

