01229nj  a2200277   4500
001 147477
003 http://www.mediathequederoubaix.fr/ark:/20179/KH147477
005 20240511073102.0
035 00 $a HZ_RBX247086
071 0  $a 8287652247-2 $b BMG Uk and Ireland
090    $a 147477
091    $a 1 $b 20240511 $c 0
099    $t DC $c 2014-06-30 $d 2024-05-11 $x 20
100    $a 19       2003    k  y0frey5003    ba
101    $a fre
200    $a Bare $f Annie Lennox
210    $d P 2003
215    $a 1 d.c. + 1 DVD non prêtable $e 1 brochure (12 cm ; n.p.)
327    $a A thousand beautiful things $a Pavement cracks $a The hurting time $a Honestly $a Wonderful $a Bitter pill $a Loneliness $a The saddest song I've got $a Erased $a Twisted $a Oh god (prayer)
339    $a m
606    $a Rock (musique) $y Grande-Bretagne $y Angleterre (GB) $x Disques $2 rameau
606    $3 11957141 $9 214 $7 ba0yba0y $8 fre    $a Pop music $x Disques $y Grande-Bretagne $y Angleterre (GB) $2 rameau
679    $a 2
700    $7 ba0yba0y $8 fre    $a Lennox $b Annie $f 1954-.... $3 13944272 $9 340
801  0 $a FR $b 595126101 $c 20070831 $g AFNOR
995    $0 0 $2 0 $4 0 $5 2005-03-29 $9 167663 $P 19.30 $b MED $c MED $e MED1A $f C0003566788 $h AMV20ZZ $k DC/2 LEN $o 0 $p 19.30 $r PRETSON $s DC_2_000000000000000_LEN $w 73 $y 2023-11-16 $7  $8  $A  $m  $z 

