01349nj  a2200313   4500
001 147653
003 http://www.mediathequederoubaix.fr/ark:/20179/KH147653
005 20240511073135.0
035 00 $a HZ_RBX247421
071 0  $a 510762 2 $b J. Albert & Son
090    $a 147653
091    $a 1 $b 20240511 $c 0
099    $t DC $c 2014-06-30 $d 2024-05-11 $x 23
100    $a 19       1978    k  y0frey5003    ba
101    $a fre
200    $a Powerage $b Enr. sonore $f AC/DC
210    $d P 1978
215    $a 1 d.c. $e 1 brochure (12 cm ; 15 p.)
327    $a Rock 'N' Roll damnation $a Down payment blues $a Gimme a bullet $a Riff raff $a Sin city $a What's next to the moon $a Gone shootin' $a Up to my neck in you $a Kicked in the teeth
339    $a m
606    $a Rock (musique) $y Australie $x Disques $2 rameau
606    $7 ba0yba0y $8 fre    $3 12471027 $9 166 $a Hard rock $x Disques $y Australie $2 rameau
679    $a 2 $c 50
701 0  $a Young $b Malcolm
701    $7 ba0yba0y $8 fre    $a Scott $b Bon $f 1946-1980 $3 13922888 $9 14024
701    $7 ba0yba0y $8 fre    $a Young $b Angus $f 1959-.... $3 14044559 $9 14026
710    $7 ba0yba0y $8 fre    $a AC/DC $3 13901479 $9 3112
801  0 $a FR $b 595126101 $c 20070831 $g AFNOR
995    $0 0 $2 0 $4 0 $5 2005-03-29 $9 167858 $P 12.53 $b MED $c MED $e MED1A $f C0003635066 $h AMV25ZZ $k DC/2 ACD 50 $l Contient 1 cd + 1 brochure $o 0 $p 12.53 $r PRETSON $s DC_2_000000000000000_ACD_50 $w 116 $y 2024-01-31

