01726cam a2200373   4500
001 147871
003 http://www.mediathequederoubaix.fr/ark:/20179/KH147871
010    $a 2-87730-671-2 $b br. $d 19 EUR
020    $a FR $b 00330346
033    $a http://catalogue.bnf.fr/ark:/12148/cb39050950p
035    $a FRBNF390509500000009
090    $a 147871
091    $b 20240511 $c 1 $a 2
099    $t LI $c 2014-06-30 $d 2024-05-11 $x 7
100    $a 20030829d2003    m  y0frey50      ba
101 0  $a fre
102    $a FR
105    $a ||||z   00|a|
106    $a r
181  0 $6 01 $a i  $b xxxe  
181    $6 02 $c txt $2 rdacontent
182  0 $6 01 $a n
182    $6 02 $c n $2 rdamedia
200 1  $a L'aile d'airain $b Texte imprimé $f Tran-Nhut
210    $a Arles $c P. Picquier $d 2003 $e 07-Aubenas $g Impr. Lienhart
215    $a 317 p. $c couv. ill. en coul. $d 21 cm
225 19 $a Une enquête du mandarin Tân
330    $a Sur la terre du sud Viêt-Nam, des défunts quittent leurs tombes pour déambuler parmi les vivants. Une insasiable démone à la beauté dévastatrice guette les hommes pour leur faire subir des outrages que la morale réprouve. De retour dans son village natal, le mandarin Tân part sur les traces de son père. Resurgit alors un passé chargé de trahisons et de crimes tandis que la vérité se dévoile.
339    $a m
686    $a 803 $2 Cadre de classement de la Bibliographie nationale française
700    $3 13529107 $9 47505 $o ISNI0000000080153680 $a Tran-Nhut $4 070
801  0 $a FR $b FR-751131015 $c 20030829 $g AFNOR $h FRBNF390509500000009 $2 intermrc
999    $a FRBNF390509500000009
995    $0 0 $2 0 $4 0 $5 2005-03-29 $9 168085 $P 15.20 $b MED $c MED $e MED1A $f C0003643815 $h ALTROPL $k RP/TRA $o 0 $p 15.20 $r PRETLIV $s RP_TRA $w 24 $y 2024-02-13

