01823nam a2200373   4500
001 148081
003 http://www.mediathequederoubaix.fr/ark:/20179/KH148081
005 20220511064936.0
035 00 $a HZ_RBX248005
090    $a 148081
091    $a 0
099    $t LI $c 2014-06-30 $d 2022-05-11 $x 0
100    $a 19       1975    k  y0frey5003    ba
101    $a spa
200    $a Tribuna socialista $e revista de critica marxista
210    $a Spagna $c Editada por la izquierda del P.O.U.M $d 1975
215    $a 96 p. $d 22 cm
300    $a Ex-dono Bernard Grelle.
315    $a In "Tribuna socialista, revista de critica marxista", n<U+00B0>1, Octubre-diciembre 1975"
339    $a m
491    $1 Nueva fase de la lucha contra la dictadura / Luis Alonso Gracia .
491    $1 Por el reagrupamiento de los marxistas revolcionarios / J. Gil .
491    $1 El capitalismo de hoy y la perspectiva revolucionaria .
491    $1 El renacimiento del movimiento obrero y el reagrupamiento .
491    $1 Notas sobre la revolucion portuguesa / Wilebaldo Solano .
491    $1 El marxismo y los movimientos de emancipacion nacional / Andrés Nin .
491    $1 Burucracia y revolucion : la critica y la autocritica / Pierre Naville .
491    $1 Despues de las elecciones "sindicales" : una plataforma reivendicativa en uninsa gijon .
491    $1 Dos documentos de la union molitar democratica .
607    $7 ba0yba0y $8 fre    $a Espagne $z 1939-1975 (F. Franco) $2 rameau
702    $7 ba0yba0y $8 fre    $a Grelle $b Bernard $f 1943-.... $4 320 $9 81239
801  0 $a FR $b 595126101 $c 20080716 $g AFNOR
930    $5 595126101:C0003657660 $b 595126101 $a MAG L/P 8/113 817 $e Fonds patrimonial
995    $0 0 $2 0 $4 0 $5 2005-03-29 $9 168295 $b MED $c MED $e MED3I $f C0003657660 $h PPEFGZZ $k MAG L/P 8/113 817 $o 2 $r PRETLIV $s MAG_LP_8113_817000000000000 $w 0 $y 2014-06-30

