01776cam a2200409   4500
001 148295
003 http://www.mediathequederoubaix.fr/ark:/20179/KH148295
010    $a 2-87767-405-3 $b rel. $d 12 EUR
020    $a FR $b 00339966
033    $a http://catalogue.bnf.fr/ark:/12148/cb39082253w
035    $a FRBNF390822530000002
073  0 $a 9782877674058 $2 ALS
090    $a 148295
091    $b 20240511 $c 1 $a 2
099    $t LI $c 2014-06-30 $d 2024-05-11 $x 6
100    $a 20031029d2003    a  y0frey50      ba
101 1  $a fre $c eng
102    $a FR
105    $a ||||z   00|a|
106    $a r
181  0 $6 01 $a i  $b xxxe  
181    $6 02 $c txt $2 rdacontent
182  0 $6 01 $a n
182    $6 02 $c n $2 rdamedia
200 1  $a Lulu la grue $b Texte imprimé $f Rod Clément $g [trad. par Isabel Finkenstaedt]
210    $a [Paris] $c Kaléidoscope $d 2003 $e 18-Saint-Germain du Puy $g Impr. IFC
215    $a Non paginé [28] p. $c ill. en coul., couv. ill. en coul. $d 31 cm
330    $a Lulu voudrait bien danser mais elle n'a pas de cavalier. Après tout, elle n'en a pas besoin pour se lancer dans la danse ! Un album traité avec humour et fantaisie.
339    $a a
454  1 $t Olga the brolga
608    $a Albums $2 CNLJ $k Avis critique donné par le Centre national de la littérature pour la jeunesse
686    $a 809 $2 Cadre de classement de la Bibliographie nationale française
700    $3 13501765 $9 308996 $a Clement $b Rod $4 070
702    $3 12014815 $9 3429 $o ISNI0000000007737145 $a Finkenstaedt $b Isabel $4 730
801  0 $a FR $b FR-751131015 $c 20031029 $g AFNOR $h FRBNF390822530000002 $2 intermrc
999    $a FRBNF390822530000002
995    $0 0 $2 0 $4 0 $5 2005-03-29 $9 168611 $P 10.20 $b MED $c MED $e MED0A $f C0003654921 $h JABEFAE $k EXT E A/CLE $n 2024-06-29 $o 0 $p 10.20 $r PRETLIV $s EXT_E_ACLE $w 16 $y 2022-08-25

