01426ng  a2200337   4500
001 148439
003 http://www.mediathequederoubaix.fr/ark:/20179/KH148439
005 20240511073744.0
035 00 $a HZ_RBX248512
090    $a 148439
091    $a 1 $b 20240511 $c 0
099    $t VD $c 2014-06-30 $d 2024-05-11 $x 17
100    $a 19       1966    k  y0frey5003    ba
101    $a fre $a eng
200    $a Le secret du rapport Quiller $b DVD $f Michael Anderson, réal. $g John Barry, mus. $g Harold Pinter, scénario
210    $a Grande-Bretagne $c Ivan Foxwell Productions $d 1966
215    $a 1 DVD (1h 40 mn) $c coul., sonore
305    $a Versions en français, anglais
323    $a Interprètes : George Segal, Alec Guinness, Max Von Sydow... [et al.]
327    $a Aussi : Filmographies $a Photos de la production
339    $a m
345    $a VHS $b 075622
606 0  $2 rameau $a Cinéma $y Grande Bretagne $z 1960-1990
700 0  $4 300 $a Anderson $b Michael
702 0  $a Segal $b George
702 0  $a Barry $b John $f 1933-2011 $4 545
702    $7 ba0yba0y $8 fre    $a Pinter $b Harold $f 1930-2008 $3 11919883 $4 690 $9 29993
702    $7 ba0yba0y $8 fre    $a Sydow $b Max von $f 1929-2020 $3 13900223 $9 20712
702    $7 ba0yba0y $8 fre    $a Guinness $b Alec $f 1914-2000 $3 12003082 $9 74140
801  0 $a FR $b 595126101 $c 20110201 $g AFNOR
995    $0 0 $2 0 $4 0 $5 2005-03-29 $9 168794 $P 27.04 $b MED $c MED $e MED1A $f C0003672034 $h AAPCIFI $k DVD/F AND $o 0 $p 27.04 $r PRETDVD $s DVD_F_AND $w 47 $y 2021-12-21

