00952nj  a2200253   4500
001 148608
003 http://www.mediathequederoubaix.fr/ark:/20179/KH148608
005 20240511074207.0
035 00 $a HZ_RBX248738
071 0  $b Autoprod. $a FB 002
090    $a 148608
091    $a 1 $b 20240511 $c 0
099    $t DV $c 2014-06-30 $d 2024-05-11 $x 0
100    $a 19       1980    k  y0frey5003    ba
101    $a fre
200    $a Nabakam $b Enr. sonore $a Love on the drop $f Funny Bongo, par., mus.
210    $c Autoprod. $d [ca 1980]
215    $a 1 disque $c 45 tours $d 17 cm
322    $a Enregistré et mixé au studio Genni Detto
339    $a m
710 0  $a Funny Bongo
801  0 $a FR $b 595126101 $c 20060110 $g AFNOR
930    $5 595126101:C0003633860 $b 595126101 $a FLRSON 17/559 $e Fonds local et régional sonore
995    $0 0 $2 0 $4 0 $5 2005-03-29 $9 168963 $P 1.00 $b MED $c MED $e MED3C $f C0003633860 $h PENRSZZ $k FLRSON 17/559 $o 2 $p 1.00 $r PRETSON $s FLRSON_17559_000000000000000 $w 0 $y 2014-06-30

