01431nj  a2200313   4500
001 148736
003 http://www.mediathequederoubaix.fr/ark:/20179/KH148736
005 20240511074232.0
035 00 $a HZ_RBX248899
071 0  $b Déesse $a DDP 107
090    $a 148736
091    $a 1 $b 20240511 $c 0
099    $t DV $c 2014-06-30 $d 2024-05-11 $x 0
100    $a 19               k  y0frey5003    ba
101    $a fre
200    $a Mettez un verre à mes amis $b Enr. sonore $a Le soldat de Marsala $a La valse des bas noirs...[etc.] $f Raoul de Godewarsvelde, chant
210    $c Disques Déesse $d [s.d.]
215    $a 1 disque $c 45 tours $d 17 cm
323    $a Joël Cadoret, arr. ; Jack Defer, Henri Dupont, M. Decubber, orch. ; Pierre Celie, Robert Lefebvre, direction artistique
327    $a aussi : Quand les cigares...
339    $a m
517    $a Raoul de Godewarsvelde 2
700    $7 ba0yba0y $8 fre    $a Godewarsvelde $b Raoul de $f 1919-1977 $3 13894557 $9 268635
702  1 $a Dupont $b Henri
702    $3 14838939 $7 ba0yba0y $8 fre    $a Cadoret $b Joël $f 19..-.... $c compositeur $9 782
702    $3 14170238 $7 ba0yba0y $8 fre    $a Defer $b Jack $f 1935-2012 $9 1399
801  0 $a FR $b 595126101 $c 20100317 $g AFNOR
930    $5 595126101:C0003665362 $b 595126101 $a FLRSON 17/749 $e Fonds local et régional sonore
995    $0 0 $2 0 $4 0 $5 2005-03-29 $9 169095 $P 1.00 $b MED $c MED $e MED3C $f C0003665362 $h PENRSZZ $k FLRSON 17/749 $o 2 $p 1.00 $r PRETSON $s FLRSON_17749_000000000000000 $w 0 $y 2014-06-30

