01797nam a2200409   4500
001 149090
003 http://www.mediathequederoubaix.fr/ark:/20179/KH149090
010    $a 2-253-14236-0 $b br. $d Prix : 30 F : 4,57 EUR
020    $a FR $b 00132916
033    $a http://catalogue.bnf.fr/ark:/12148/cb37641798x
035    $a FRBNF376417980000005
039    $o OPL $a 026548491
090    $a 149090
091    $b 20240511 $c 1 $a 2
099    $t LI $c 2014-06-30 $d 2024-05-11 $x 17
100    $a 20010719d2001    m  y0frey50      ba
101 0  $a fre
102    $a FR
105    $a ||||z   00|a|
106    $a r
181  0 $6 01 $a i  $b xxxe  
181    $6 02 $c txt $2 rdacontent
182  0 $6 01 $a n
182    $6 02 $c n $2 rdamedia
200 1  $a Maigret chez le coroner $b Texte imprimé $f Georges Simenon
210    $a Paris $c Librairie générale française $d 2001 $e impr. en Allemagne
215    $a 188 p. $c couv. ill. en coul. $d 18 cm
225 19 $a Maigret.
225    $a Le livre de poche $v 14236
330    $a Cinq sergents de l'aviation américaine avaient fait boire une fille et l'avaient abandonnée sur la voie ferrée dans le désert, quelque part entre Tucson (Arizona) et Nogales. Cinq sales gamins. Les jurés s'efforçaient de rendre un verdict équitable. Maigret se demandait vaguement ce qu'il faisait là.
339    $a m
410  0 $0 34228560 $t Le Livre de poche $x 0248-3653 $v 14236
686    $a 823 $2 Cadre de classement de la Bibliographie nationale française
700    $3 11924796 $9 3851 $o ISNI0000000122755410 $a Simenon $b Georges $f 1903-1989 $4 070
801  0 $a FR $b FR-751131015 $c 20010719 $g AFNOR $h FRBNF376417980000005 $2 intermrc
999    $a FRBNF376417980000005
995    $0 0 $2 0 $4 0 $5 2005-03-29 $9 169535 $P 3.41 $b MED $c MED $e MED1A $f C0003650155 $h ALTROPL $k RP/SIM $o 0 $p 3.41 $r PRETLIV $s RP_SIM $w 58 $y 2023-09-30

