01985cam a2200433   4500
001 149309
003 http://www.mediathequederoubaix.fr/ark:/20179/KH149309
010    $a 2-264-03715-6 $b br. $d 7,30 EUR
020    $a FR $b 00326919
033    $a http://catalogue.bnf.fr/ark:/12148/cb39034996j
035    $a FRBNF390349960000009
090    $a 149309
091    $b 20240511 $c 1 $a 2
099    $t LI $c 2014-06-30 $d 2024-05-11 $x 18
100    $a 20030723d2003    m  y0frey50      ba
101 1  $a fre $c eng
102    $a FR
105    $a ||||z   00|a|
106    $a r
181  0 $6 01 $a i  $b xxxe  
181    $6 02 $c txt $2 rdacontent
182  0 $6 01 $a n
182    $6 02 $c n $2 rdamedia
200 1  $a La fortune de l'échevin $b Texte imprimé $f par Kate Sedley $g trad. de l'anglais par Justine de Reyniès
210    $a Paris $c 10-18 $d 2003 $e 72-La Flèche $g Impr. Brodard et Taupin
215    $a 302 p. $c couv. ill. en coul. $d 18 cm
225    $a Grands détectives
308    $a Collection principale : 10-18. Numérotation dans la collection principale : 3543
330    $a Bristol, hiver 1476. Roger le colporteur doit enquêter pour découvrir la véritable identité de celui qui se fait passer pour Clement, le fils disparu, et miraculeusement réapparu, d'un des riches marchands de la ville, l'échevin Alfred Weaver.
339    $a m
410  0 $0 34232379 $t 10-18. Série Grands détectives $x 0751-1671 $d 2003
410  0 $0 34227635 $t 10-18 $x 0240-2300 $v 3543
454  1 $t The weaver's inheritance
686    $a 803 $2 Cadre de classement de la Bibliographie nationale française
700    $3 13204714 $9 43165 $o ISNI0000000116666606 $a Sedley $b Kate $f 1926-.... $4 070
702    $3 14490401 $9 79567 $o ISNI0000000001217712 $a Reyniès $b Justine de $4 730
801  0 $a FR $b FR-751131015 $c 20030723 $g AFNOR $h FRBNF390349960000009 $2 intermrc
999    $a FRBNF390349960000009
995    $0 0 $2 0 $4 0 $5 2005-03-29 $9 169763 $P 5.48 $b MED $c MED $e MED1A $f C0003679183 $h ALTROPL $k RP/SED $o 0 $p 5.48 $r PRETLIV $s RP_SED $w 36 $y 2024-04-18

