00949nam a2200265   4500
001 149515
003 http://www.mediathequederoubaix.fr/ark:/20179/KH149515
005 20160125012953.0
035 00 $a HZ_RBX249881
090    $a 149515
091    $a 0
099    $t LI $c 2014-06-30 $d 2014-06-30 $x 0
100    $a 19       2002    k  y0frey5003    ba
101    $a fre
200    $a Création d'un fonds prêts de DVD à la centrale $f Christine Ide,...
210    $a Roubaix (Nord) $c Médiathèque de Roubaix $d [2002]
215    $a 20 f. $d 30 cm
304    $a Titre pris sur la couverture
310    $a Rel. spirale
320    $a Annexes
339    $a m
700 0  $9 166375 $a Ide $b Christine $c roubaisien
801  0 $a FR $b 595126101 $c 20060614 $g AFNOR
930    $5 595126101:C0003660697 $b 595126101 $a RES 4/726 $e Fonds patrimonial
995    $0 0 $2 0 $4 0 $5 2005-03-29 $9 170012 $b MED $c MED $e MED3P $f C0003660697 $h PPEFGZZ $k RES 4/726 $o 2 $r PRETLIV $s RES_4726_000000000000000 $w 0 $y 2014-06-30

