00951nj  a2200241   4500
001 149675
003 http://www.mediathequederoubaix.fr/ark:/20179/KH149675
005 20240511074859.0
035 00 $a HZ_RBX250070
071 0  $b Show off $a 6010 445
090    $a 149675
091    $a 1 $b 20240511 $c 0
099    $t DV $c 2014-06-30 $d 2024-05-11 $x 0
100    $a 19       1981    k  y0frey5003    ba
101    $a fre
200    $a Mal de toi $b Enr. sonore $d Chi mai $e part 1 $a Mal de toi $d Chi mai $e part 2
210    $c Show Off $d P 1981
215    $a 1 disque $c 45 tours $d 17 cm
339    $a m
700    $7 ba0yba0y $8 fre    $a Licari $b Danielle $f 1943-.... $3 13896643 $9 271263
801  0 $a FR $b 595126101 $c 20110112 $g AFNOR
930    $5 595126101:C0003669560 $b 595126101 $a FLRSON 17/1030 $e Fonds local et régional sonore
995    $0 0 $2 0 $4 0 $5 2005-03-29 $9 170186 $P 1.00 $b MED $c MED $e MED3C $f C0003669560 $h PENRSZZ $k FLRSON 17/1030 $o 2 $p 1.00 $r PRETSON $s FLRSON_171030_000000000000000 $w 0 $y 2014-06-30

