01855cam a2200421   4500
001 149883
003 http://www.mediathequederoubaix.fr/ark:/20179/KH149883
010    $a 2-7459-0522-8 $b br. $d 4 EUR
020    $a FR $b 00311088
033    $a http://catalogue.bnf.fr/ark:/12148/cb38981308h
035    $a FRBNF389813080000000
090    $a 149883
091    $b 20240511 $c 1 $a 2
099    $t LI $c 2014-06-30 $d 2024-05-11 $x 6
100    $a 20030404d2003    m  y0frey50      ba
101 0  $a fre
102    $a FR
105    $a ||||z   00|y|
106    $a r
181  0 $6 01 $a i  $b xxxe  
181    $6 02 $c txt $2 rdacontent
182  0 $6 01 $a n
182    $6 02 $c n $2 rdamedia
200 1  $a Aristote ou L'art d'être sage $b Texte imprimé $f Bertrand Vergely
210    $a Paris $c Milan $d 2003 $e 86-Ligugé $g Impr. Aubin
215    $a 63 p. $c ill., couv. ill. en coul. $d 18 cm
225    $a Les essentiels Milan $v 210
300    $a Bibliogr. p. 61-62. Index. Glossaire
330    $a Présente la philosophie d'Aristote, l'étendue de ses sujets de réflexion, sa place dans l'histoire de la philosophie grecque de l'Antiquité et son influence sur la pensée européenne dans de nombreux domaines.
339    $a m
410  0 $0 34290130 $t Les Essentiels Milan (Toulouse) $x 1272-4564 $v 210
600    $3 13091331 $9 11393 $a Aristote $f 0384-0322 av. J.-C. $3 12042895 $9 333 $x Critique et interprétation $2 rameau
676    $a 185 $v 23
686    $a 100 $2 Cadre de classement de la Bibliographie nationale française
700    $3 12302826 $9 2908 $o ISNI0000000109006263 $a Vergely $b Bertrand $f 1953-.... $4 070
801  0 $a FR $b FR-751131015 $c 20030404 $g AFNOR $h FRBNF389813080000000 $2 intermrc
999    $a FRBNF389813080000000
995    $0 0 $2 0 $4 0 $5 2005-03-29 $9 170454 $P 3.00 $b MED $c MED $e MED3A $f C0003707821 $h ACFPHZZ $k Doc./130 ARI $o 0 $p 3.00 $r PRETLIV $s DOC___130_000000000000000_ARI $w 18 $y 2020-08-06

