00824nj  a2200217   4500
001 150104
003 http://www.mediathequederoubaix.fr/ark:/20179/KH150104
005 20240511075353.0
035 00 $a HZ_RBX250618
071 0  $b Polydor $a 2056 954
090    $a 150104
091    $a 1 $b 20240511 $c 0
099    $t DV $c 2014-06-30 $d 2024-05-11 $x 0
100    $a 19               k  y0frey5003    ba
101    $a fre
200    $a Les corons $b Enr. sonore
339    $a m
700    $7 ba0yba0y $8 fre    $a Bachelet $b Pierre $f 1944-2005 $3 12114711 $9 3772
801  0 $a FR $b 595126101 $c 20050329 $g AFNOR
930    $5 595126101:C0003670189 $b 595126101 $a FLRSON 17/347 $e Fonds local et régional sonore
995    $0 0 $2 0 $4 0 $5 2005-03-29 $9 170696 $P 1.00 $b MED $c MED $e MED3C $f C0003670189 $h PENRSZZ $k FLRSON 17/347 $o 2 $p 1.00 $r PRETSON $s FLRSON_17347_000000000000000 $w 0 $y 2014-06-30

