01358ng  a2200289   4500
001 150287
003 http://www.mediathequederoubaix.fr/ark:/20179/KH150287
005 20220524073833.0
035 00 $a HZ_RBX250835
090    $a 150287
091    $a 0
099    $t VI $c 2014-06-30 $d 2022-05-24 $x 0
100    $a 19       2002    k  y0frey5003    ba
101    $a fre
200    $a Espace Grand Rue $b Vidéocasette $a Eldorado des grandes surfaces $e de l'émission M6 Lille : 19/20
210    $a Roubaix - Wasquehal $c M6 Lille $c F3 $d 2002
215    $a 1 vidéocassette (15mn) $c coul., sonore $d vhs
323    $a Avec : Joël Mouquet (Directeur de Géant hypermarché) ; Jean-Pierre Balduyck (Maire de Tourcoing) ; Camal Gallonj (Maître de conférence, sciences économiques) ; Christian Schwegler (Directeur de Carrefour Wasquehal)
339    $a m
607    $a Roubaix (Nord) $x Bandes vidéos $2 rameau
702 0  $9 199037 $a Mouquet $b Joël
702 0  $9 199038 $a Gallonj $b Camal
702 0  $9 199039 $a Schwegler $b Christian
702    $7 ba0yba0y $8 fre    $a Balduyck $b Jean-Pierre $f 1941-.... $9 48833
801  0 $a FR $b 595126101 $c 20070831 $g AFNOR
930    $5 595126101:C0003627437 $b 595126101 $a FL VHS/Image 375 $e Fonds local image
995    $0 0 $2 0 $4 0 $5 2005-03-29 $9 170891 $b MED $c MED $e MED3C $f C0003627437 $h PPAFIZZ $k FL VHS/Image 375 $o 2 $r PRETDVD $s FL_VHSIMAGE_375_00000000000000 $w 0 $y 2014-06-30

