01249nam a2200277   4500
001 150512
003 http://www.mediathequederoubaix.fr/ark:/20179/KH150512
005 20200630140207.0
035 00 $a HZ_RBX251111
090    $a 150512
091    $a 0
099    $t LI $c 2014-06-30 $d 2014-06-30 $x 0
100    $a 19       1953    k  y0frey5003    ba
101    $a fre
200    $a Tragédies en Flandres $e Lille, Roubaix, Tourcoing $e 1939-1944 $f Mgr. L. Détrez,..., Albert Chatelle,... $g préf. de M. le Maréchal Juin
210    $a Lille $c J. Tallandier $d 1953
215    $a 334 p.- [14] p. de dépl., [30] p. de pl. $c ill., couv. ill. $d 24 cm
339    $a m
606 0  $a Guerre mondiale (1939-1945) $y France $y Lille (Nord ; agglomération) $2 rameau
606 0  $a Guerre mondiale (1939-1945) $y France $y Roubaix (Nord) $2 rameau
701 0  $9 280308 $a Chatelle $b Albert
702 0  $9 178488 $4 080 $a Juin $b Alphonse-Pierre $c Maréchal $f 1888-1967
700    $a Détrez $b Lucien $f 1885-1956 $9 292732
801  0 $a FR $b 595126101 $c 20110126 $g AFNOR
930    $5 595126101:C0003694997 $b 595126101 $a MAG L/P 8/113 955 $e Fonds patrimonial
995    $0 0 $2 0 $4 0 $5 2005-03-29 $9 171143 $b MED $c MED $e MED3I $f C0003694997 $h PPEFGZZ $k MAG L/P 8/113 955 $o 2 $r PRETLIV $s MAG_LP_8113_955000000000000 $w 0 $y 2014-06-30

