01755cam a2200445   4500
001 150805
003 http://www.mediathequederoubaix.fr/ark:/20179/KH150805
010    $a 2-221-06456-9 $b br. $d 130 F
020    $a FR $b 09302261
033    $a http://catalogue.bnf.fr/ark:/12148/cb355401648
035    $a FRBNF355401640000003
039    $o OPL $a 014705821
090    $a 150805
091    $b 20240511 $c 1 $a 2
099    $t LI $c 2014-06-30 $d 2024-05-11 $x 7
100    $a 19921205d1992    m  y0frey50      ba
101 0  $a fre
102    $a FR
105    $a ||||z   00|a|
106    $a r
181  0 $6 01 $a i  $b xxxe  
181    $6 02 $c txt $2 rdacontent
182  0 $6 01 $a n
182    $6 02 $c n $2 rdamedia
200 1  $a Les quarante-cinq $b Texte imprimé $a suivi de Théâtre $e La reine Margot $e La dame de Monsoreau $f Alexandre Dumas $g éd. établie par Claude Schopp
210    $a Paris $c R. Laffont $d 1992 $e Impr. en Grande-Bretagne
215    $a VIII-1020 p. $c couv. ill. en coul. $d 20 cm
225 19 $a Les Grands romans d'Alexandre Dumas.
225    $a Bouquins
300    $a Contient un choix de documents
300    $a Bibliogr. p. 936-937 et 951-1014 . Index
339    $a m
410  0 $0 34228101 $t Bouquins (Paris) $x 0244-5913 $d 1992
676    $a 843.7 $v 22
686    $a 824 $2 Cadre de classement de la Bibliographie nationale française
700    $3 11901063 $9 3407 $o ISNI0000000121012885 $a Dumas $b Alexandre $f 1802-1870 $4 070
702    $3 11924113 $9 31747 $o ISNI000000011577762X $a Schopp $b Claude $f 1943-.... $4 340
801  0 $a FR $b FR-751131015 $c 19921205 $g AFNOR $h FRBNF355401640000003 $2 intermrc
999    $a FRBNF355401640000003
995    $0 1 $2 0 $4 1 $5 2005-03-30 $9 171361 $P 25.76 $b MED $c MED $e MED1A $f C0001623403 $h ALTROZZ $k R/DUM $o 4 $p 25.76 $r PRETLIV $s RDUM $w 14 $y 2023-10-11

