01514nam a2200397   4500
001 151150
003 http://www.mediathequederoubaix.fr/ark:/20179/KH151150
010    $a 2-905899-70-0 $b br. $d 140 F
020    $a FR $b 09611876
033    $a http://catalogue.bnf.fr/ark:/12148/cb35803960h
035    $a FRBNF358039600000005
039    $o OPL $a 021137358
090    $a 151150
091    $b 20240511 $c 1 $a 2
099    $t LI $c 2014-06-30 $d 2024-05-11 $x 1
100    $a 19960329d1995    m  y0frey50      ba
101 1  $a fre $c eng
102    $a FR
105    $a a   z   00|a|
106    $a r
181  0 $6 01 $a i  $b xxxe   $a b  $b xb2e  
181    $6 02 $c txt $c sti $2 rdacontent
182  0 $6 01 $a n
182    $6 02 $c n $2 rdamedia
200 1  $a Les malheurs de Lucia $b Texte imprimé $f E. F. Benson $g trad. de l'anglais par Bernard Delvaille
210    $a Paris $c Salvy $d 1995 $e 75-Paris $g Impr. SMI
215    $a 358 p. $d 20 cm
225 19 $a Le Cycle de Mapp et Lucia. $v 6
339    $a m
454  1 $t Trouble for Lucia
686    $a 823 $2 Cadre de classement de la Bibliographie nationale française
700    $3 11891295 $9 49259 $o ISNI0000000110263419 $a Benson $b Edward Frederic $f 1867-1940 $4 070
702    $3 11899460 $9 19077 $o ISNI0000000123215205 $a Delvaille $b Bernard $f 1931-2006 $4 730
801  0 $a FR $b FR-751131015 $c 19960329 $g AFNOR $h FRBNF358039600000005 $2 intermrc
999    $a FRBNF358039600000005
995    $0 0 $2 0 $4 0 $5 2005-03-30 $9 171573 $P 11.43 $b MED $c MED $e MED1A $f C0003078638 $h ALTROZZ $k R/BEN $o 0 $p 11.43 $r PRETLIV $s RBEN $w 5 $y 2022-10-05

