00857naa a2200229   4500
001 151557
005 20240513021040.0
035 00 $a HZ_RBX271952
090    $a 151557
091    $a 2 $b 20240513 $c 0
099    $t AP $c 2014-06-30 $d 2024-05-13 $x 0
100    $a 19               k  y0frey5003    ba
101    $a fre
200    $a Cinéma et histoire culturelle $f Michèle Lagny
215    $a P.7-16 $c ill., couv. ill. $d 25 cm
300    $a In : Cinémathèque = ISSN 1241-8153. - (1992/05)N1̊ P.7-16
339    $a m
493    $1 Cinémathèque : revue semestrielle d'esthétique et d'histoire du cinéma / réd. en chef Dominique Païni . $1 Cinémathèque française , 1992-.... .
606 00 $2 rameau $a Cinéma $x Aspect sociologique
676    $a 791.43
700 0  $7 ba0yba0y $8 fre    $3 11910675 $9 80553 $7 ba0yba0y $8 fre    $a Lagny $b Michèle
801  0 $a FR $b 595126101 $c 20070831 $g AFNOR

