00791naa a2200217   4500
001 151683
005 20240513021106.0
035 00 $a HZ_RBX272102
090    $a 151683
091    $a 2 $b 20240513 $c 0
099    $t AP $c 2014-06-30 $d 2024-05-13 $x 0
100    $a 19               k  y0frey5003    ba
101    $a fre
200    $a Traitement par les marionnettes dans le cadre d'un hôpital $f Mariano Dolci
215    $a 17 p.
300    $a In : Marionnette et thérapie : collection marionnette et thérapie = ISSN 0291-7416.- (1979)n5̊
339    $a m
493    $1 Marionnette et thérapie : collection marionnette et thérapie . $1 Association marionnette et thérapie , 1979- .
606 0  $a Marionnettes $x Emploi en thérapeutique $2 rameau
700 0  $a Dolci $b Mariano
801  0 $a FR $b 595126101 $c 20070903 $g AFNOR

