00803naa a2200217   4500
001 151793
005 20240513021530.0
035 00 $a HZ_RBX272216
090    $a 151793
091    $a 2 $b 20240513 $c 0
099    $t AP $c 2014-06-30 $d 2024-05-13 $x 0
100    $a 19               k  y0frey5003    ba
101    $a fre
200    $a La délation $e un archaïsme, une technique, un mode de gouvernement $f dir. par Nicole Czechowski et Jacques Hassoun
215    $a 237 p.
300    $a In : Autrement. série mutations = ISSN 0751-0144.- (1987-11)n9̊4
339    $a m
606    $7 ba0yba0y $8 fre    $a Dénonciations $3 12011705 $9 72672
702    $7 ba0yba0y $8 fre    $a Czechowski $b Nicole $3 12701644 $4 340 $9 69223
702 0  $7 ba0yba0y $8 fre    $a Hassoun $b Jacques $f 1936-1999 $3 11906986 $9 30883 $4 340
801  0 $a FR $b 595126101 $c 20070903 $g AFNOR

