00819naa a2200229   4500
001 151897
003 http://www.mediathequederoubaix.fr/ark:/20179/KH151897
005 20240513021555.0
035 00 $a HZ_RBX272320
090    $a 151897
091    $a 2 $b 20240513 $c 0
099    $t AP $c 2014-06-30 $d 2024-05-13 $x 0
100    $a 19               k  y0frey5003    ba
101    $a fre
200    $a Une ville face à la lèpre $e Lille à la fin du Moyen Age $f Denis Clauzel
215    $a [17] p.
300    $a In : Revue du Nord. Histoire = ISSN 0035-2624.- (1997-10/12)T.79-n3̊22, p. 921-938
339    $a m
606 0  $a Lèpre $y France $y Lille (Nord) $z Moyen âge $2 rameau
607    $a Lille (Nord) $z Moyen âge $2 rameau
700 0  $7 ba0yba0y $8 fre    $3 12597346 $9 80675 $7 ba0yba0y $8 fre    $a Clauzel $b Denis
801  0 $a FR $b 595126101 $c 20070831 $g AFNOR

