00860naa a2200229   4500
001 151999
003 http://www.mediathequederoubaix.fr/ark:/20179/KH151999
005 20240513021611.0
035 00 $a HZ_RBX272432
090    $a 151999
091    $a 2 $b 20240513 $c 0
099    $t AP $c 2014-06-30 $d 2024-05-13 $x 0
100    $a 19               k  y0frey5003    ba
101    $a fre
200    $a L'ouvrière dans les romans populaires du XIXe siècle $f Marie-Hélène Zylberberg-Hocquard
215    $a [32] p.
300    $a In : Revue du Nord. Histoire = ISSN 0035-2624.- (1981-07/09)T.63-n2̊50, p. 603-635
339    $a m
606 0  $2 rameau $a Classe ouvrière $x Dans la littérature
606 0  $2 rameau $a Travailleuses $x Dans la littérature
700    $7 ba0yba0y $8 fre    $a Zylberberg-Hocquard $b Marie-Hélène $f 1940-2018 $3 11929769 $9 23963
801  0 $a FR $b 595126101 $c 20070831 $g AFNOR

