01240naa a2200277   4500
001 152127
003 http://www.mediathequederoubaix.fr/ark:/20179/KH152127
005 20240513022031.0
035 00 $a HZ_RBX272573
090    $a 152127
091    $a 2 $b 20240513 $c 0
099    $t AP $c 2014-06-30 $d 2024-05-13 $x 0
100    $a 19               k  y0frey5003    ba
101    $a fre
200    $a Origines et évolution d'une bourgeoisie $e le patronat textile du bassin lillois $e 1789-1914 $e [1ere partie] $f J.A. Roy et J.L. Dansette
215    $a [21] p.
300    $a In : Revue du Nord. Histoire = ISSN 0035-2624.- (1957-01/03)T.39-n1̊53, p. 21-42
339    $a m
606 0  $2 rameau $a Bourgeoisie $y France $y Lille (Nord ; agglomération) $z 1789-1815
606 0  $2 rameau $a Chefs d'entreprise $y France $y Lille (Nord ; agglomération) $z 1789-1815
606 0  $2 rameau $a Bourgeoisie $y France $y Lille (Nord ; agglomération) $z 1870-1914
606 0  $2 rameau $a Chefs d'entreprise $y France $y Lille (Nord ; agglomération) $z 1870-1914
606 0  $2 rameau $a Textiles et tissus $y France $y Lille (Nord ; agglomération)
700 0  $a Roy $b Joseph-Antoine
701    $7 ba0yba0y $8 fre    $a Lambert-Dansette $b Jean $f 1927-.... $3 12235243 $9 27514
801  0 $a FR $b 595126101 $c 20070831 $g AFNOR

