00723naa a2200229   4500
001 152236
003 http://www.mediathequederoubaix.fr/ark:/20179/KH152236
005 20240513022045.0
035 00 $a HZ_RBX272695
090    $a 152236
091    $a 2 $b 20240513 $c 0
099    $t AP $c 2014-06-30 $d 2024-05-13 $x 0
100    $a 19               k  y0frey5003    ba
101    $a fre
200    $a Charles Verstraete vient de tourner "Nous irons à Paris" $f Trébor
215    $a [2] p. $c ill.
300    $a In : Nord France.- (1949-11-19)n4̊7, p. 16-17
339    $a m
493    $1 Nord France . $1 Nord France , 1944-1954 .
600    $a Verstraete $b Charles $c roubaisien $f 1924-....
700 0  $a Trébor
801  0 $a FR $b 595126101 $c 20070831 $g AFNOR

