00949naa a2200241   4500
001 152345
003 http://www.mediathequederoubaix.fr/ark:/20179/KH152345
005 20240513022059.0
035 00 $a HZ_RBX272811
090    $a 152345
091    $a 2 $b 20240513 $c 0
099    $t AP $c 2014-06-30 $d 2024-05-13 $x 0
100    $a 19               k  y0frey5003    ba
101    $a fre
200    $a Feu vert pour le centre de magasins d'usine Mc Arthur Glen à Roubaix $f Jean-François Garsmeur
215    $a [1] p. $c ill.
300    $a In : Journal du textile = ISSN 0293-0757.- (1997-11-24)n1̊518, p. 7
339    $a m
493    $1 Journal du textile / dir. de la publ. Lucien Abra . $1 Journal du textile , 1981- .
601 0  $a Mc Arthur Glen $c Roubaix, Nord $x Bandes vidéos $2 rameau
606    $7 ba0yba0y $8 fre    $a Magasins d'usine $3 12107419 $9 80736 $y France $y Roubaix (Nord) $2 rameau $9 80736
700 0  $a Garsmeur $b Jean-François
801  0 $a FR $b 595126101 $c 20070831 $g AFNOR

