00885naa a2200241   4500
001 152460
003 http://www.mediathequederoubaix.fr/ark:/20179/KH152460
005 20240513022456.0
035 00 $a HZ_RBX272943
090    $a 152460
091    $a 2 $b 20240513 $c 0
099    $t AP $c 2014-06-30 $d 2024-05-13 $x 0
100    $a 19               k  y0frey5003    ba
101    $a fre
200    $a Musée des beaux-arts de Lille $e entrez, c'est ouvert ! $f texte Françoise Objois $g photos Patrice Thomas, Matthieu Langrand
215    $a [5] p. $c ill. en coul.
300    $a In : Pays du Nord = ISSN 1263-8730.- (1997-07/08)N1̊8, p. 73-77
339    $a m
601 0  $7 ba0yba0y $8 fre    $a Musée des beaux-arts $c Lyon
700 0  $a Objois $b Françoise
702 0  $4 600 $a Langrand $b Matthieu
702    $7 ba0yba0y $8 fre    $a Thomas $b Patrice $f 1969-.... $3 12224036 $4 600 $9 80804
801  0 $a FR $b 595126101 $c 20070903 $g AFNOR

