00876naa a2200241   4500
001 152567
003 http://www.mediathequederoubaix.fr/ark:/20179/KH152567
005 20240513022516.0
035 00 $a HZ_RBX273092
090    $a 152567
091    $a 2 $b 20240513 $c 0
099    $t AP $c 2014-06-30 $d 2024-05-13 $x 0
100    $a 19               k  y0frey5003    ba
101    $a fre
200    $a La Côte belge en tramway $e voie royale $f texte Gilles Guillon $g photos Raphaël Baggio
215    $a [6] p. $c ill. en coul.
300    $a In : Pays du Nord = ISSN 1263-8730.- (1995-08/09)N6̊, p. 36-41
339    $a m
606 0  $a Tramways $y Belgique $2 rameau
606 0  $a Littoraux $y Belgique $2 rameau
700    $7 ba0yba0y $8 fre    $a Guillon $b Gilles $f 1961-.... $3 13629333 $9 58958
702    $7 ba0yba0y $8 fre    $a Baggio $b Raphaël $f 1909-.... $3 12309160 $4 600 $9 80803
801  0 $a FR $b 595126101 $c 20081202 $g AFNOR

