00957naa a2200241   4500
001 152679
003 http://www.mediathequederoubaix.fr/ark:/20179/KH152679
005 20240513022537.0
035 00 $a HZ_RBX273220
090    $a 152679
091    $a 2 $b 20240513 $c 0
099    $t AP $c 2014-06-30 $d 2024-05-13 $x 0
100    $a 19               k  y0frey5003    ba
101    $a fre
200    $a Manuel de Hohenstein, là où l'éternité s'est arrêtée $f de Christophe Huysman $g mise en scène de Pascale Spengler
215    $a [58] p. $c ill.
300    $a In : Avant-scène. Théâtre = ISSN 0045-1169.- (1994-04-15)n9̊48, p. 3-60
327    $a Christophe Huysman, poète de théâtre / par Michel Corvin
339    $a m
493    $1 L' Avant-scène. Théâtre / dir. de publ. Jacques Leclère . $1 Avant-Scène , 1961- .
676    $a 842
700 0  $7 ba0yba0y $8 fre    $3 12215271 $9 302003 $a Huysman $b Christophe $f 1964-.... $c roubaisien
801  0 $a FR $b 595126101 $c 20050330 $g AFNOR

