01029naa a2200253   4500
001 152812
003 http://www.mediathequederoubaix.fr/ark:/20179/KH152812
005 20240514055658.0
035 00 $a HZ_RBX273389
090    $a 152812
091    $a 2 $b 20240514 $c 0
099    $t AP $c 2014-06-30 $d 2024-05-14 $x 0
100    $a 19               k  y0frey5003    ba
101    $a fre
200    $a Roubaix $e le musée national saute dans le grand bain $f Robert Marmoz
215    $a [2] p. $c ill. en coul.
300    $a In : Le nouvel observateur = ISSN 0029-4713.- (1999-10-28)n&lt;U+00B0&gt;1825, p. 130-132
327    $a Entretien avec le conservateur Bruno Godichon
339    $a m
493    $1 Le Nouvel observateur . $1 Le Nouvel observateur , 1964- .
600    $2 rameau $7 ba0yba0y $8 fre    $a Gaudichon $b Bruno $f 1956-.... $3 11904318 $x Entretiens $9 2672
601    $7 ba0yba0y $8 fre    $a La Piscine-Musée d'art et d'industrie André Diligent $c Roubaix, Nord $3 12063860 $2 rameau $9 76305
700 0  $a Marmoz $b Robert
801  0 $a FR $b 595126101 $c 20120515 $g AFNOR

