01067naa a2200253   4500
001 152955
003 http://www.mediathequederoubaix.fr/ark:/20179/KH152955
005 20240514055720.0
035 00 $a HZ_RBX273552
090    $a 152955
091    $a 2 $b 20240514 $c 0
099    $t AP $c 2014-06-30 $d 2024-05-14 $x 0
100    $a 19               k  y0frey5003    ba
101    $a fre
200    $a Bach $e l'homme qui tutoyait Dieu $f conçu par Bernard Mérigaud et Gilles Macassar
215    $a 98 p. $c ill. en noir et en coul., couv. ill.
300    $a In : Télérama hors-série = ISSN 0291-5979.- (2000-03)n ̊96H
327    $a Bach annales $a Play bach $a Bach élite $a Variations sur le thème de Bach $a Bach à disques
339    $a m
493    $1 Télérama hors-série / dir. de publ. Pierre Bérard . $1 Télérama SA , 1981- .
600    $3 11889790 $7 ba0yba0y $8 fre    $a Bach $b Johann Sebastian $f 1685-1750 $9 680
700    $7 ba0yba0y $8 fre    $a Mérigaud $b Bernard $3 12303699 $9 28990
701    $7 ba0yba0y $8 fre    $a Macassar $b Gilles $3 12303700 $9 28989
801  0 $a FR $b 595126101 $c 20070831 $g AFNOR

