01405naa a2200253   4500
001 153057
003 http://www.mediathequederoubaix.fr/ark:/20179/KH153057
005 20240514060140.0
035 00 $a HZ_RBX273658
090    $a 153057
091    $a 2 $b 20240514 $c 0
099    $t AP $c 2014-06-30 $d 2024-05-14 $x 0
100    $a 19       1995    k  y0frey5003    ba
101    $a fre
200    $a Seat Ibiza "93" - Cordoba $e Moteurs essence 1,05 l, 1,3 l, 1,4 l, 1,6 l, 1,8 l, 1,8 l 16 soupapes et 2,0 l, moteur Diesel 1,9 l atmo et turbo, berlines 3, 4 et 5 portes
210    $a Paris $c Société nationale des experts en automobile et matériel industriel de France et du marché commun $d 1995
215    $a 200 p. $c ill. en noir et en coul., couv. ill. en coul. $d 30 cm
300    $a In : L'expert automobile = ISSN 0755-110X. - (01/1995)
339    $a m
493    $1 L'Expert automobile : revue pratique de technique automobile / dir. de la publ. S. Barataud . $1 Société nationale des experts en automobile et matériel industriel de France et du marché commun , 1965-.... .
606    $2 rameau $7 ba0yba0y $8 fre    $7 ba0yba0y $8 fre    $a Seat Ibiza (automobile) $3 12494153 $9 80969 $x Entretien et réparations $x Périodiques
606    $2 rameau $7 ba0yba0y $8 fre    $7 ba0yba0y $8 fre    $a Seat Cordoba (automobile) $3 12494159 $9 80968 $x Entretien et réparations $x Périodiques
676    $a 629.22
801  0 $a FR $b 595126101 $c 20070831 $g AFNOR

