01107na  a2200289   4500
001 153181
003 http://www.mediathequederoubaix.fr/ark:/20179/KH153181
005 20240514060219.0
035 00 $a HZ_RBX273834
090    $a 153181
091    $a 2 $b 20240514 $c 0
099    $t LI $c 2014-06-30 $d 2024-05-14 $x 0
100    $a 19       1998    k  y0frey5003    ba
101    $a fre
200    $a Mois $h 5 $i Mai $f Dominique Ruiz $g Jean Paul Ruiz
210    $a Saint-Aulaire (Corrèze) $b Le Roc, 19130 SAINT-AULAIRE $c J.-P. Ruiz $d 1998
215    $a [26] p. $c ill. $d 17 cm
300    $a Peinture
307    $a Journal du mois de mai
307    $a Peintures de légumes réalisées avec des légumes disponible en mai
339    $a m
517    $a Mai
700    $7 ba0yba0y $8 fre    $a Ruiz $b Dom $f 1950-.... $3 13529169 $9 62730
701    $7 ba0yba0y $8 fre    $a Ruiz $b Jean-Paul $f 1954-.... $3 12134758 $9 280061
801  0 $a FR $b 595126101 $c 20051217 $g AFNOR
959    $a Catalogue des livres précieux
995    $0 0 $2 0 $4 0 $5 2005-03-30 $9 171999 $P 30.49 $b MED $c MED $e MED3G $f C0001807269 $h AAPPRLP $k Li Pr/446 $o 0 $p 30.49 $r PRETLIV $s LI_PR446 $w 0 $y 2014-06-30

