00864naa a2200241   4500
001 153289
003 http://www.mediathequederoubaix.fr/ark:/20179/KH153289
005 20240514060249.0
035 00 $a HZ_RBX273957
090    $a 153289
091    $a 2 $b 20240514 $c 0
099    $t AP $c 2014-06-30 $d 2024-05-14 $x 0
100    $a 19               k  y0frey5003    ba
101    $a fre
200    $a La mouise en filature $f Frédéric Strauss
215    $a [3] p. $c ill.
300    $a In : Télérama = ISSN 0040-2699.- (2000-09-06)n2̊643, p. 80-82
339    $a m
493    $1 Télérama / dir. de la réd. Pierre Berard . $1 Télérama , 1980- .
600    $2 rameau $a Vincent $b Christian $f 1955-.... $x Entretiens
606 0  $2 rameau $a Cinéma $y France $y Roubaix (Nord)
700    $7 ba0yba0y $8 fre    $a Strauss $b Frédéric $f 1964-.... $3 12983111 $9 73842
801  0 $a FR $b 595126101 $c 20070831 $g AFNOR

