01699nam a22004213  4500
001 153399
003 http://www.mediathequederoubaix.fr/ark:/20179/KH153399
010    $a 2-221-07837-3 $b Br. $d 24.5 EUR
033    $a http://catalogue.bnf.fr/ark:/12148/cb434526838
035    $a FRBNF434526830000003
039    $o ALS $a 0642804
073  0 $a 9782221078372
090    $a 153399
091    $a 2 $b 20240514 $c 1
099    $t LI $c 2014-06-30 $d 2024-05-14 $x 1
100    $a 19940101d2000    a  y0frey50      ba
101 0  $a fre
102    $a FR
105    $a ||||z   00|y|
106    $a r
181  0 $6 01 $a i  $b xxxe  
181    $6 02 $c txt $2 rdacontent
182  0 $6 01 $a n
182    $6 02 $c n $2 rdamedia
200 1  $a Histoire universelle des chiffres $b Texte imprimé $f Georges Ifrah $h 2
205    $a Réimpr.
210    $a Paris $c R. Laffont $d 2000
215    $a 1024 p. $d 20 x 14 cm
225    $a Bouquins $f Daniel Rondeau $x 0244-5913
339    $a m
410  0 $0 34228101 $t Bouquins (Paris) $x 0244-5913
606    $3 12307788 $9 41070 $a Chiffres $3 11934444 $9 494 $x Histoire $2 rameau
608    $a Documentaires : sciences et techniques $2 CNLJ $k Avis critique donné par le Centre national de la littérature pour la jeunesse
608    $a Ouvrages de référence $2 CNLJ $k Avis critique donné par le Centre national de la littérature pour la jeunesse
700    $3 11908170 $9 21173 $o ISNI0000000081749419 $a Ifrah $b Georges $4 070
801  0 $a FR $b FR-751131015 $c 19940101 $g AFNOR $h FRBNF434526830000003 $2 intermrc
999    $a FRBNF434526830000003
995    $0 0 $2 0 $4 0 $5 2005-03-30 $9 172026 $P 22.71 $b MED $c MED $e MED3E $f C0003051335 $h ACFSCZZ $k Mag. in- 8/46 099 $o 0 $p 22.71 $r PRETLIV $s MAG___IN_8_460000000000000_099 $w 9 $y 2023-10-28

