02610cas a2200541   4500
001 153527
003 http://www.mediathequederoubaix.fr/ark:/20179/KH153527
011 0  $a 1292-3303 $f 1292-3303 $d le n° (accompagné d'un dossier) 78 F $d abonn. 290 F (325 F pour les DOM-TOM et l'étranger)
020    $a FR $b 19901560
033    $a http://catalogue.bnf.fr/ark:/12148/cb36949253w
035    $a FRBNF369492530000009
039    $o OPL $a 024144393
039    $o OPP $a 41869610 $d 20150320
090    $a 153527
091    $b 20240514 $c 1 $a 2
099    $t AP $c 2014-06-30 $d 2024-05-14 $x 0
100    $a 19990121b19982005m  y0frey50      ba
101 0  $a fre
102    $a FR
106    $a r
110    $a mh|z|||||||
181  0 $6 01 $a i  $b xxxe   $a b  $b xb2e  
181    $6 02 $c txt $c sti $2 rdacontent
182  0 $6 01 $a n
182    $6 02 $c n $2 rdamedia
200 1  $a DBD $b Texte imprimé $e Les dossiers de la bande dessinée $e revue trimestrielle du collectionneur BD $f [dir. publ. Benoît Fabre]
207  0 $a N° 1 (novembre 1998)-?
210    $a Paris $b 4 rue Crétet, 75009 $c DBD $d 1998-2005
215    $c Ill. $d 30 cm $e album cartonné (31 cm)
300    $a Chaque n°, constituant la partie magazine, est accompagné d'un dossier cartonné ne pouvant être vendu séparément et portant la mention "cahier n° 2"
300    $a Dernier n° reçu au titre du dépôt légal : n° 27 (2005, juin)
304    $a Puis dir. publ. : Frédéric Bosser
325 11 $t DBD. Les dossiers de la bande dessinée (Reproduction numérique) $x 2827-4237 $b Reproduction numérique $u https://gallicaintramuros.bnf.fr/ark:/12148/cb36949253w/date $d Bibliothèque nationale de France
339    $a m
440  1 $0 40030259 $t Bulldozer (Paris. 2005) $x 1775-0652
456  1 $t DBD. Les dossiers de la bande dessinée (Reproduction numérique) $x 2827-4237 $u https://gallicaintramuros.bnf.fr/ark:/12148/cb36949253w/date $n Bibliothèque nationale de France
488  1 $0 37143080 $t Les Dossiers de DBD $x 1623-8761
493    $1 Les dossiers de la bande dessinée / dir. de la publication Frédéric Bosser . $1 Dossiers de la bande dessinée , 1998-.... .
530 0  $a DBD. Les dossiers de la bande dessinée
531    $a DBD, doss. bande dessin.
532 13 $a Dossiers de la bande dessinée
676    $a 054.108 3 $v 23
676    $a 741.508 305 $v 23
686    $a 805 $2 Cadre de classement de la Bibliographie nationale française
702    $3 16809678 $9 289332 $o ISNI0000000432231540 $a Bosser $b Frédéric $4 651
801  0 $a FR $b FR-751131015 $c 19990121 $g AFNOR $h FRBNF369492530000009 $2 intermrc
802    $a 07
999    $a FRBNF369492530000009

