02017nam a2200457   4500
001 153671
003 http://www.mediathequederoubaix.fr/ark:/20179/KH153671
010    $a 2-13-052607-1 $b br. $d 31 EUR
020    $a FR $b 00210811
033    $a http://catalogue.bnf.fr/ark:/12148/cb38809369t
035    $a FRBNF388093690000000
090    $a 153671
091    $b 20240514 $c 1 $a 2
099    $t LI $c 2014-06-30 $d 2024-05-14 $x 2
100    $a 20020328d2002    m  y0frey50      ba
101 0  $a fre
102    $a FR
105    $a ||||z   00|y|
106    $a r
181  0 $6 01 $a i  $b xxxe  
181    $6 02 $c txt $2 rdacontent
182  0 $6 01 $a n
182    $6 02 $c n $2 rdamedia
200 1  $a Le monde hellénistique $e la Grèce et l'Orient de la mort d'Alexandre à la conquête romaine de la Grèce $e 323-146 av. J.-C. $h Tome 2 $b Texte imprimé $f Claire Préaux
205    $a 4e éd.
210    $a Paris $c Presses universitaires de France $d 2002 $e 41-Vendôme $g Impr. des PUF
215    $a P. 402-830 $c cartes, couv. ill. $d 22 cm
225    $a Nouvelle Clio $x [0768-2379]
300    $a Bibliogr. p. 685-751. Index
300    $a L'ouvrage porte par erreur : ISSN 1768-2379
330    $a Aborde l'histoire de la Grèce et de l'Orient de 323 à 146 avant Jésus-Christ. Ouvrage de référence pour les universitaires, les historiens et les littéraires.
339    $a m
410  0 $0 34234702 $t Nouvelle Clio $x 0768-2379 $d 2002
606    $3 11947472 $9 10362 $a Civilisation hellénistique $2 rameau
607    $3 11973751 $9 29709 $a Royaumes hellénistiques $2 rameau
676    $a 938.08 $v 23
686    $a 930 $2 Cadre de classement de la Bibliographie nationale française
700    $3 11920567 $9 81188 $o ISNI0000000121360150 $a Préaux $b Claire $f 1904-1979 $4 070
801  0 $a FR $b FR-751131015 $c 20020328 $g AFNOR $h FRBNF388093690000000 $2 intermrc
999    $a FRBNF388093690000000
995    $0 0 $2 0 $4 0 $5 2005-03-30 $9 172183 $P 24.00 $b MED $c MED $e MED3A $f C0003363871 $h ACFHSZZ $k Doc./928 ABC $o 0 $p 24.00 $r PRETLIV $s DOC___928_000000000000000_ABC $w 6 $y 2019-11-29

