01573na  a2200325   4500
001 153946
003 http://www.mediathequederoubaix.fr/ark:/20179/KH153946
005 20240514061329.0
010    $a 2-266-10562-0 $d 21.19 EUR.
035 00 $a HZ_RBX274913
090    $a 153946
091    $a 2 $b 20240514 $c 0 $s http://www.sudoc.fr/070216940 $m 3
099    $t LI $c 2014-06-30 $d 2024-05-14 $x 4
100    $a 19       2001    k  y0frey5003    ba
101    $a fre
200    $a La rédemption d'Althalus $h 2 $i Les trois grimoires $f David et Leigh Eddings $f trad. de l'américain Isabelle Troin
210    $a Paris $c Pocket $d 2001
215    $a 452 p. $d 21 x 14 cm
225    $a La rédemption d'Althalus $v 2
225 0  $a Rendez-vous ailleurs $x 1275-1057
330    $a Pour échapper à la potence, Althalus est chargé de s'introduire dans la Maison au bout du monde et de récupérer le mythique grimoire de Deiwos. Il ne pourra ressortir de la maison qu'après avoir lu le grimoire et compris les enseignements. Mais il ne sais pas lire...
339    $a m
410    $t La rédemption d'Althalus $v 2
410    $t Rendez-vous ailleurs $x 1275-1057
517    $a Les trois grimoires
700    $7 ba0yba0y $8 fre    $a Eddings $b David $f 1931-2009 $3 12169001 $4 070 $9 66535
701    $7 ba0yba0y $8 fre    $a Eddings $b Leigh $f 1937-.... $3 13342306 $4 070 $9 66534
702    $7 ba0yba0y $8 fre    $a Troin $b Isabelle $3 12525089 $4 730 $9 3089
801  0 $a FR $b 595126101 $c 20051114 $g AFNOR
995    $0 0 $2 0 $4 0 $5 2005-03-30 $9 172334 $P 21.19 $b MED $c MED $e MED1A $f C0003449952 $h ALTIGFA $k FAN/EDD $o 0 $p 21.19 $r PRETLIV $s FAN_EDD $w 19 $y 2022-08-24

