01064naa a2200265   4500
001 154090
003 http://www.mediathequederoubaix.fr/ark:/20179/KH154090
005 20220927041808.0
035 00 $a HZ_RBX275103
090    $a 154090
091    $a 0
099    $t LI $c 2014-06-30 $d 2022-09-27 $x 0
100    $a 19       1910    k  y0frey5003    ba
101    $a fre
200    $a Les fleurs du mal $f Charles Baudelaire $g compositions par Georges Rochegrosse
210    $a Paris $c A. Ferroud $d 1910
215    $a 292 p. $c front.,ill, grav. $d 23 cm
300    $a Inventaire ENSAIT N9̊250
339    $a m
700    $4 070 $7 ba0yba0y $8 fre    $a Baudelaire $b Charles $f 1821-1867 $9 451
702 0  $9 289055 $a Rochegrosse $b Georges Antoine $f 1859-1938
702    $9 166363 $4 320 $a Destombes $b Pierre $c roubaisien $f 1846-1915
801  0 $a FR $b 595126101 $c 20121109 $g AFNOR
930    $5 595126101:C0003559171 $b 595126101 $a LD/1750 $e Fonds patrimonial; legs Destombes
995    $0 0 $2 0 $4 0 $5 2005-03-30 $9 172414 $b MED $c MED $e MED3T $f C0003559171 $h PPELGZZ $k LD/1750 $o 2 $r PRETLIV $s LD_1750_000000000000000 $w 0 $y 2014-06-30

