00898naa a2200241   4500
001 154215
003 http://www.mediathequederoubaix.fr/ark:/20179/KH154215
005 20240514061836.0
035 00 $a HZ_RBX275256
090    $a 154215
091    $a 2 $b 20240514 $c 0
099    $t AP $c 2014-06-30 $d 2024-05-14 $x 0
100    $a 19               k  y0frey5003    ba
101    $a fre
200    $a L'espace Grand-Rue à Roubaix peine à démarrer $f Thierry Butzbach
215    $a [1] p. $c ill. en coul.
300    $a In : Journal du textile = ISSN 0293-0757.- (2003-06-23)n1̊754, p. 10
339    $a m
493    $1 Journal du textile / dir. de la publ. Lucien Abra . $1 Journal du textile , 1981- .
601 0  $a Espace Grand-Rue $c Roubaix, Nord
606 0  $2 rameau $a Commerce $y France $y Roubaix (Nord)
700    $7 ba0yba0y $8 fre    $a Butzbach $b Thierry $f 1965-.... $3 16138588 $9 81343
801  0 $a FR $b 595126101 $c 20070831 $g AFNOR

