01631cam a2200409   4500
001 154372
003 http://www.mediathequederoubaix.fr/ark:/20179/KH154372
010    $a 2-265-07185-4 $b t. 1
010    $a 2-265-07290-7 $b t. 2 $b br. $d 21 EUR $b le vol.
020    $a FR $b 00347974
033    $a http://catalogue.bnf.fr/ark:/12148/cb391040582
035    $a FRBNF391040580000000
090    $a 154372
091    $b 20240514 $c 1 $a 2
099    $t LI $c 2014-06-30 $d 2024-05-14 $x 2
100    $a 20031212d2003    m  y0frey50      ba
101 1  $a fre $c eng
102    $a FR
105    $a ||||z   00|a|
106    $a r
181  0 $6 01 $a i  $b xxxe  
181    $6 02 $c txt $2 rdacontent
182  0 $6 01 $a n
182    $6 02 $c n $2 rdamedia
200 1  $a Perdido street station $b Texte imprimé $f China Miéville $g trad. de l'anglais par Nathalie Mège
210    $a Paris $c Fleuve noir $d 2003 $e 18-Saint-Amand-Montrond $g Bussière Camedan impr.
215    $a 2 vol. (367, 453 p.) $c couv. ill. en coul. $d 21 cm
225    $a Rendez-vous ailleurs
339    $a m
410  0 $0 34291156 $t Rendez-vous ailleurs $x 1275-1057 $d 2003
454  1 $t Perdido street station
686    $a 803 $2 Cadre de classement de la Bibliographie nationale française
700    $3 14514267 $9 81407 $o ISNI0000000107869794 $a Miéville $b China $f 1972-.... $4 070
702    $3 12946701 $9 44133 $o ISNI0000000121203622 $a Mège $b Nathalie $4 730
801  0 $a FR $b FR-751131015 $c 20031212 $g AFNOR $h FRBNF391040580000000 $2 intermrc
999    $a FRBNF391040580000000
995    $0 0 $2 0 $4 0 $5 2005-03-30 $9 172537 $P 21.00 $b MED $c MED $e MED1A $f C0003755484 $h ALTIGSF $k SF/MIE $o 0 $p 21.00 $r PRETLIV $s SFMIE $w 13 $y 2019-01-05

