02177cam a2200469   4500
001 154483
003 http://www.mediathequederoubaix.fr/ark:/20179/KH154483
010    $b Br. $d 19 EUR
020    $a FR $b 00508774
033    $a http://catalogue.bnf.fr/ark:/12148/cb39265532d
035    $a FRBNF392655320000000
090    $a 154483
091    $b 20240514 $c 1 $a 2
099    $t AP $c 2014-06-30 $d 2024-05-14 $x 0
100    $a 20041026d2004    m  h0frey50      ba
101 0  $a fre
102    $a FR
105    $a ||||z   00|y|
106    $a r
181  0 $6 01 $a i  $b xxxe  
181    $6 02 $c txt $2 rdacontent
182  0 $6 01 $a n
182    $6 02 $c n $2 rdamedia
200 1  $a Avenirs de la recherche et de l'innovation en France $b Texte imprimé $f [Opération FutuRIS-Recherche innovation société] $g sous la dir. de Jacques Lesourne, Alain Bravo et Denis Randet
210    $a Paris $c la Documentation française $d 2004 $e Paris $g Journaux officiels impr.
215    $a 342 p. $c ill., couv. ill. $d 24 cm
225    $a Les études de la Documentation française $x 1763-6191 $v 5200
339    $a m
410  0 $0 39159886 $t Les Études de la Documentation française $x 1763-6191 $v 5200
493    $1 Les Etudes de la documentation française / dir. Pierre-Alain Greciano . $1 Documentation française , 2004- .
606    $3 11959390 $9 81449 $a Recherche technique $3 11931476 $9 109 $y France $2 rameau
606    $3 11941533 $9 275578 $a Recherche industrielle $3 11931476 $9 109 $y France $2 rameau
606    $3 12026810 $9 275579 $a Politique publique d'innovation $3 11931476 $9 109 $y France $2 rameau
606    $3 11939593 $9 1565 $a Innovation $3 12043784 $9 11705 $x Aspect économique $3 11931476 $9 109 $y France $2 rameau
676    $a 607.244 $v 23
686    $a 600 $2 Cadre de classement de la Bibliographie nationale française
702    $3 11912686 $9 24994 $o ISNI0000000110589048 $a Lesourne $b Jacques $f 1928-2020 $4 651
702    $3 14607868 $9 81450 $o ISNI0000000049186281 $a Bravo $b Alain $4 651
702    $3 14520223 $9 81451 $o ISNI0000000048629968 $a Randet $b Denis $f 1940-.... $4 651
710    $3 14607484 $9 275580 $a FUTURIS $4 070
801  0 $a FR $b FR-751131015 $c 20041026 $g AFNOR $h FRBNF392655320000000 $2 intermrc
999    $a FRBNF392655320000000

