01209nc  a2200277   4500
001 154595
003 http://www.mediathequederoubaix.fr/ark:/20179/KH154595
005 20240514062337.0
035 00 $a HZ_RBX275703
090    $a 154595
091    $a 2 $b 20240514 $c 0
099    $t PA $c 2014-06-30 $d 2024-05-14 $x 0
100    $a 19       1947    k  y0frey5003    ba
101    $a fre
200    $a Quintet $b musique imprimée $e opus 39 $e for obœ, clarinet,violin,viola and double bass $f Serge Prokofieff
210    $a London $c Boosey & Hawkes $d cop. 1947
215    $a 1 partition (52 p.) $d 19 cm
225 0  $a Hawkes pocket scores $v 891
301    $a B.&H. 20243
339    $a m
410    $t Hawkes pocket scores $v 891
606    $2 rameau $a Musique $y Russie $z 20e siècle $x Partitions
606    $2 rameau $7 ba0yba0y $8 fre    $7 ba0yba0y $8 fre    $a Quintettes (clarinette, hautbois, violon, alto, contrebasse) $3 12323023 $9 81467 $x Partitions
700    $7 ba0yba0a $8 frerus $a Prokofʹev $b Sergej Sergeevič $f 1891-1953 $3 13898702 $9 284984
801  0 $a FR $b 595126101 $c 20101012 $g AFNOR
995    $0 0 $2 0 $4 0 $5 2005-03-30 $9 172588 $P 20.00 $b MED $c MED $e MED3C $f C0002256445 $h AMV30ZZ $k PA/3 PRO/15.75 $o 0 $p 20.00 $r PRETPAR $s PA_3_PRO15_750000000000000 $w 4 $y 2014-06-30

