00505nas a2200181   4500
001 154704
003 http://www.mediathequederoubaix.fr/ark:/20179/KH154704
005 20160124230731.0
035 00 $a HZ_RBX275826
090    $a 154704
091    $a 0
099    $t PE $c 2014-06-30 $d 2014-06-30 $x 0
100    $a 19               k  y0frey5003    ba
101    $a fre
200    $a Polychromie $e la musique au présent,les musiques au pluriel
210    $a Villeneuve d'Ascq
339    $a m
801  0 $a FR $b 595126101 $c 20050330 $g AFNOR

