01351ns aa2200289  44500
001 154814
003 http://www.mediathequederoubaix.fr/ark:/20179/KH154814
005 20170518172123.0
011    $a 1147-727X
033    $a http://catalogue.bnf.fr/ark:/12148/cb344253095
035 00 $a HZ_RBX275950
090    $a 154814
091    $a 0
099    $t PE $c 2014-06-30 $d 2014-06-30 $x 0
100    $a 19       1990    k  y0frey5003    ba
101    $a fre
200    $a Ecrire aujourd'hui $e la magazine de l'écriture et de l'édition
210    $a Cholet (Maine-et-Loire) $c Ecrire aujourd'hui $d 1990
326    $a Bimestriel
339    $a m
488    $1 Ecrire magazine : écriture et édition / dir. de publ. A. Berthelot, V. Bouadjio . $1 Ecrire aujourd'hui , 2001- .
530    $a Ecrire aujourd'hui $b Paris $b Cholet
801  0 $a FR $b 595126101 $c 20050330 $g AFNOR
955    $r Bimestriel  (1995-2004)
995    $0 0 $2 0 $4 0 $5 2005-03-30 $9 174654 $P 4.27 $b MED $c MED $e MED1A $f C0002843365 $h P17 $k PERIODIQUE $o 0 $p 4.27 $r PRETPER $s PERIODIQUE $v No 62 Nov 2000 $w 0 $y 2014-06-30
995    $0 0 $2 0 $4 0 $5 2005-03-30 $9 174655 $P 4.27 $b MED $c MED $e MED1A $f C0002532621 $h P17 $k PERIODIQUE $o 0 $p 4.27 $r PRETPER $s PERIODIQUE $v No 52 Mar 1999 $w 2 $y 2014-06-30
995    $0 0 $2 0 $4 0 $5 2005-03-30 $9 174656 $P 4.27 $b MED $c MED $e MED1A $f C0002470502 $h P17 $k PERIODIQUE $o 0 $p 4.27 $r PRETPER $s PERIODIQUE $v No 50 Nov 1998 $w 0 $y 2014-06-30

