00654nas a2200229   4500
001 154921
003 http://www.mediathequederoubaix.fr/ark:/20179/KH154921
005 20170518172125.0
011    $a 0084-6473
033    $a http://catalogue.bnf.fr/ark:/12148/cb34349696z
035 00 $a HZ_RBX276066
090    $a 154921
091    $a 0
099    $t PE $c 2014-06-30 $d 2014-06-30 $x 0
100    $a 19       1960    k  y0frey5003    ba
101    $a fre
200    $a L'année balzacienne
210    $a Paris $c Garnier $d 1960-
326    $a Annuel
339    $a m
801  0 $a FR $b 595126101 $c 20050330 $g AFNOR
955    $r 1961-1962, 1964-1966, 1969, 1971-1972, 1974-1977, 1980 

