00871nas a2200289   4500
001 155124
003 http://www.mediathequederoubaix.fr/ark:/20179/KH155124
005 20170518172137.0
011    $a 0292-2614
033    $a http://catalogue.bnf.fr/ark:/12148/cb34369898m
035 00 $a HZ_RBX276279
090    $a 155124
091    $a 0
099    $t PE $c 2014-06-30 $d 2014-06-30 $x 0
100    $a 19       1981    k  y0frey5003    ba
101    $a fre
200    $a Triolo $f dir. de publ. Michel Normand
210    $a Paris $c Fleurus $d 1981-1993
300    $a Fusion de "Djin" et de "Formule 1"
326    $a Bimestriel
339    $a m
494    $1 Les géants du Nord / Monique Amiel, Joëlle Savey .
494    $1 Balade en hauts de France .
530    $a Triolo $b Paris
702  1 $9 200293 $4 651 $a Normand $b Michel
801  0 $a FR $b 595126101 $c 20090131 $g AFNOR
955    $r 1985(96) 

