00627nas a2200217   4500
001 155224
003 http://www.mediathequederoubaix.fr/ark:/20179/KH155224
005 20170518172138.0
011    $a 0292-7721
033    $a http://catalogue.bnf.fr/ark:/12148/cb34370282m
035 00 $a HZ_RBX276380
090    $a 155224
091    $a 0
099    $t PE $c 2014-06-30 $d 2014-06-30 $x 0
100    $a 19               k  y0frey5003    ba
101    $a fre
200    $a Terminal 19-84
210    $a Paris $c Centre d'information et d'initiative sur l'informatisation
326    $a 3 par semaine
339    $a m
801  0 $a FR $b 595126101 $c 20050330 $g AFNOR

