00616nas a2200229   4500
001 155325
003 http://www.mediathequederoubaix.fr/ark:/20179/KH155325
005 20170518172139.0
011    $a 0982-7757
033    $a http://catalogue.bnf.fr/ark:/12148/cb34401744d
035 00 $a HZ_RBX276482
090    $a 155325
091    $a 0
099    $t PE $c 2014-06-30 $d 2014-06-30 $x 0
100    $a 19       1987    k  y0frey5003    ba
101    $a fre
200    $a Le chardon
210    $a Paris $c Chardon $d 1987-1987
326    $a Hebdomadaire
339    $a m
530    $a Le Charbon $b Paris
801  0 $a FR $b 595126101 $c 20050330 $g AFNOR

