00631nas a2200217   4500
001 155428
003 http://www.mediathequederoubaix.fr/ark:/20179/KH155428
005 20160125030342.0
035 00 $a HZ_RBX276588
090    $a 155428
091    $a 0
099    $t PE $c 2014-06-30 $d 2014-06-30 $x 0
100    $a 19       1987    k  y0frey5003    ba
101    $a por
200    $a Falcao do Minho $f director Joao Fernandes
210    $a Braga (Portugal) $c Editorial Regiminho $d 1987-
326    $a Hebdomadaire
339    $a m
702 0  $9 200347 $4 340 $a Fernandes $b Joao
801  0 $a FR $b 595126101 $c 20050330 $g AFNOR
955    $r Hebdomadaire  (Année 1999)

