01062nas a2200253   4500
001 155530
003 http://www.mediathequederoubaix.fr/ark:/20179/KH155530
005 20220825065130.0
035 00 $a HZ_RBX276691
090    $a 155530
091    $a 0
099    $t PE $c 2014-06-30 $d 2022-08-25 $x 0
100    $a 19       1996    k  y0frey5003    ba
101    $a fre
200    $a Brèves d'Europe en Nord-Pas-de Calais $e la lettre d'information européenne du conseil régional $f Région Nord-Pas-de Calais $g dir. de la publ. Jean-Marie Ernecq
210    $a Lille $c Conseil régional du Nord-Pas-de-Calais $d 1996-
326    $a Bimestriel
339    $a m
607    $9 144221 $a Nord-Pas-de-Calais (France) $x Relations extérieures $y Europe $x Périodiques
607    $9 144222 $a Nord-Pas-de-Calais (France) $x Crédits budgétaires et dépenses $x Périodiques
702 0  $9 167892 $4 651 $a Ernecq $b Jean-Marie
710    $7 ba0yba0y $8 fre    $a Nord-Pas-de-Calais $b Conseil régional $9 118909
801    $a FR $b 595126101 $c 20070831 $g AFNOR
955    $r Bimestriel  (1995-2004) ; N° 23 (Juillet 2006) 

