01291nas a2200301   4500
001 155633
003 http://www.mediathequederoubaix.fr/ark:/20179/KH155633
005 20220927020023.0
035 00 $a HZ_RBX276804
090    $a 155633
091    $a 0
099    $t PE $c 2014-06-30 $d 2022-09-27 $x 0
100    $a 19       1989    k  y0frey5003    ba
101    $a fre
200    $a [Mèmed le Mince] $f Yachar Kemal
210    $a Paris $c Gallimard $d ....-1989
215    $a 4 vol.
225 0  $a Du monde entier
327    $a Mèmed le Mince $a Mèmed le faucon $a Le retour de Mèmed le Mince $a Le dernier combat de Mèmed le Mince
339    $a m
410    $t Du monde entier
494    $1 Mèmed le Mince / Yachar Kemal ; traduit du turc par Guzine Dino $1 Gallimard , 1975
494    $1 Mèmed le Faucon / Yachar Kemal ; traduit du turc par Munevver Andac . $1 Gallimard , 1976 .
494    $1 Le dernier combat de Mèmed le Mince / Yachar Kemal ; trad. du turc par Munevver Andac . $1 Gallimard , 1989 .
494    $1 Le retour de Mémed le Mince : roman / Yachar Kemal ; trad. du turc par Munevver Andac . $1 Gallimard , 1986 .
700    $7 ba0yba0y $8 fre    $a Kemal $b Yaşar $f 1923-2015 $9 289356
702    $7 ba0yba0y $8 fre    $a Andaç $b Münevver $f 1917-1998 $4 730 $9 289357
801  0 $a FR $b 595126101 $c 20051205 $g AFNOR

