00889nas a2200229   4500
001 155736
003 http://www.mediathequederoubaix.fr/ark:/20179/KH155736
005 20220803071636.0
035 00 $a HZ_RBX276912
090    $a 155736
091    $a 0
099    $t PE $c 2014-06-30 $d 2022-08-03 $x 0
100    $a 19       1965    k  y0frey5003    ba
101    $a fre
200    $a Annuaire des membres de la société d'entr'aide de la légion d'honneur de la section du Nord $f dir. de publ. Edouard Martin
210    $a Lille $c [Société d'entr'aide des membres de la légion d'honneur de la section du Nord] $d [ca 1965]-
326    $a Annuel ?
339    $a m
710 0  $9 132726 $a Société d'entr'aide des membres de la légion d'honneur de la section du Nord $c Lille
702    $7 ba0yba0y $8 fre    $a Martin $b Édouard $f 1963-.... $4 651 $9 113593
801  0 $a FR $b 595126101 $c 20071220 $g AFNOR
955    $r 1965  ()

