00891nas a2200253   4500
001 155841
003 http://www.mediathequederoubaix.fr/ark:/20179/KH155841
005 20160919093801.0
035 00 $a HZ_RBX277021
090    $a 155841
091    $a 0
099    $t PE $c 2014-06-30 $d 2014-06-30 $x 0
100    $a 19       1921    k  y0frey5003    ba
101    $a fre
200    $a Lisette $e journal des fillettes $f dir. de publ. E. Jeanson
210    $a Paris $c Messageries de la presse $d [1921-1973]
326    $a Hebdomadaire
339    $a m
494    $1 La jolie marionnette .
606 0  $9 66469 $7 ba0yba0y $8 fre    $a Périodiques pour la jeunesse
702 0  $9 200493 $4 651 $a Jeanson $b E.
801  0 $a FR $b 595126101 $c 20080509 $g AFNOR
955    $r Hebdomadaire  (1936-1972)
995    $0 0 $2 0 $4 0 $5 2016-08-16 $9 346316 $b MED $c MED $e MED3T $f P 30890 $h PPEPRZZ $k P 30890 $o 2 $r PRETPER $s P_30890_000000000000000 $w 0 $y 2016-08-16

