00799nas a2200265   4500
001 155947
003 http://www.mediathequederoubaix.fr/ark:/20179/KH155947
005 20220919050336.0
035 00 $a HZ_RBX277129
090    $a 155947
091    $a 0
099    $t PE $c 2014-06-30 $d 2022-09-19 $x 0
100    $a 19       1994    k  y0frey5003    ba
101    $a fre
200    $a Le Gout du risque $f Ruth Rendell
210    $c Van Den Bosch $d 1994
215    $a 2 vol.
225 0  $a Voir
327    $a 1 $a 2
339    $a m
410    $t Voir
494    $1 Le Gout du risque . Tome 1 / Ruth Rendell . $1 Van Den Bosch , 1994 .
494    $1 Le Gout du risque . Tome II / Ruth Rendell . $1 Van Den Bosch , 1994 .
700    $7 ba0yba0y $8 fre    $a Rendell $b Ruth $f 1930-2015 $9 3474
801  0 $a FR $b 595126101 $c 20100916 $g AFNOR

