00840nas a2200241   4500
001 156160
003 http://www.mediathequederoubaix.fr/ark:/20179/KH156160
005 20220510065655.0
035 00 $a HZ_RBX277353
090    $a 156160
091    $a 0
099    $t PE $c 2014-06-30 $d 2022-05-10 $x 0
100    $a 19               k  y0frey5003    ba
101    $a fre
200    $a L'institut international de la marionnette
210    $a Charleville-Mézières (Ardennes) $c Institut international de la marionnette $d [199-]-
326    $a Semestriel ?
339    $a m
601    $7 ba0yba0y $8 fre    $a Institut international de la marionnette $9 80585
606 0  $9 243567 $a Marionnettes $x Périodiques
710    $4 650 $7 ba0yba0y $8 fre    $a Institut international de la marionnette $9 80585
801  0 $a FR $b 595126101 $c 20070901 $g AFNOR
955    $r 1991(janv-juin)  ()

