00826nas a2200229   4500
001 156279
003 http://www.mediathequederoubaix.fr/ark:/20179/KH156279
005 20160125030353.0
035 00 $a HZ_RBX277479
090    $a 156279
091    $a 0
099    $t PE $c 2014-06-30 $d 2014-06-30 $x 0
100    $a 19       1998    k  y0frey5003    ba
101    $a fre
200    $a Agir humain $e la lettre de Dominique Baert, député de la 8e circonscription du Nord $f dir. de publ. Dominique Baert
210    $a Wattrelos $c Agir humain $d 1998-
326    $a Semestriel
339    $a m
702 0  $9 200086 $4 340 $a Baert $b Dominique
801  0 $a FR $b 595126101 $c 20050330 $g AFNOR
955    $r Semestriel  (1998-2004)
995    $0 0 $2 0 $4 0 $5 2020-07-07 $9 410720 $b MED $c MED $e MED3T $f P 30957 $h PPEPRZZ $k P 30957 $o 2 $r PRETPER $s P_30957_000000000000000 $w 0 $y 2020-07-07

