00936nas a2200241   4500
001 156396
003 http://www.mediathequederoubaix.fr/ark:/20179/KH156396
005 20220926064407.0
035 00 $a HZ_RBX277604
090    $a 156396
091    $a 0
099    $t PE $c 2014-06-30 $d 2022-09-26 $x 0
100    $a 19       1964    k  y0frey5003    ba
101    $a fre
200    $a L'art brut $f Jean Dubuffet
210    $c L'art brut $d 1964-1966
215    $a 8 vol. $d 24 cm
225 0  $a Art brut
327    $a 1, Prisonnier de Bâle, Lambris de Clément, ... $a 3, Augustin Lesage, Salingardes, Le Cabinet ... $a 5, Gaston le zoologue, Broderies d'Elisa, ... $a 6, Carlo, Laure, Anaïs, Simone Marye, et ... $a 7, Aloïse $a 8, Messages et clichés de Jeanne Tripier, ... $a 10, Jules Doudin, Jakic et plusieurs autres
339    $a m
410    $t Art brut
700    $7 ba0yba0y $8 fre    $a Dubuffet $b Jean $f 1901-1985 $9 281103
801  0 $a FR $b 595126101 $c 20050330 $g AFNOR

