00926nas a2200265   4500
001 156512
003 http://www.mediathequederoubaix.fr/ark:/20179/KH156512
005 20170518174624.0
011    $a 0996-2298
033    $a http://catalogue.bnf.fr/ark:/12148/cb32816746x
035 00 $a HZ_RBX277728
090    $a 156512
091    $a 0
099    $t PE $c 2014-06-30 $d 2014-06-30 $x 0
100    $a 19       1930    k  y0frey5003    ba
101    $a fre
200    $a Miroir du monde $e hebdomadaire illustré
210    $a Paris $c Petit parisien $d 1930-1937
300    $a Fusionne avec "Le monde illustré" pour former "Le Monde illustré, miroir du monde"
339    $a m
494    $1 Don Quichotte chez Guignol / Juliette Lartigue . $1 1933 .
494    $1 Le théâtre d'ombres des Athéniens .
494    $1 Les spectacles de marionnettes / André Le Bret .
801  0 $a FR $b 595126101 $c 20050330 $g AFNOR
955    $r Hebdomadaire  (1930-1933)

