00892nas a2200265   4500
001 156633
003 http://www.mediathequederoubaix.fr/ark:/20179/KH156633
005 20220924044903.0
035 00 $a HZ_RBX277860
090    $a 156633
091    $a 0
099    $t PE $c 2014-06-30 $d 2022-09-24 $x 0
100    $a 19       1970    k  y0frey5003    ba
101    $a fre
200    $a Écrits... $f Jacques Lacan
210    $a Paris $c Éditions du Seuil $d 1970-1971
215    $a 2 vol. $d 18 cm
225 0  $a Points $i Anthropologie-Sciences humaines
327    $a Ecrits I $a Ecrits II
339    $a m
410    $t Points. Anthropologie-Sciences humaines
494    $1 Écrits... / Jacques Lacan . 1 . $1 Éditions du Seuil , 1970 .
494    $1 Écrits... / Jacques Lacan . 2 . $1 Éditions du Seuil , 1971 .
700    $7 ba0yba0y $8 fre    $a Lacan $b Jacques $f 1901-1981 $9 289401
801  0 $a FR $b 595126101 $c 20050330 $g AFNOR

