01431nas a2200289   4500
001 156746
003 http://www.mediathequederoubaix.fr/ark:/20179/KH156746
005 20160125013050.0
035 00 $a HZ_RBX277973
090    $a 156746
091    $a 0
099    $t PE $c 2014-06-30 $d 2014-06-30 $x 0
100    $a 19       1887    k  y0frey5003    ba
101    $a fre
200    $a Mémoires de Jacques Casanova de Seingalt $e écrits par lui-même
205    $a Ed. originale, la seule complète
210    $a Bruxelles $c Rozez, Libraire-Editeur $d 1887
215    $a 6 vol. $d 18 cm
339    $a m
494    $1 Mémoires de Jacques Casanova de Seingalt : écrits par lui-même . Tome I . $1 Rozez, Libraire-Editeur , 1887 .
494    $1 Mémoires de Jacques Casanova de Seingalt : écrits par lui-même . Tome II . $1 Rozez, Libraire-Editeur , 1887 .
494    $1 Mémoires de Jacques Casanova de Seingalt : écrits par lui-même . Tome III . $1 Rozez, Libraire-Editeur , 1887 .
494    $1 Mémoires de Jacques Casanova de Seingalt : écrits par lui-même . Tome IV . $1 Rozez, Libraire-Editeur , 1887 .
494    $1 Mémoires de Jacques Casanova de Seingalt : écrits par lui-même . Tome V . $1 Rozez, Libraire-Editeur , 1887 .
494    $1 Mémoires de Jacques Casanova de Seingalt : écrits par lui-même . Tome VI . $1 Rozez, Libraire-Editeur , 1887 .
700 0  $9 197352 $a Casanova $b Giovanni Giacomo
801  0 $a FR $b 595126101 $c 20100119 $g AFNOR

