00936nas a2200289   4500
001 156851
003 http://www.mediathequederoubaix.fr/ark:/20179/KH156851
005 20170518174625.0
011    $a 0980-1170
033    $a http://catalogue.bnf.fr/ark:/12148/cb34399919c
035 00 $a HZ_RBX278081
090    $a 156851
091    $a 0
099    $t PE $c 2014-06-30 $d 2014-06-30 $x 0
100    $a 19       1986    k  y0frey5003    ba
101    $a fre
200    $a Jazz swing journal $f dir. de réd. Lodie Serrano
210    $a Paris $c Société de diffusion du jazz de A à Z $d 1986-199?
326    $a Bimestriel
339    $a m
530    $a Jazz swing journal $b 1986
606 0  $a Jazz $x Périodiques $2 rameau
606 0  $a Musique $x Périodiques $2 rameau
702 0  $9 200860 $4 340 $a Serrano $b Lodie
702    $9 160439 $a Verstraete $b Charles $c roubaisien $f 1924-2003 $4 320
801  0 $a FR $b 595126101 $c 20080207 $g AFNOR
955    $r Bimestriel  (1986-1989)

