01084nas a2200265   4500
001 156958
003 http://www.mediathequederoubaix.fr/ark:/20179/KH156958
005 20200701075923.0
035 00 $a HZ_RBX278194
090    $a 156958
091    $a 0
099    $t PE $c 2014-06-30 $d 2014-06-30 $x 0
100    $a 19       1970    k  y0frey5003    ba
101    $a fre
200    $a La France... $i Les Milieux, campagnes, industrie et villes $f Philippe Pinchemel, ...
210    $a Paris $c A. Colin $d 1970
215    $a 2 vol. $c ill. ; cartes $d 24 cm
327    $a Tome I : les conditions naturelles et humaines $a Tome II : les millieux : campagnes, industries et villes
339    $a m
494    $1 La France... . 2 . Les Milieux, campagnes, industrie et villes / Philippe Pinchemel, ... . $1 A. Colin , 1970 .
607    $a France $x Géographie $2 rameau
607    $7 ba0yba0y $8 fre    $a France $x Conditions économiques $2 rameau
607    $7 ba0yba0y $8 fre    $a France $x Conditions sociales $2 rameau
700    $7 ba0yba0y $8 fre    $a Pinchemel $b Philippe $f 1923-2008 $9 52869
801  0 $a FR $b 595126101 $c 20070901 $g AFNOR

