00726nas a2200229   4500
001 157065
003 http://www.mediathequederoubaix.fr/ark:/20179/KH157065
005 20160125020730.0
035 00 $a HZ_RBX278311
090    $a 157065
091    $a 0
099    $t PE $c 2014-06-30 $d 2014-06-30 $x 0
100    $a 19               k  y0frey5003    ba
101    $a fre
200    $a Voyages scolaires $e Nord $f Loisirs accueil du Nord
210    $a Lille $c Comité départemental de tourisme du Nord $d [199-]-
326    $a Annuel
339    $a m
606 0  $9 254896 $a Elèves $x Voyages $y France $y Nord (France) $x Périodiques
710 0  $9 129366 $a Loisirs-Accueil Nord $c Lille
801  0 $a FR $b 595126101 $c 20091030 $g AFNOR
955    $r Annuel  (Depuis 2000)

