00999nas a2200277   4500
001 157270
003 http://www.mediathequederoubaix.fr/ark:/20179/KH157270
005 20220924040455.0
011    $a 0292-0107
033    $a http://catalogue.bnf.fr/ark:/12148/cb37016033z
035 00 $a HZ_RBX278519
090    $a 157270
091    $a 0
099    $t PE $c 2014-06-30 $d 2022-09-24 $x 0
100    $a 19       2000    k  y0frey5003    ba
101    $a fre
200    $a Multitudes $f dir. de la publ. Yann Moulier-Boutang
210    $a Paris $c Exils $d 2000-....
326    $a 3 numéros par an
339    $a m
494    $1 Propriété intellectuelle, copyright, brevets / par Aris Papathéodorou . $1 Exils , 2001 .
494    $1 Après Gênes, après New York : Tarde intempestif, nations meurtrières / François Matheron . $1 Exils , 2001 .
676    $a 004
702    $7 ba0yba0y $8 fre    $a Moulier Boutang $b Yann $f 1949-.... $4 340 $9 24764
801  0 $a FR $b 595126101 $c 20101112 $g AFNOR
955    $r Trimestriel  (2000-2004)

