01407nas a2200289   4500
001 157377
003 http://www.mediathequederoubaix.fr/ark:/20179/KH157377
005 20160125030407.0
035 00 $a HZ_RBX278630
090    $a 157377
091    $a 0
099    $t PE $c 2014-06-30 $d 2014-06-30 $x 0
100    $a 19       1864    k  y0frey5003    ba
101    $a fre
200    $a Almanach-annuaire des villes de Roubaix & de Tourcoing $e Croix, Flers, Hem, Lannoy, Wasquehal & Wattrelos
210    $a [Roubaix $c s.n.] $d 1864-[188-] $e 59-Roubaix $f 17 et 19 rue du Vieil-Abreuvoir $g Imp. A. Lesguillon
326    $a Irrégulier (tous les 3-4 ans)
327    $a Liste des magistrats, administrateurs $a Indication des établissements publics, des messageries, hôtels... $a Adresses des habitants, classées par rues et numéros, par ordre alphabétique, par profession $a Diverses notes utiles
339    $a m
517    $a Guide du commerce : annuaire des villes de Roubaix et de Tourcoing
517    $a Almanach du commerce des villes Roubaix et de Tourcoing
606 0  $9 24557 $7 ba0yba0y $8 fre    $9     $a Almanachs français
606 0  $9 254774 $a Commerce $y France $y Roubaix (Nord) $x Périodiques
606 00 $9 255013 $a Commerce $y France $y Tourcoing (Nord) $x Périodiques
712 0  $9 123157 $4 610 $a Lesguillon $c Imprimerie-librairie $c Roubaix, Nord $c roubaisien
801  0 $a FR $b 595126101 $c 20070901 $g AFNOR
955    $r 1864, 1869, 1878  ()

