02935ns aa2200385  44500
001 157483
003 http://www.mediathequederoubaix.fr/ark:/20179/KH157483
005 20160125030409.0
035 00 $a HZ_RBX278741
090    $a 157483
091    $a 0
099    $t PE $c 2014-06-30 $d 2014-06-30 $x 0
100    $a 19       1997    k  y0frey5003    ba
101    $a fre
200    $a Groove $f dir. de publ. Arnaud Fraisse
210    $a Paris $c IXO Publishing $d 1997-
326    $a Mensuel
339    $a m
606 0  $9 246692 $a Musique $x Périodiques
702 0  $9 201090 $4 651 $a Fraisse $b Arnaud
801  0 $a FR $b 595126101 $c 20070901 $g AFNOR
955    $r Mensuel  (Depuis 2000) ; N° 88 (Février 2005) - N° 89 (Mars 2005) ; N° 98 (Janvier 2006) 
995    $0 0 $2 0 $4 0 $5 2005-03-30 $9 177307 $P 4.00 $b MED $c MED $e MED1A $f C0003842786 $h P17 $k P 31186 $o 0 $p 4.00 $r PRETPER $s P_31186_000000000000000 $v No 84 -Oct 2004 $w 6 $y 2014-06-30
995    $0 0 $2 0 $4 0 $5 2005-03-30 $9 177308 $P 4.00 $b MED $c MED $e MED1A $f C0003840378 $h P17 $k P 31186 $o 0 $p 4.00 $r PRETPER $s P_31186_000000000000000 $v No 83 -Sep 2004 $w 8 $y 2014-06-30
995    $0 0 $2 0 $4 0 $5 2005-03-30 $9 177309 $P 4.00 $b MED $c MED $e MED1A $f C0003812553 $h P17 $k P 31186 $o 0 $p 4.00 $r PRETPER $s P_31186_000000000000000 $v No 81 -Mai 2004 $w 16 $y 2014-06-30
995    $0 0 $2 0 $4 0 $5 2005-03-30 $9 177310 $P 4.00 $b MED $c MED $e MED1A $f C0003782986 $h P17 $k P 31186 $o 0 $p 4.00 $r PRETPER $s P_31186_000000000000000 $v No 79 -fev/mars 2004 $w 4 $y 2014-06-30
995    $0 0 $2 0 $4 0 $5 2005-03-30 $9 177311 $P 4.00 $b MED $c MED $e MED1A $f C0003696850 $h P17 $k P 31186 $o 0 $p 4.00 $r PRETPER $s P_31186_000000000000000 $v No 77 -Dec 2003 $w 12 $y 2014-06-30
995    $0 0 $2 0 $4 0 $5 2005-03-30 $9 177312 $P 4.00 $b MED $c MED $e MED1A $f C0003686601 $h P17 $k P 31186 $o 0 $p 4.00 $r PRETPER $s P_31186_000000000000000 $v No 76 -Nov 2003 $w 1 $y 2014-06-30
995    $0 0 $2 0 $4 0 $5 2005-03-30 $9 177313 $P 4.00 $b MED $c MED $e MED1A $f C0003663475 $h P17 $k P 31186 $o 0 $p 4.00 $r PRETPER $s P_31186_000000000000000 $v No 75 -Oct 2003 $w 9 $y 2014-06-30
995    $0 0 $2 0 $4 0 $5 2005-03-30 $9 177314 $P 4.00 $b MED $c MED $e MED1A $f C0003640443 $h P17 $k P 31186 $o 0 $p 4.00 $r PRETPER $s P_31186_000000000000000 $v No 74 -Sep 2003 $w 16 $y 2014-06-30
995    $0 0 $2 0 $4 0 $5 2005-03-30 $9 177315 $P 4.00 $b MED $c MED $e MED1A $f C0003601156 $h P17 $k P 31186 $o 0 $p 4.00 $r PRETPER $s P_31186_000000000000000 $v No 72 -Juin 2003 $w 18 $y 2014-06-30
995    $0 0 $2 0 $4 0 $5 2005-03-30 $9 177316 $P 4.00 $b MED $c MED $e MED1A $f C0003601790 $h P17 $k P 31186 $o 0 $p 4.00 $r PRETPER $s P_31186_000000000000000 $v No 71 -Mai 2003 $w 0 $y 2014-06-30
995    $0 0 $2 0 $4 0 $5 2005-03-30 $9 177317 $P 4.00 $b MED $c MED $e MED1A $f C0003685956 $h P17 $k P 31186 $o 0 $p 4.00 $r PRETPER $s P_31186_000000000000000 $v No 69 -Mar 2003 $w 4 $y 2014-06-30
995    $0 0 $2 0 $4 0 $5 2005-03-30 $9 177318 $P 4.00 $b MED $c MED $e MED1A $f C0003220578 $h P17 $k P 31186 $o 0 $p 4.00 $r PRETPER $s P_31186_000000000000000 $v No 55 -Dec 2001 $w 1 $y 2014-06-30
995    $0 0 $2 0 $4 0 $5 2005-08-30 $9 177319 $P 4.00 $V 88 $b MED $c MED $e MED1A $f C0003929790 $h P17 $k P 31186 $o 0 $p 4.00 $r PRETPER $s P_31186_000000000000000 $v N. 88 (Février 2005) $w 1 $y 2014-06-30

