00810nas a2200241   4500
001 157594
003 http://www.mediathequederoubaix.fr/ark:/20179/KH157594
005 20160125030410.0
035 00 $a HZ_RBX278858
090    $a 157594
091    $a 0
099    $t PE $c 2014-06-30 $d 2014-06-30 $x 0
100    $a 19       1941    k  y0frey5003    ba
101    $a fre
200    $a Cahiers du témoignage chrétien $f fondateur R.P. Pierre Chaillet
210    $a [S.l. $c s.n.] $d 1941-[1944]
300    $a Notice n1̊27 du "Catalogue des périodiques clandestins" de la BN
326    $a Bimestriel
339    $a m
606 0  $9 240903 $a Presse clandestine $y France $z 1900-1945
702    $9 201136 $4 651 $a Chaillet $b Pierre $f 1900-1972
801  0 $a FR $b 595126101 $c 20070901 $g AFNOR
955    $r 1942(6-7), 1943(15-16, 18-19), 1944(26-27)  ()

