00747nas a2200241   4500
001 157701
003 http://www.mediathequederoubaix.fr/ark:/20179/KH157701
005 20160125020735.0
035 00 $a HZ_RBX278970
090    $a 157701
091    $a 0
099    $t PE $c 2014-06-30 $d 2014-06-30 $x 0
100    $a 19       1988    k  y0frey5003    ba
101    $a fre
200    $a Festival de la poésie à Roubaix
210    $a Roubaix $c Ville de Roubaix $d [1988]-
326    $a Annuel
339    $a m
517    $a Poésie à Roubaix
606 0  $9 255106 $a Festivals de poésie $y France $y Roubaix (Nord) $x Périodiques
606 0  $9 255107 $a Poésie française $y France $y Roubaix (Nord) $x Périodiques
801  0 $a FR $b 595126101 $c 20070901 $g AFNOR
955    $r 1989(2e)  ()

