00869nas a2200253   4500
001 157810
003 http://www.mediathequederoubaix.fr/ark:/20179/KH157810
005 20170518174830.0
011    $a 0985-2824
033    $a http://catalogue.bnf.fr/ark:/12148/cb344052758
035 00 $a HZ_RBX279087
090    $a 157810
091    $a 0
099    $t PE $c 2014-06-30 $d 2014-06-30 $x 0
100    $a 19       2000    k  y0frey5003    ba
101    $a fre
200    $a Roubaix Informations $e hors-série $f dir. de publ. Yves Lacomblez
210    $a Roubaix (Nord) $c Ville de Roubaix $d 2000-
326    $a Irrégulier
339    $a m
494    $1 Roubaix : les couleurs du futur : neuf regards sur une ville actuelle et attachante / [préf. Jean Piat] .
607    $9 144150 $a Roubaix (Nord) $x Périodiques
702 0  $9 170599 $4 340 $a Lacomblez $b Yves
801  0 $a FR $b 595126101 $c 20070901 $g AFNOR

