00877nas a2200277   4500
001 157927
003 http://www.mediathequederoubaix.fr/ark:/20179/KH157927
005 20170518174831.0
011    $a 0397-0663
033    $a http://catalogue.bnf.fr/ark:/12148/cb34380158p
035 00 $a HZ_RBX279207
090    $a 157927
091    $a 0
099    $t PE $c 2014-06-30 $d 2014-06-30 $x 0
100    $a 19       1976    k  y0frey5003    ba
101    $a fre
200    $a OK ! âge tendre $f dir. de publ. Nicolas Darlet
210    $a Paris $c Filipacchi $d 1976-1993
326    $a Hebdomadaire
339    $a m
530    $a Ok ! âge tendre $b Paris. 1976
606 0  $9 66469 $7 ba0yba0y $8 fre    $a Périodiques pour la jeunesse
606 0  $9 255169 $a Célébrités $x Périodiques
702 0  $9 201277 $4 651 $a Darlet $b Nicolas
801  0 $a FR $b 595126101 $c 20070901 $g AFNOR
955    $r Hebdomadaire  (1983-1984)

