00714nas a2200229   4500
001 158038
003 http://www.mediathequederoubaix.fr/ark:/20179/KH158038
005 20160125030415.0
035 00 $a HZ_RBX279337
090    $a 158038
091    $a 0
099    $t PE $c 2014-06-30 $d 2014-06-30 $x 0
100    $a 19       1974    k  y0frey5003    ba
101    $a fre
200    $a La gueule ouverte $f fondateur Pierre Fournier $g dir. de publ. Michel Lévêque
210    $a Paris $c Presses de la bûcherie $d [1974-197-]
326    $a Hebdomadaire
339    $a m
702 0  $9 151999 $4 651 $a Fournier $b Pierre
702 0  $9 201331 $4 651 $a Lévêque $b Michel
801  0 $a FR $b 595126101 $c 20050330 $g AFNOR
955    $r Hebdomadaire  (Année 1975)

