01267nj  a2200265   4500
001 158171
003 http://www.mediathequederoubaix.fr/ark:/20179/KH158171
005 20240514062454.0
035 00 $a HZ_RBX279505
071 0  $a 530 029-2 $b Motown
090    $a 158171
091    $a 1 $b 20240514 $c 0
099    $t DC $c 2014-06-30 $d 2024-05-14 $x 23
100    $a 19       1984    k  y0frey5003    ba
101    $a fre
200    $a Stevie Wonder's Original Musiquarium $b Enr. sonore $f Steve Wonder
210    $d cop. 1984
215    $a 2 d.c.
327    $a CD 1 : Superstition $a You haven't do nothin' $a Living for the city $a Front line $a Superwoman : where were you when I needed you $a Send one your love $a You are the sunshine of my life $a Ribbon in the sky $a CD 2 : Higher ground $a Sir Duke $a Master blaster : jammin' $a Boogie on reggae woman $a That girl $a I wish $a Isn't she lovely $a Do I do
339    $a m
606    $7 ba0yba0y $8 fre    $3 11933300 $9 225 $a Soul music $x Disques $2 rameau
679    $a 180
700    $7 ba0yba0y $8 fre    $a Wonder $b Stevie $f 1950-.... $3 13901273 $9 308472
801  0 $a FR $b 595126101 $c 20140404 $g AFNOR
995    $0 0 $2 0 $4 0 $5 2005-03-30 $9 178763 $P 17.00 $b MED $c MED $e MED1A $f C0002177942 $h AMV14ZZ $k DC/180 WON $l Contient 2 CD $o 0 $p 17.00 $r PRETSON $s DC_180_000000000000000_WON $w 71 $y 2023-08-11

