01267nj  a2200337   4500
001 158374
003 http://www.mediathequederoubaix.fr/ark:/20179/KH158374
005 20240514062930.0
035 00 $a HZ_RBX279855
071 0  $a 39.541 $b Network
090    $a 158374
091    $a 1 $b 20240514 $c 0
099    $t DC $c 2014-06-30 $d 2024-05-14 $x 1
100    $a 19       2001    k  y0frey5003    ba
101    $a fre
200    $a Golden Brass summit $b Enr. sonore $e fanfares en délire $f Ilija Stankovic
210    $d Compil. P 2001
215    $a 2 d.c. $e 1 livre (n.p. ; 25 cm)
339    $a m
606    $a Musique traditionnelle $y Serbie (Yougoslavie) $x Disques $2 rameau
606    $a Fanfares (musique) $x Disques $2 rameau
606    $a Tsiganes $x Musique $2 rameau
606    $a Musique traditionnelle $y Europe de l'est $x Disques $2 rameau
679    $a 076.2
700 0  $3 16177752 $9 302044 $4 070 $a Stanković $b Ilija
702 0  $a Radetic $b Dusan
702 0  $a Sejdic $b Fejat
702 0  $a Nikolic $b Milan
702 0  $3 14203474 $9 71580 $a Marković $b Boban
801  0 $a FR $b 595126101 $c 20070901 $g AFNOR
995    $0 0 $2 0 $4 0 $5 2005-03-30 $9 178974 $P 37.00 $b MED $c MED $e MED1A $f C0003437557 $h AMV90ZZ $k COFFRET/076.2 STA $l Contient 2 lments. $o 0 $p 37.00 $r PRETSON $s COFFRET_076_200000000000000_ST $w 18 $y 2019-03-13

