01922cam a2200409   4500
001 158605
003 http://www.mediathequederoubaix.fr/ark:/20179/KH158605
010    $a 2-7427-4800-8 $b br. $d 18 EUR
020    $a FR $b 00432298
033    $a http://catalogue.bnf.fr/ark:/12148/cb39203316w
035    $a FRBNF392033160000005
090    $a 158605
091    $b 20240514 $c 1 $a 2
099    $t LI $c 2014-06-30 $d 2024-05-14 $x 3
100    $a 20040629d2004    m  y0frey50      ba
101 1  $a fre $c ara
102    $a FR
105    $a ||||z   00|a|
106    $a r
181  0 $6 01 $a i  $b xxxe  
181    $6 02 $c txt $2 rdacontent
182  0 $6 01 $a n
182    $6 02 $c n $2 rdamedia
200 1  $a Qu'elle aille au diable, Meryl Streep ! $b Texte imprimé $e roman $f Rachid El-Daïf $g trad. de l'arabe (Liban) par Edgard Weber
210    $a Arles $c Actes Sud $d 2004 $e 53-Mayenne $g Impr. Floch
215    $a 172 p. $c couv. ill. en coul. $d 22 cm
225    $a Mondes arabes
330    $a Le film Kramer contre Kramer avec Meryl Streep, renvoie le narrateur à son propre mariage, qui part en capilotade et à ses relations problématiques avec sa femme. Le récit du quotidien du couple devient alors prétexte à aborder les problèmes du couple et de la sexualité dans la société arabe moderne.
339    $a m
410  0 $0 34275521 $t Mondes arabes (Arles) $x 1160-2872 $d 2004
454  1 $t Tisṭifil Mirīl Strīb
686    $a 803 $2 Cadre de classement de la Bibliographie nationale française
700    $3 12242780 $9 81823 $o ISNI0000000121449489 $a Ḍaʿīf $b Rašīd al- $f 1945-.... $4 070
702    $3 12094971 $9 24807 $o ISNI0000000081202798 $a Weber $b Edgard $f 1943-.... $4 730
801  0 $a FR $b FR-751131015 $c 20040629 $g AFNOR $h FRBNF392033160000005 $2 intermrc
999    $a FRBNF392033160000005
995    $0 0 $2 0 $4 0 $5 2005-12-31 $9 179217 $P 18.00 $b MED $c MED $e MED1A $f C0004214326 $h ALTROZZ $k R/DAI $o 0 $p 18.00 $r PRETLIV $s R_DAI $w 15 $y 2020-09-26 $7 Maison du Livre

