01976cam a2200445   4500
001 158875
003 http://www.mediathequederoubaix.fr/ark:/20179/KH158875
010    $a 2-228-89989-5 $b br. $d 18 EUR
020    $a FR $b 00524751
033    $a http://catalogue.bnf.fr/ark:/12148/cb399556184
035    $a FRBNF399556180000002
090    $a 158875
091    $b 20240514 $c 1 $a 2
099    $t LI $c 2014-06-30 $d 2024-05-14 $x 7
100    $a 20050418d2005    m  y0frey50      ba
101 1  $a fre $c eng
102    $a FR
105    $a ||||z   00|y|
106    $a r
181  0 $6 01 $a i  $b xxxe  
181    $6 02 $c txt $2 rdacontent
182  0 $6 01 $a n
182    $6 02 $c n $2 rdamedia
200 1  $a Camilla, reine d'un prince $b Texte imprimé $f Rebecca Tyrrel $g trad. de l'anglais par Bernard Blanc
210    $a Paris $c Payot $d 2005 $e 14-Condé-sur-Noireau $g Corlet impr.
215    $a 198 p.-[8] p. de pl. $c couv. ill. en coul. $d 24 cm
300    $a Bibliogr., 1 p.
330    $a L'auteure, journaliste au Sunday telegraph, présente les différentes facettes de la personnalité de Camilla Parker Bowles et retrace l'histoire de sa liaison avec le prince Charles.
339    $a m
454  1 $t Camilla : an intimate portrait
600    $3 12482949 $9 82011 $a Parker Bowles $b Camilla $f 1947-.... $2 rameau
600    $3 11896163 $9 41318 $a Charles $d III $f 1948-.... $c roi du Royaume-Uni $2 rameau
608    $3 11935764 $9 107 $a Biographie $2 rameau
676    $a 305.522 0941 $v 23
686    $a 920 $2 Cadre de classement de la Bibliographie nationale française
700    $3 14629754 $9 82012 $o ISNI0000000063100835 $a Tyrrel $b Rebecca $4 070
702    $3 11996475 $9 18474 $o ISNI0000000117452669 $a Blanc $b Bernard $f 1951-.... $4 730
801  0 $a FR $b FR-751131015 $c 20050418 $g AFNOR $h FRBNF399556180000002 $2 intermrc
999    $a FRBNF399556180000002
995    $0 0 $2 0 $4 0 $5 2005-04-28 $9 179504 $P 18.00 $b MED $c MED $e MED3A $f C0004112809 $h ACFHSZZ $k Doc./951.1 FAM $o 0 $p 18.00 $r PRETLIV $s DOC___951_100000000000000_FAM $w 12 $y 2024-03-27

