01216nj  a2200277 n 4500
001 159112
003 http://www.mediathequederoubaix.fr/ark:/20179/KH159112
005 20240514063548.0
035    $a HZ_RbxHzBib251740
071 01 $a OH 002 $b Out/Here rec
090    $a 159112
091    $a 1 $b 20240514 $c 0
099    $t DC $c 2014-06-30 $d 2024-05-14 $x 4
100    $a          2004         frey5003    ba
101    $a    
200    $a Maasai hip hop $b Enr. sonore $f X Plastaz
210    $d P 2004
215    $a 1 d.c. $e 1 brochure (12 cm ; n.p.)
327    $a Dunia dudumizi $a Msimu kwa msimu $a Wachaga piga chata $a Ushanta $a Kutesa kwa zamu $a Aha ! $a Kusanyikeni $a Haleluya $a Not ready / avec Ommi & Hashim a.k.a. Dogo $a Bamiza $a Kitita / avec Hashim a.k.a. Dogo $a Shika lako $a Nini dhambi kwa mwenye dhiki ?
339    $a m
606 0  $a Rap (musique) $y Tanzanie $x Disques $2 rameau
606 0  $a Musique $y Tanzanie $x Disques $2 rameau
679    $a 013.2
710 02 $7 ba0yba0y $8 fre    $3 15506317 $9 82176 $7 ba0yba0y $8 fre    $a X plastaz
801    $a FR $b 595126101 $c 20081028 $g AFNOR
995    $0 0 $2 0 $4 0 $5 2005-04-30 $9 179761 $P 19.51 $b MED $c MED $e MED1A $f C0003825247 $h AMV15ZZ $k DC/2 XPL  90.2 $o 0 $p 19.51 $r PRETSON $s DC_2_000000000000000_XPL_90_2 $w 21 $y 2023-06-02 $A 0

