01915cam a2200421   4500
001 159338
003 http://www.mediathequederoubaix.fr/ark:/20179/KH159338
010    $a 2-210-98616-8 $b br. $d 6,10 EUR
020    $a FR $b 00519735
033    $a http://catalogue.bnf.fr/ark:/12148/cb39947023b
035    $a FRBNF399470230000005
073  0 $a 9782210986169 $2 ALS
090    $a 159338
091    $b 20240514 $c 1 $a 2
099    $t LI $c 2014-06-30 $d 2024-05-14 $x 2
100    $a 20050401d2005    a  y0frey50      ba
101 0  $a fre
102    $a FR
105    $a ||||z   00|a|
106    $a r
181  0 $6 01 $a i  $b xxxe  
181    $6 02 $c txt $2 rdacontent
182  0 $6 01 $a n
182    $6 02 $c n $2 rdamedia
200 1  $a Télétoc $b Texte imprimé $f Gérard Streiff...
210    $a Paris $c Magnard jeunesse $d 2005 $e impr. en Italie
215    $a 121 p. $c ill. en coul., couv. ill. en coul. $d 20 cm
225    $a Tipik junior $e policier $v 35
330    $a Sophie raffole de la télévision. Stars, paillettes et télé-réalité font partie de son quotidien. Elle habite le restaurant qui jouxte les locaux de la chaîne Canal Branché. Sophie rêve de faire un jour partie intégrante de cet univers. Mais sous les masques et les sourires fardés se profile une réalité bien différente.
339    $a a
410  0 $0 39216703 $t Tipik junior $x 1767-3038 $v 35
608    $a Romans $2 CNLJ $k Avis critique donné par le Centre national de la littérature pour la jeunesse
676    $a 811.5 $v 23
686    $a 809 $2 Cadre de classement de la Bibliographie nationale française
700    $3 12095679 $9 26550 $o ISNI0000000026860050 $a Streiff $b Gérard $f 1949-.... $4 070
801  0 $a FR $b FR-751131015 $c 20050401 $g AFNOR $h FRBNF399470230000005 $2 intermrc
999    $a FRBNF399470230000005
995    $0 0 $2 0 $4 0 $5 2005-06-07 $9 180046 $P 6.90 $b MED $c MED $e MED0A $f C0004084959 $h JROPLZZ $k EXT E R P/STR $o 0 $p 6.90 $r PRETLIV $s EXT_E_R_PSTR $w 4 $y 2017-03-15

