01043ng  a2200277 n 4500
001 159563
003 http://www.mediathequederoubaix.fr/ark:/20179/KH159563
005 20240514063714.0
035    $a HZ_RbxHzBib252353
090    $a 159563
091    $a 1 $b 20240514 $c 0
099    $t VD $c 2014-06-30 $d 2024-05-14 $x 7
100    $a          2004         frey5003    ba
101    $a fre $a    
200    $a Femmes d'Asie Centrale $b DVD $f Christophe de Ponfilly, réal.
210    $a France $c Interscoop $c ARTE France $d 2004
215    $a 1 DVD (1 h 15 min.) $c coul., sonore
339    $a m
345    $a ADAV $b 62202
606 0  $a Femmes $y Asie centrale $x Conditions sociales $x DVD $2 rameau
676    $a 305.4
700    $7 ba0yba0y $8 fre    $a Ponfilly $b Christophe de $f 1951-2006 $3 12016037 $4 300 $9 308666
712 02 $a Interscoop
712 02 $a Arte France
801    $a FR $b 595126101 $c 20070901 $g AFNOR
995    $0 0 $2 0 $4 0 $5 2005-07-07 $9 180385 $P 60.00 $b MED $c MED $e MED3A $f C0003906718 $h ACFSSZZ $k DVD/305.4 PON $o 0 $p 60.00 $r PRETDVD $s DVD_305_400000000000000_PON $w 15 $y 2018-05-26 $7 ADAV

