02157cam a2200457   4500
001 159729
003 http://www.mediathequederoubaix.fr/ark:/20179/KH159729
010    $a 2-08-160187-7 $b br. $d 3,95 EUR
020    $a FR $b 00517616
033    $a http://catalogue.bnf.fr/ark:/12148/cb39939432p
035    $a FRBNF399394320000001
073  0 $a 9782081601871 $2 ALS
090    $a 159729
091    $b 20240514 $c 1 $a 2
099    $t LI $c 2014-06-30 $d 2024-05-14 $x 7
100    $a 20050321d2005    a  y0frey50      ba
101 0  $a fre
102    $a FR
105    $a ||||z   00|a|
106    $a r
181  0 $6 01 $a b  $b xb2e  
181    $6 02 $c sti $2 rdacontent
182  0 $6 01 $a n
182    $6 02 $c n $2 rdamedia
200 1  $a La petite sirène $b Texte imprimé $f d'après Andersen $g ill. par Charlotte Gastaut
210    $a [Paris] $c Père Castor-Flammarion $d 2005 $e 86-Poitiers $g Aubin impr.
215    $a 23 p. $c ill. en coul., couv. ill. en coul. $d 18 x 21 cm
225    $a Les classiques du Père Castor $e secondes lectures $x 1768-2061
321    $a La Revue des livres pour enfants $x 0398-8384
329    $c Hélas ! $2 CNLJ $k Avis critique donné par le Centre national de la littérature pour la jeunesse
330    $a L'histoire de la plus jeune des six filles du roi de la mer, du prince qu'elle rencontre à l'âge de 15 ans et de la sorcière des mers, à qui elle demande conseil.
339    $a a
410  0 $0 39195382 $t Les Classiques du Père Castor $x 1768-2061 $d 2005
608    $a Contes, légendes et folklore $2 CNLJ $k Avis critique donné par le Centre national de la littérature pour la jeunesse
676    $a 811.3 $v 23
686    $a 809 $2 Cadre de classement de la Bibliographie nationale française
700    $3 13763421 $9 36004 $o ISNI0000000120251155 $a Gastaut $b Charlotte $f 1974-.... $4 440
702    $3 11888753 $9 6 $o ISNI0000000121184353 $a Andersen $b Hans Christian $f 1805-1875 $4 100
801  0 $a FR $b FR-751131015 $c 20050321 $g AFNOR $h FRBNF399394320000001 $2 intermrc
999    $a FRBNF399394320000001
995    $0 0 $2 1 $4 0 $5 2005-08-24 $9 180569 $P 3.95 $b MED $c MED $e MED0A $f C0003943930 $h JABCTEF $k EXT E C/AND $n 2023-07-05 $o 0 $p 3.95 $r PRETLIV $s EXT_E_C_AND $w 14 $y 2022-08-25

