01345nam a2200313 n 4500
001 159914
003 http://www.mediathequederoubaix.fr/ark:/20179/KH159914
005 20220927045900.0
010    $a 2-85922-072-0
035    $a HZ_
090    $a 159914
091    $a 0
099    $t LI $c 2014-06-30 $d 2022-09-27 $x 0
100    $a          1995         frey5003    ba
101    $a fre
102    $a   
200    $a Le  tour du monde en quatre-vingts jours $f par Jules Verne $g dessins par MM. De Neuville et L. Benett
210    $a Genève $c Ed. Bellerive $d cop. 1995
215    $a 252 p. $c couv. ill ; ill en noir et blanc $d 27cm
225 2  $a Les voyages extraordinaires
300    $a Reprod. en fac-sim. de l'édition réalisée à Paris par Jules Hetzel
300    $a Livre hors-commerce offert par la société Esso dans le cadre d'une campagne publicitaire
339    $a m
700    $7 ba0yba0y $8 fre    $a Verne $b Jules $f 1828-1905 $9 1218
702  1 $9 150130 $4 440 $a Benett $b Léon $c pseud.
702    $7 ba0yba0y $8 fre    $a Neuville $b Alphonse de $f 1836-1885 $4 440 $9 7850
801    $a FR $b 595126101 $c 20100909 $g AFNOR
930    $5 595126101:c0004014302 $b 595126101 $a MAG L/P 4/209 271 $e Fonds patrimonial
995    $0 0 $2 0 $4 0 $5 2005-05-18 $9 180759 $b MED $c MED $e MED3J $f c0004014302 $h PPEFGZZ $k MAG L/P 4/209 271 $o 2 $r PRETLIV $s MAG_LP_4209_271000000000000 $w 0 $y 2014-06-30 $7 Don

