01844cam a2200445   4500
001 160091
003 http://www.mediathequederoubaix.fr/ark:/20179/KH160091
010    $a 2-02-067919-1 $b br. $d 7 EUR
020    $a FR $b 00508272
033    $a http://catalogue.bnf.fr/ark:/12148/cb392729816
035    $a FRBNF392729810000007
090    $a 160091
091    $b 20240514 $c 1 $a 2
099    $t LI $c 2014-06-30 $d 2024-05-14 $x 5
100    $a 20041108d2004    m  y0frey50      ba
101 0  $a fre
102    $a FR
105    $a ||||z   00|y|
106    $a r
181  0 $6 01 $a i  $b xxxe  
181    $6 02 $c txt $2 rdacontent
182  0 $6 01 $a n
182    $6 02 $c n $2 rdamedia
200 1  $a Rabbi Siméon bar Yochaï et la Cabbale $b Texte imprimé $f Guy Casaril
210    $a Paris $c Éd. du Seuil $d 2004 $e impr. en Espagne
215    $a 181 p. $c couv. ill. en coul. $d 18 cm
225    $a Points $i Sagesses $v 197
300    $a Bibliogr. p. 179-181. Glossaire. Index
330    $a Présente la tradition mystique juive, née de l'enseignement attribué au maître Siméon bar Yochaï, son histoire, sa doctrine et son évolution.
339    $a m
410  0 $0 34234518 $t Points (Paris) $x 0768-0481 $d 2004
410  0 $0 34231584 $t Points. Sagesses $x 0339-4239 $v 197
600    $3 12067142 $9 82655 $a Siméon bar Yohay $2 rameau
606    $3 11955490 $9 55884 $a Kabbale $3 11934444 $9 494 $x Histoire $2 rameau
676    $a 296.16 $v 23
686    $a 200 $2 Cadre de classement de la Bibliographie nationale française
700    $3 11895413 $9 70 $o ISNI0000000108717178 $a Casaril $b Guy $f 1933-1996 $4 070
801  0 $a FR $b FR-751131015 $c 20041108 $g AFNOR $h FRBNF392729810000007 $2 intermrc
999    $a FRBNF392729810000007
995    $0 0 $2 0 $4 0 $5 2005-05-20 $9 180957 $P 7.00 $b MED $c MED $e MED3A $f C0004071817 $h ACFREZZ $k Doc./240 TXT $o 0 $p 7.00 $r PRETLIV $s DOC___240_000000000000000_TXT $w 13 $y 2023-06-25

