02326cam a2200457   4500
001 160280
003 http://www.mediathequederoubaix.fr/ark:/20179/KH160280
010    $a 2-07-053664-5 $b rel. $d 5 EUR
020    $a FR $b 00242118
033    $a http://catalogue.bnf.fr/ark:/12148/cb388959023
035    $a FRBNF388959020000009
073  0 $a 9782070536641 $2 ALS
090    $a 160280
091    $b 20240514 $c 1 $a 2
099    $t LI $c 2014-06-30 $d 2024-05-14 $x 23
100    $a 20021017d2002    a  y0frey50      ba
101 0  $a fre
102    $a FR
105    $a ||||z   00|a|
106    $a r
181  0 $6 01 $a i  $b xxxe  
181    $6 02 $c txt $2 rdacontent
182  0 $6 01 $a n
182    $6 02 $c n $2 rdamedia
200 1  $a Mystère $b Texte imprimé $f Marie-Aude Murail $g ill. par Serge Bloch
210    $a [Paris] $c Gallimard jeunesse $d 2002 $e 25-Baume-les-Dames $g Impr. IME
215    $a 49 p. $c ill. en coul., couv. ill. en coul. $d 18 cm
225    $a Folio cadet $v 217
321    $a Escales en littérature de jeunesse $c 2013
329    $a Fille de roi, mal aimée, elle a huit ans, des cheveux bleus et un merveilleux appétit de vivre. Un délicieux anti-conte de fées, illustré avec humour. $d 20131001 $2 CNLJ $k Avis critique donné par le Centre national de la littérature pour la jeunesse
330    $a Le roi et la reine ne sont pas contents, car Mystère est leur quatrième fille et elle est si belle avec ses cheveux bleus qu'elle fait de l'ombre à ses soeurs. Ses parents décident de la perdre dans la forêt...
333    $a À partir de 9 ans $2 CNLJ $k Avis critique donné par le Centre national de la littérature pour la jeunesse
339    $a a
410  0 $0 34229509 $t Folio cadet $x 0293-891X $v 217
608    $a Romans $2 CNLJ $k Avis critique donné par le Centre national de la littérature pour la jeunesse
686    $a 809 $2 Cadre de classement de la Bibliographie nationale française
700    $3 12056668 $9 4077 $o ISNI000000012123025X $a Murail $b Marie-Aude $f 1954-.... $4 070
702    $3 11892391 $9 913 $o ISNI0000000122769687 $a Bloch $b Serge $f 1956-.... $4 440
801  0 $a FR $b FR-751131015 $c 20021017 $g AFNOR $h FRBNF388959020000009 $2 intermrc
999    $a FRBNF388959020000009
995    $0 0 $2 0 $4 0 $5 2005-05-26 $9 181161 $P 5.40 $b MED $c MED $e MED0A $f C0004077855 $h JROROZZ $k EXT E R/MUR $o 0 $p 5.40 $r PRETLIV $s EXT_E_R_MUR $w 12 $y 2021-06-03

