01946cam a2200409   4500
001 160477
003 http://www.mediathequederoubaix.fr/ark:/20179/KH160477
010    $a 2-7144-4129-7 $b br. $d 19,50 EUR
020    $a FR $b 00521451
033    $a http://catalogue.bnf.fr/ark:/12148/cb39960214n
035    $a FRBNF399602140000002
090    $a 160477
091    $b 20240514 $c 1 $a 2
099    $t LI $c 2014-06-30 $d 2024-05-14 $x 28
100    $a 20050425d2005    m  y0frey50      ba
101 1  $a fre $c eng
102    $a FR
105    $a ||||z   00|a|
106    $a r
181  0 $6 01 $a i  $b xxxe  
181    $6 02 $c txt $2 rdacontent
182  0 $6 01 $a n
182    $6 02 $c n $2 rdamedia
200 1  $a La dame au sari bleu $b Texte imprimé $f Katherine Scholes $g trad. de l'anglais (Australie) par Florence Hertz
210    $a Paris $c Belfond $d 2005 $e 18-Saint-Amand-Montrond $g Impr. Bussière
215    $a 425 p. $c couv. ill. en coul. $d 24 cm
225    $a [Les grands romans Belfond]
330    $a Zelda, 20 ans, est née sur une côte sauvage de Tasmanie et a été élevée par son père, James, un homme dur et austère. Sa mère, Ellen, est morte lorsqu'elle était encore bébé. Après le décès soudain de son père, Zelda trouve un article de presse lui révélant que sa mère est vivante, quelque part en Inde. Elle décide de la retrouver.
339    $a m
410  0 $0 34228325 $t Les Grands romans Belfond $x 0246-6090 $d 2005
454  1 $t Make me an idol
686    $a 803 $2 Cadre de classement de la Bibliographie nationale française
700    $3 12352504 $9 77486 $o ISNI000000011494000X $a Scholes $b Katherine $f 1959-.... $4 070
702    $3 12237212 $9 76779 $o ISNI0000000357193440 $a Hertz $b Florence $4 730
801  0 $a FR $b FR-751131015 $c 20050425 $g AFNOR $h FRBNF399602140000002 $2 intermrc
999    $a FRBNF399602140000002
995    $0 0 $2 0 $4 0 $5 2005-06-02 $9 181404 $P 19.50 $b MED $c MED $e MED1A $f C0004078712 $h ALTROZZ $k R/SCH $o 0 $p 19.50 $r PRETLIV $s R_SCH $w 79 $y 2024-04-16

