03792cam a2200469   4500
001 160642
003 http://www.mediathequederoubaix.fr/ark:/20179/KH160642
010    $a 2-211-06468-X $b br. $d 11,50 EUR
020    $a FR $b 00510337
033    $a http://catalogue.bnf.fr/ark:/12148/cb399159033
035    $a FRBNF399159030000001
090    $a 160642
091    $b 20240514 $c 1 $a 2
099    $t LI $c 2014-06-30 $d 2024-05-14 $x 0
100    $a 20050204d2005    a  y0frey50      ba
101 1  $a fre $c eng
102    $a FR
105    $a ||||z   00|a|
106    $a r
181  0 $6 01 $a i  $b xxxe  
181    $6 02 $c txt $2 rdacontent
182  0 $6 01 $a n
182    $6 02 $c n $2 rdamedia
200 1  $a La fille sur la balançoire rouge $b Texte imprimé $f Polly Horvath $g trad. de l'anglais (Canada) par Benoîte Bureau
210    $a Paris $c l'École des loisirs $d 2005 $e 18-Saint-Amand-Montrond $g Bussière Camedan impr.
215    $a 263 p. $c couv. ill. en coul. $d 19 cm
225    $a Neuf
321    $a La Revue des livres pour enfants. Sélection annuelle
321    $a Escales en littérature de jeunesse
329    $a Primrose a 11 ans et ses parents sont morts en mer lors d'une tempête, du moins c'est ce que tout le monde croit. Mais la petite fille, elle, est persuadée qu'ils sont en vie et qu'ils vont revenir. L'histoire se passe dans une petite ville du Canada où les habitants se mobilisent pour trouver une solution de garde à l'enfant, jusqu'à ce que son oncle - célibataire, aventurier et absolument pas préparé à assumer de telles responsabilités mais formidable cependant - prenne le relais. Primrose garde confiance en l'avenir et se bat contre les certitudes des adultes, laissant à chacun sa chance, comprenant que l'important c'est ce qui vient du coeur. Elle doit affronter la méchanceté des autres enfants, trouve refuge auprès d'adultes qui ont eux aussi des problèmes mais qui, chacun à leur façon, la font progresser. Et en particulier Miss Bowzer, la propriétaire du restaurant " La fille sur la balançoire rouge " avec qui elle concocte de délicieuses recettes qui sont données à la fin des quinze chapitres. Le ton est délicieux, il y a dans ce roman à la fois beaucoup d'humanité et une grande ouverture, chacun se débrouille comme il le peut dans sa vie, rien n'est parfait mais tout ou presque mérite d'être vécu. Il y a une grande diversité de personnages forts et attachants, un peu malmenés par les aléas de la vie, et une bonne dose d'aventures. Un régal à lire et à déguster avec quelques recettes de cuisine surprenantes. $d 20050603 $f AE
329    $a Primrose, 11 ans, garde confiance même si ses parents ont disparus en mer. En attendant leur retour elle trouve du réconfort chez son oncle, célibataire endurci, ainsi qu'en la propriétaire d'un restaurant. Une bonne dose d'aventures et beaucoup d'humanité. Un délice à lire et à déguster, car il y a aussi de surprenantes recettes.
333    $a À partir de 9 ans $2 CNLJ $k Avis critique donné par le Centre national de la littérature pour la jeunesse
339    $a a
410  0 $0 34229696 $t Neuf (Paris.1984) $x 0295-7191 $d 2005
454  1 $t Everything on a waffle
608    $a Romans $2 CNLJ $k Avis critique donné par le Centre national de la littérature pour la jeunesse
686    $a 809 $2 Cadre de classement de la Bibliographie nationale française
700    $3 13611640 $9 82917 $o ISNI0000000082697593 $a Horvath $b Polly $4 070
702    $3 13611641 $9 82918 $o ISNI0000000003025669 $a Bureau $b Benoîte $4 730
801  0 $a FR $b FR-751131015 $c 20050204 $g AFNOR $h FRBNF399159030000001 $2 intermrc
999    $a FRBNF399159030000001
995    $0 0 $2 0 $4 0 $5 2005-06-04 $9 181621 $P 11.50 $b MED $c MED $e MED0A $f C0004088759 $h JROROZZ $k EXT E R/HOR $o 0 $p 11.50 $r PRETLIV $s EXT_E_RHOR $w 3 $y 2017-03-15

