02225cam a2200469   4500
001 160856
003 http://www.mediathequederoubaix.fr/ark:/20179/KH160856
010    $a 2-03-553119-5 $b rel. $d 5,95 EUR
020    $a FR $b 00659648
033    $a http://catalogue.bnf.fr/ark:/12148/cb40187801j
035    $a FRBNF401878010000009
073  0 $a 9782035531193
090    $a 160856
091    $b 20240514 $c 1 $a 2
099    $t LI $c 2014-06-30 $d 2024-05-14 $x 23
100    $a 20060627d2005    a  y0frey50      ba
101 0  $a fre
102    $a FR
105    $a ||||z   00|y|
106    $a r
181  0 $6 01 $a i  $b xxxe  
181    $6 02 $c txt $2 rdacontent
182  0 $6 01 $a n
182    $6 02 $c n $2 rdamedia
200 1  $a Les bobos $b Texte imprimé $f illustré par Clément Devaux $g écrit par Benoît Delalandre
210    $a Paris $c Larousse $d cop. 2005 $e 37-Tours $g Impr. Mame
215    $a 1 vol. (37 p.) $c ill. en coul., couv. ill. en coul. $d 20 cm
225    $a Mes petites encyclopédies Larousse $v 21
330    $a Les petits bobos de tous les jours expliqués aux tout-petits : le nez qui coule, les yeux qui piquent, le genou qui saigne, les bleus, les boutons et les coups de soleil.
339    $a a
410  0 $0 38893311 $t Mes petites encyclopédies Larousse $x 1636-7553 $v 21
606    $3 11983292 $9 6688 $7 ba0yba0y $8 fre    $a Médecine $3 12042408 $9 314947 $x Ouvrages pour la jeunesse $2 rameau $9 6688
606    $3 11983292 $9 6688 $a Médecine $2 rameau
608    $3 12042408 $9 314947 $a Ouvrages pour la jeunesse $2 rameau
608    $a Documentaires : sciences et techniques $2 CNLJ $k Avis critique donné par le Centre national de la littérature pour la jeunesse
676    $a 610.83 $v 23
686    $a 610 $2 Cadre de classement de la Bibliographie nationale française
700    $3 14565266 $9 83059 $o ISNI0000000078435558 $a Devaux $b Clément $f 1979-.... $4 070
701    $3 14563415 $9 37759 $o ISNI0000000110359955 $a Delalandre $b Benoît $4 070
801  0 $a FR $b FR-751131015 $c 20060627 $g AFNOR $h FRBNF401878010000009 $2 intermrc
999    $a FRBNF401878010000009
995    $0 0 $2 0 $4 0 $5 2005-06-10 $9 181917 $P 5.95 $b MED $c MED $e MED0A $f C0004089810 $h JDT60ZZ $k EXT E/616 DEL $n 2024-06-27 $o 0 $p 5.95 $r PRETLIV $s EXT_E_616_000000000000000_DEL $w 53 $y 2024-04-16 $8 MA0C11

