02670nj  a2200397 n 4500
001 161105
003 http://www.mediathequederoubaix.fr/ark:/20179/KH161105
005 20240514065437.0
035    $a HZ_RbxHzBib254815
071 01 $a 2564 61956-2 $b Warner
090    $a 161105
091    $a 1 $b 20240514 $c 0
099    $t DC $c 2014-06-30 $d 2024-05-14 $x 2
100    $a          2005         frey5003    ba
101    $a    
200    $a The last night of the Proms 2004 $b Enr. sonore $f Anton Dvorak, Richard Strauss, Vaughan Williams, Samuel Barber...[et al.], comp. $g Sir Thomas Allen, BAR $g Simon Preston, org. $g David Pyatt, cor $g BBC Singers, BBC Symphony Chorus $g BBC Symphony Orchestra $g Leonard Slatkin, dir.
210    $d P 2005
215    $a 2 d.c.
327    $a DC 1 : Overture : "carnaval", op. 92 / Antonin Dvorak $a Horn concerto No.1 en mi bémol majeur, op. 11 / Richard Strauss $a Five mystical songs / Vaughan Williams $a Toccata festiva, op. 36 / Samuel Barber $a DC 2 : Ojai festival overture / Maxwell Davies $a Choeur à bouche fermée : extr. de Madame Butterfly / Giacomo Puccini $a Oh ! what a beautiful mornin' : extr. de : Oklahoma / Rodgers $a Where is the life that I led ? : extr. de : Kiss me, Kate / Cole Porter $a I've got a little list : extr. de The mikado Sullivan $a Leonard Slatkin speaks ... $a The liberty bell - march / Sousa $a Pomp and circumstances march No1 en ré majeur " Land of hope and glory / Elgar $a Fantasia on british sea song / Woods & Jackson $a Leoanrd Slatkin speaks... $a Jerusalem / Parry $a The national anthem
339    $a m
345    $a Temple du disque
606 0  $a Concerts $y Grande-Bretagne $y Angleterre (GB) $x Disques $2 rameau
606 0  $a Chefs d'orchestre $y Etats-Unis $z Représentations $x Disques $2 rameau
679    $a 3.98
701  1 $a Strauss $b Richard $f 1864-1949
701  1 $a Barber $b Samuel $f 1910-1981
701  1 $7 ba0yba0y $8 fre    $3 13900779 $9 6746 $7 ba0yba0y $8 fre    $a Vaughan Williams $b Ralph $f 1872-1958
701    $7 ba0yba0y $8 fre    $a Dvořák $b Antonín $f 1841-1904 $3 13893562 $9 2254
702  1 $a Allen $b Thomas $f 1944-....
702    $7 ba0yba0y $8 fre    $a Slatkin $b Leonard $f 1944-.... $3 13899842 $9 19391
702    $7 ba0yba0y $8 fre    $a Preston $b Simon $f 1938-.... $3 13898659 $9 16000
712    $7 ba0yba0y $8 fre    $a BBC Singers $3 13901873 $9 14638
712    $7 ba0yba0y $8 fre    $a BBC symphony chorus $3 13901871 $9 39064
712    $7 ba0yba0y $8 fre    $a BBC symphony orchestra $3 13901874 $9 18358
801    $a FR $b 595126101 $c 20070831 $g AFNOR
995    $0 0 $2 0 $4 0 $5 2005-07-07 $9 182256 $P 19.13 $b MED $c MED $e MED1A $f C0003902950 $h AMV30ZZ $k DC/3.96 SLA CHEF D'ORCHESTRE $l 2 d.c. $o 0 $p 19.13 $r PRETSON $s DC_3_960000000000000_SLA_CHEF_DORCHESTRE $w 18 $y 2021-08-05 $7  $8  $A 0 $m  $z 

