01108ng  a2200301 n 4500
001 161346
003 http://www.mediathequederoubaix.fr/ark:/20179/KH161346
005 20240514065515.0
035    $a HZ_RbxHzBib255228
090    $a 161346
091    $a 1 $b 20240514 $c 0
099    $t VD $c 2014-06-30 $d 2024-05-14 $x 5
100    $a          2003         frey5003    ba
101    $a chi $a     $a     $a     $a    
200    $a Blind shaft $b DVD $f Yang Li, réal., scénario
210    $a Chine $c Li Yang $c Tang splendour films limited $d 2003
215    $a 1 DVD (1h 32min) $c coul., sonore
305    $a Version originale sous-titré
323    $a Interprètes : Li Yixiang, Wang Shuangbao, An Jing...[et al.]
327    $a Bonus : propos du réalisateur
339    $a m
606 0  $a Cinéma $y États-Unis $z 1990-.... $2 rameau
700  1 $4 370 $4 690 $a Li $b Yang
702  1 $a Yixiang $b Li
702  1 $a Shuangbao $b Wang
702  1 $a Jing $b An
801    $a FR $b 595126101 $c 20070831 $g AFNOR
995    $0 0 $2 0 $4 0 $5 2005-07-27 $9 182551 $P 20.80 $b MED $c MED $e MED3E $f C0003904237 $h AAPCIFI $k DVD/F YAN $o 0 $p 20.80 $r PRETDVD $s DVD_F_YAN $w 40 $y 2018-07-10 $7 VHS

