01150nj  a2200289 n 4500
001 161522
003 http://www.mediathequederoubaix.fr/ark:/20179/KH161522
005 20240514065552.0
035    $a HZ_RbxHzBib255566
071 01 $a Projekt
090    $a 161522
091    $a 1 $b 20240514 $c 0
099    $t DC $c 2014-06-30 $d 2024-05-14 $x 5
100    $a          2005         frey5003    ba
101    $a    
200    $a Mei-jyu $b Enr. sonore $f Alio die & Jack or Jive
210    $d [2005]
215    $a 1 d.c. $e 1 feuillet double
327    $a Meijyu $a Fluff of a dandelion $a Make an arc through the air $a Flowing up from the core of the mountains $a Slow motion $a The place of reunion $a Village enveloped in the mist $a The space between $a Meijyu (reprise)
339    $a m
606 0  $a New age $x Disques $2 rameau
606 0  $a Musique planante $x Disques $2 rameau
679    $a 554
711  2 $a Alio Die
711 02 $7 ba0yba0y $8 fre    $3 14252876 $9 302129 $a Jack or jive
801    $a FR $b 595126101 $c 20070831 $g AFNOR
995    $0 0 $2 0 $4 0 $5 2005-06-30 $9 182734 $P 18.00 $b MED $c MED $e MED1A $f C0003903451 $h AMV50ZZ $k DC/554 ALI $o 0 $p 18.00 $r PRETSON $s DC_554_000000000000000_ALI $w 42 $y 2017-05-30

