01735ni  a2200325 n 4500
001 161717
003 http://www.mediathequederoubaix.fr/ark:/20179/KH161717
005 20240514070052.0
035    $a HZ_RbxHzBib255922
090    $a 161717
091    $a 2 $b 20240514 $c 0
099    $t LS $c 2014-06-30 $d 2024-05-14 $x 4
100    $a          2000         frey5003    ba
101    $a fre
200    $a La nouvelle vague $b Enr. sonore $f Noël Simsolo $g avec les vois de François Truffaut, Jean-Luc Godard, Claude Chabrol, Alain Resnais... [et al.]
210    $a Paris $c INA $c Radio France $d P 2000
215    $a 2 d.c. inclus dans 1 livre (2h12mn)
225 2  $a Archives sonores INA $d Les grandes heures
300    $a D'après une série de 10 émissions diffusées sur France Culture en 1987
339    $a m
410    $t Archives sonores INA. Les grandes heures
606 0  $2 rameau $7 ba0yba0y $8 fre    $7 ba0yba0y $8 fre    $a Nouvelle Vague (cinéma) $3 12050486 $9 47816 $x Disques compacts $y France
700    $7 ba0yba0y $8 fre    $a Simsolo $b Noël $f 1944-.... $3 11924888 $4 550 $9 20220
702    $4 550 $7 ba0yba0y $8 fre    $a Chabrol $b Claude $f 1930-2010 $3 11895846 $9 47272
702  1 $4 550 $7 ba0yba0y $8 fre    $a Rohmer $b Éric $f 1920-2010 $3 11922412 $9 29174
702    $3 11921604 $7 ba0yba0y $8 fre    $a Resnais $b Alain $f 1922-2014 $4 550 $9 38229
702    $3 11927177 $7 ba0yba0y $8 fre    $a Truffaut $b François $f 1932-1984 $4 550 $9 15313
702    $7 ba0yba0y $8 fre    $a Godard $b Jean-Luc $f 1930-.... $4 550 $3 11905213 $9 37593
801    $a FR $b 595126101 $c 20140306 $g AFNOR
995    $0 0 $2 0 $4 0 $5 2005-09-24 $9 182943 $P 37.05 $b MED $c MED $e MED1A $f C0003966360 $h ALTLSZZ $k LA 792/GEN $l Contient 2 Cd dans un livre $o 0 $p 37.05 $r PRETLS $s LA_792_000000000000000_GEN $w 16 $y 2017-10-03 $7 Mots et merveilles (Livres sonores)

