01479ng  a2200325 n 4500
001 161919
003 http://www.mediathequederoubaix.fr/ark:/20179/KH161919
005 20240514070147.0
035    $a HZ_RbxHzBib256226
090    $a 161919
091    $a 1 $b 20240514 $c 0
099    $t VD $c 2014-06-30 $d 2024-05-14 $x 35
100    $a          1976         frey5003    ba
101    $a fre $a     $a     $a     $a    
200    $a Un éléphant ça trompe énormément $b DVD $a Nous irons tous au paradis $f Yves Robert, réal., dial. $g Jean-Loup Dabadie, dial., scénario $g Vladimir Cosma, mus.
210    $a France $c Gaumont $c La Guéville $d 1976 - 1977
215    $a 3 DVD (1 h 38 min) (1 h 52 min) $c coul., sonore
323    $a Interprètes : Jean Rochefort, Claude Brasseur, Guy Bedos...[et al.]
339    $a m
345    $a ADAV $b 60136
517    $a Nous irons tous au paradis
606 0  $a Cinéma $y France $z 1960-1990 $2 rameau
700  1 $a Robert $b Yves $f 1920-2002
702  1 $a Brasseur $b Claude $f 1936-....
702    $7 ba0yba0y $8 fre    $a Bedos $b Guy $f 1934-2020 $3 11890924 $9 9488
702    $7 ba0yba0y $8 fre    $a Cosma $b Vladimir $f 1940-.... $3 13892767 $4 545 $9 1291
702    $7 ba0yba0y $8 fre    $a Dabadie $b Jean-Loup $f 1938-2020 $3 13892904 $4 090 $9 13034
702  1 $a Rochefort $b Jean $f 1930-2017
801    $a FR $b 595126101 $c 20110107 $g AFNOR
995    $0 0 $2 0 $4 0 $5 2005-08-02 $9 183176 $P 124.04 $b MED $c MED $e MED1A $f C0003904839 $h AAPCIFI $k DVD/F ROB $l Contient : 3 DVD. $o 0 $p 124.04 $r PRETDVD $s DVD_F_ROB $w 101 $y 2023-01-03 $7 ADAV

