02057cam a2200421   4500
001 162150
003 http://www.mediathequederoubaix.fr/ark:/20179/KH162150
010    $a 2-228-90002-8 $b br. $d 7,50 EUR
020    $a FR $b 00532397
033    $a http://catalogue.bnf.fr/ark:/12148/cb39982991x
035    $a FRBNF399829910000006
090    $a 162150
091    $b 20240514 $c 1 $a 2
099    $t LI $c 2014-06-30 $d 2024-05-14 $x 8
100    $a 20050606d2005    m  y0frey50      ba
101 0  $a fre
102    $a FR
105    $a ||||z   00|y|
106    $a r
181  0 $6 01 $a i  $b xxxe  
181    $6 02 $c txt $2 rdacontent
182  0 $6 01 $a n
182    $6 02 $c n $2 rdamedia
200 1  $a Le roman familial de Freud $b Texte imprimé $f Gabrielle Rubin
210    $a Paris $c Éd. Payot & Rivages $d impr. 2005 $e 21-Dijon-Quétigny $g Impr. Darantière
215    $a 1 vol. (165 p.) $c couv. ill. $d 17 cm
225    $a Petite bibliothèque Payot $v 562
300    $a Bibliogr. p. 163-164
330    $a L'auteur se penche sur la question d'un phénomène bien connu des spécialistes : le roman familial. Il consiste, pour un enfant, à inventer et à amplifier la situation familiale, au point de se réinventer des parents d'un niveau supérieur que ce qu'ils sont en réalité. Ce même fantasme détermine ses actes plus tard à l'âge adulte, et la vie de Freud ne fut pas l'exception à la règle.
339    $a m
410  0 $0 34245778 $t Petite bibliothèque Payot (Paris) $x 0480-2012 $v 562
600    $3 11903585 $9 8191 $a Freud $b Sigmund $f 1856-1939 $3 11933986 $9 1625 $x Famille $2 rameau
676    $a 150.195 20922 $v 23
686    $a 920 $2 Cadre de classement de la Bibliographie nationale française
700    $3 12636596 $9 83667 $o ISNI0000000066515120 $a Rubin $b Gabrielle $f 1921-2022 $4 070
801  0 $a FR $b FR-751131015 $c 20050606 $g AFNOR $h FRBNF399829910000006 $2 intermrc
999    $a FRBNF399829910000006
995    $0 0 $2 0 $4 0 $5 2005-10-07 $9 183412 $P 7.50 $b MED $c MED $e MED1A $f C0003960982 $h AAPPLPS $k Doc./159 FRE $o 0 $p 7.50 $r PRETLIV $s DOC___159_000000000000000_FRE $w 18 $y 2021-02-23 $7 Lisires

