02964cam a2200505   4500
001 162352
003 http://www.mediathequederoubaix.fr/ark:/20179/KH162352
010    $a 2-07-054943-7 $b br. $d 7,50 EUR
020    $a FR $b 00236022
033    $a http://catalogue.bnf.fr/ark:/12148/cb38878229h
035    $a FRBNF388782290000000
073  0 $a 9782070549436 $2 ALS
090    $a 162352
091    $b 20240514 $c 1 $a 2
099    $t LI $c 2014-06-30 $d 2024-05-14 $x 11
100    $a 20020911d2002    a  y0frey50      ba
101 1  $a fre $c eng
102    $a FR
105    $a ||||z   00|a|
106    $a r
181  0 $6 01 $a i  $b xxxe  
181    $6 02 $c txt $2 rdacontent
182  0 $6 01 $a n
182    $6 02 $c n $2 rdamedia
200 1  $a La dernière bataille $b Texte imprimé $f C. S. Lewis $g ill. de Pauline Baynes $g trad. de l'anglais par Philippe Morgaut
210    $a [Paris] $c Gallimard jeunesse $d 2002 $e impr. en Italie
215    $a 216 p. $c ill. en coul., couv. ill. en coul. $d 18 cm
225 19 $a Chroniques de Narnia $v 7
225    $a Folio junior $x 0153-0593 $v 1212
321    $a La Revue des livres pour enfants. Sélection annuelle
321    $a Escales en littérature de jeunesse
329    $a Les Chroniques de Narnia5 : L'Odyssée du passeur d'Aurore ; 6 : Le Fauteuil d'argent ; 7 : La Dernière BatailleGallimard achève avec ces trois volumes la réédition du grand classique de la fantasy pour la jeunesse. Comme dans les volumes précédents, quelques enfants franchissent par hasard la porte vers Narnia, où ils vivent des aventures sous le haut patronage du lion Aslan. Lucy et Edmund entraînent leur cousin Eustache au secours du prince Caspian sur les mers de Narnia. La Dernière Bataille, l'un des tomes les plus intéressants, réunit l'ensemble des protagonistes du cycle avec leurs derniers descendants pour refermer l'univers de Narnia. Sept récits poétiques absolument indispensables.
330    $a Malgré l'aide d'Eustache et de Jill, le royaume de Narnia tombe aux mains des Calormènes...
333    $a À partir de 11 ans $2 CNLJ $k Avis critique donné par le Centre national de la littérature pour la jeunesse
339    $a a
410  0 $0 34226165 $t Collection Folio junior $x 0153-0593 $v 1212
454  1 $t The last battle
608    $a Romans $2 CNLJ $k Avis critique donné par le Centre national de la littérature pour la jeunesse
686    $a 809 $2 Cadre de classement de la Bibliographie nationale française
700    $3 11912889 $9 67118 $o ISNI0000000121235691 $a Lewis $b Clive Staples $f 1898-1963 $4 070
702    $3 12402892 $9 64343 $o ISNI0000000121458000 $a Baynes $b Pauline $f 1922-2008 $4 440
702    $3 13203065 $9 13443 $o ISNI0000000001753718 $a Morgaut $b Philippe $4 730
801  0 $a FR $b FR-751131015 $c 20020911 $g AFNOR $h FRBNF388782290000000 $2 intermrc
999    $a FRBNF388782290000000
995    $0 0 $2 0 $4 0 $5 2006-06-06 $9 183659 $P 8.20 $b MED $c MED $e MED2A $f C0004290924 $h JROROZZ $k E R/LEW $o 0 $p 8.20 $r PRETLIV $s E_R_LEW $w 22 $y 2021-09-01 $7 Bateau Livre

