00935ni  a2200241 n 4500
001 162542
003 http://www.mediathequederoubaix.fr/ark:/20179/KH162542
005 20240514070827.0
010    $a 2-914428-04-9
035    $a HZ_
090    $a 162542
091    $a 2 $b 20240514 $c 0
099    $t LS $c 2014-06-30 $d 2024-05-14 $x 2
100    $a          1992         frey5003    ba
101    $a fre
200    $a Zapping $b Enr. sonore $f Didier Daeninckx $g lu par Yves Belluardo
210    $a Paris $c CdL Editions $d cop. 1992
215    $a 4 d.c.
339    $a m
700    $7 ba0yba0y $8 fre    $a Daeninckx $b Didier $f 1949-.... $3 11898410 $9 6960
702    $7 ba0yba0y $8 fre    $a Belluardo $b Yves $f 1937-2004 $3 14154542 $4 550 $9 88831
801    $a FR $b 595126101 $c 20100623 $g AFNOR
995    $0 0 $2 0 $4 0 $5 2005-10-13 $9 183863 $P 39.00 $b MED $c MED $e MED1A $f C0003965681 $h ALTLSZZ $k LA R/DAE $l Contient 5 CD $o 0 $p 39.00 $r PRETLS $s LA_R_DAE $w 16 $y 2017-05-23 $7 Mots et merveilles (Livres sonores)

