01602cam a2200373   4500
001 162728
003 http://www.mediathequederoubaix.fr/ark:/20179/KH162728
010    $b Br.
033    $a http://catalogue.bnf.fr/ark:/12148/cb391392871
035    $a FRBNF391392870000007
090    $a 162728
091    $a 2 $b 20240514 $c 1
099    $t LI $c 2014-06-30 $d 2024-05-14 $x 207
100    $a 20040305g2004    a  y0frey50      ba
101 0  $a fre
102    $a FR
105    $a ||||t   00|a|
106    $a r
181  0 $6 01 $a i  $b xxxe   $a b  $b xb2e  
181    $6 02 $c txt $c sti $2 rdacontent
182  0 $6 01 $a n
182    $6 02 $c n $2 rdamedia
200 1  $a Tom-Tom et Nana $b Texte imprimé $f scénario, Jacqueline Cohen $g dessins, Bernadette Després
210    $a Paris $c Bayard jeunesse $d 2004-
215    $d 19 cm
225    $a Bayard BD poche
330    $a En 9 histoires, les inépuisables bêtises du frère et de la soeur, duo infernal. Et le quotidien à l'école n'est pas sans donner lieu à de nouvelles catastrophes ! Histoires initialement parues dans le journal J'aime lire.
339    $a a
410  0 $0 39128021 $t Bayard BD poche $x 1765-6168 $d 2004-
700    $3 11897190 $9 14755 $o ISNI0000000110245237 $a Cohen $b Jacqueline $f 1943-.... $4 070
702    $3 11899890 $9 14756 $o ISNI000000011024527X $a Després $b Bernadette $f 1941-.... $4 440
801  0 $a FR $b FR-751131015 $c 20040305 $g AFNOR $h FRBNF391392870000007 $2 intermrc
999    $a FRBNF391392870000007
995    $0 3 $2 1 $4 0 $5 2014-05-07 $9 184214 $P 7.20 $b MED $c MED $e MED2A $f C0006017958 $h JBDSRZZ $k E BD/SERIES $n 2019-11-20 $o 4 $p 7.20 $r PRETLIV $s E_BD_SERIES $w 91 $y 2019-10-30

