02353cam a2200457   4500
001 162887
003 http://www.mediathequederoubaix.fr/ark:/20179/KH162887
010    $a 2-7470-1587-4 $b br. $d 4,90 EUR
020    $a FR $b 00539372
033    $a http://catalogue.bnf.fr/ark:/12148/cb39988955h
035    $a FRBNF399889550000007
073  0 $a 9782747015875 $2 ALS
090    $a 162887
091    $b 20240514 $c 1 $a 2
099    $t LI $c 2014-06-30 $d 2024-05-14 $x 171
100    $a 20050615d2005    a  y0frey50      ba
101 0  $a fre
102    $a FR
105    $a ||||z   00|a|
106    $a r
181  0 $6 01 $a i  $b xxxe  
181    $6 02 $c txt $2 rdacontent
182  0 $6 01 $a n
182    $6 02 $c n $2 rdamedia
200 1  $a Je ne peux jamais faire ce que je veux ! $b Texte imprimé $f une histoire écrite par Florence Dutruc-Rosset $g illustrée par Marylise Morel...
210    $a [Paris] $c Bayard jeunesse $d impr. 2005 $e 35-Rennes $g Impr. Oberthur graphique
215    $a 1 vol. (44 p.) $c ill. en coul., couv. ill. en coul. $d 19 cm
225 19 $a C'est la vie Lulu ! $v 7
225    $a Bayard poche
330    $a Lulu en a assez : elle ne peut jamais faire ce qu'elle veut. Elle doit faire des courses quand elle a envie de rester dans sa chambre, aller s'aérer quand elle veut regarder la télé, porter les vêtements de sa soeur. Avec les copains qui partagent son avis, elle décide de se révolter en montant un spectacle qui ouvrirait le dialogue entre les enfants et les parents.
339    $a a
410  0 $0 37142881 $t Bayard poche $x 1623-8621 $d 2005
608    $a Romans $2 CNLJ $k Avis critique donné par le Centre national de la littérature pour la jeunesse
676    $a 811.5 $v 23
686    $a 809 $2 Cadre de classement de la Bibliographie nationale française
700    $3 12556975 $9 33650 $o ISNI0000000000226131 $a Dutruc-Rosset $b Florence $f 1966-.... $4 070
702    $3 14538201 $9 75209 $o ISNI000000000351549X $a Morel $b Marylise $4 440
801  0 $a FR $b FR-751131015 $c 20050615 $g AFNOR $h FRBNF399889550000007 $2 intermrc
999    $a FRBNF399889550000007
995    $0 0 $2 0 $4 0 $5 2014-09-26 $9 310630 $P 4.90 $b MED $c MED $e MED2A $f C0005888023 $h JRORMZZ $k PRE R/LUL $n 2024-05-25 $o 0 $p 4.90 $r PRETLIV $s PRE_R_LUL $w 80 $y 2024-05-04
995    $0 0 $2 0 $4 0 $5 2018-10-19 $9 383351 $b MED $c MED $e MED2A $f C2500010428 $h JRORMZZ $k PRE/R LUL $n 2024-05-05 $o 0 $p 5.20 $r PRETLIV $s PRE_R_LUL $w 40 $y 2024-04-14

