01660ng  a2200337 n 4500
001 163077
003 http://www.mediathequederoubaix.fr/ark:/20179/KH163077
005 20240514071456.0
035    $a HZ_RbxHzBib258048
090    $a 163077
091    $a 1 $b 20240514 $c 0
099    $t VD $c 2014-06-30 $d 2024-05-14 $x 40
100    $a          2003         frey5003    ba
101    $a chi $a fre $a     $a     $a    
200    $a Le secret des poignards volants $b DVD $d House of Flying Daggers $f Zhang Yimou, réal. $g Shigeru Umebayashi, mus.
205    $a Version originale en mandarin, version française
210    $a Chine $c EDKO Film Ltd. $d 2003
215    $a 2 DVD (1 h 59 min) $c coul., sonore
323    $a Interprètes : Andy Lau, Zhang Ziyi, Takeshi Kaneshiro... [et al.]
327    $a Contient aussi : Making of (45 min) $a Comparaison film / storyboard $a Souvenirs de tournage (costumes, accessoires, décors) $a Visite des sites de tournage $a Clip vidéo "Lovers" $a Biographie des acteurs et de l'équipe du film
339    $a a
345    $a ADAV $b 64018
510    $a House of Flying Daggers
606 0  $a Cinéma $y Chine $z 1990-.... $2 rameau
700    $7 ba0yba0y $8 fre    $a Zhang $b Yimou $f 1951-.... $3 13966102 $4 300 $9 59183
702  1 $4 230 $a Shigeru $b Umebayashi
702  1 $a Takeshi $b Kaneshiro
702  1 $7 ba0yba0y $8 fre    $3 14241482 $9 84029 $7 ba0yba0y $8 fre    $a Zhang $b Ziyi $f 1979-....
702    $7 ba0yba0y $8 fre    $a Lau $b Andy $f 1961-.... $3 13938841 $9 92228
801    $a FR $b 595126101 $c 20110920 $g AFNOR
995    $0 0 $2 0 $4 0 $5 2005-08-30 $9 184844 $P 60.70 $b MED $c MED $e MED2A $f C0004043709 $h JCIFEF2 $k DVD/E+ F SEC $l Contient : 2 DVD $o -3 $p 60.70 $r PRETDVD $s DVD_E_F_SEC $w 135 $y 2022-04-05 $7 ADAV $A 0

