01264nj  a2200289 n 4500
001 163233
003 http://www.mediathequederoubaix.fr/ark:/20179/KH163233
005 20240514071529.0
035    $a HZ_RbxHzBib258243
071 01 $a GM001 $b Galliko Manggès
090    $a 163233
091    $a 1 $b 20240514 $c 0
099    $t DC $c 2014-06-30 $d 2024-05-14 $x 0
100    $a          2004         frey5003    ba
101    $a    
200    $a Galliko Manggès $b Enr. sonore
210    $d P 2004
215    $a 1 d.c. $e 1 feuillet double (12 cm)
327    $a Ti sé méli ésénané $a Karagouna $a Tzivaéri $a Ta paidia tis animas $a Osei ginoun prothipourgui $a Pendé mangès ston Peraia $a Prin to charama $a Tou Votanikou o mangas $a To pouli $a Aghiovassiliatikos $a Ta lianochortaloudia $a Chorepsété chorepsété $a Tango greco
339    $a m
345    $a Hybrid'music
606 0  $a Musique $y Grèce $z 20e siècle $x Disques $2 rameau
679    $a 077.2
710  1 $a Galliko Manggès
801    $a FR $b 595126101 $c 20070831 $g AFNOR
930    $5 595126101:C0003907366 $b 595126101 $a FLRSON DC / 1786 $e Fonds local et régional sonore
995    $0 0 $2 0 $4 0 $5 2005-08-18 $9 185023 $P 18.40 $b MED $c MED $e MED3C $f C0003907366 $h PENRSZZ $k FLRSON DC / 1786 $o 2 $p 18.40 $r PRETSON $s FLRSON_DC_1786_000000000000000 $w 0 $y 2014-06-30

