01373ng  a2200313 n 4500
001 163464
003 http://www.mediathequederoubaix.fr/ark:/20179/KH163464
005 20240515070201.0
035    $a HZ_RbxHzBib258763
090    $a 163464
091    $a 1 $b 20240515 $c 0
099    $t VD $c 2014-06-30 $d 2024-05-15 $x 31
100    $a          2004         frey5003    ba
101    $a fre $a eng $a     $a     $a    
200    $a Nous étions libres $b DVD $d Head in the clouds $f John Duigan, réal., scénario
210    $a Etats-Unis $c Arlight Films $c Remstar $c Spice factory $d 2004
215    $a 1 DVD (1 h56mn) $c coul., sonore
305    $a Versions en français, anglais
323    $a Interprètes : Charlize Theron, Pénélope Cruz, Stuart Townsend... [et al.]
339    $a m
345    $a VHS $b 13580
510    $a Head in the clouds
606 0  $a Cinéma $y États-Unis $z 1990-.... $2 rameau
700  1 $7 ba0yba0y $8 fre    $3 13999134 $9 302190 $4 300 $a Duigan $b John $f 1949-....
702    $7 ba0yba0y $8 fre    $a Townsend $b Stuart $f 1972-.... $3 14044330 $9 76014
702    $7 ba0yba0y $8 fre    $a Cruz $b Penélope $f 1974-.... $3 14024972 $9 84197
702    $7 ba0yba0y $8 fre    $a Theron $b Charlize $f 1975-.... $3 14039632 $9 84198
801    $a FR $b 595126101 $c 20070831 $g AFNOR
995    $0 0 $2 0 $4 0 $5 2005-11-04 $9 185315 $P 30.50 $b MED $c MED $e MED1A $f C0003914282 $h AAPCIFI $k DVD/F DUI $o 0 $p 30.50 $r PRETDVD $s DVD_F_DUI $w 81 $y 2020-06-24 $7 VHS

