00963nam a2200241 n 4500
001 163643
003 http://www.mediathequederoubaix.fr/ark:/20179/KH163643
005 20180724130334.0
035    $a HZ_
090    $a 163643
091    $a 0
099    $t LI $c 2014-06-30 $d 2014-06-30 $x 0
100    $a          1903         frey5003    ba
101    $a fre
102    $a   
200    $a Les rebelles $e pièce en trois actes $f Paul de Champeville $g ill. de onze compositions par A. Robida $g gravées au burin et à l'eau-forte par H. Manesse
210    $a Paris $c Imprimé pour A. Bélinac $d 1903
339    $a m
700  1 $9 289626 $a Champeville $b Paul de
702  1 $9 280553 $a Robida $b Albert $f 1848-1926 $4 440
801    $a FR $b 595126101 $c 20050906 $g AFNOR
930    $5 595126101:c0003840069 $b 595126101 $a LD/2358 $e Fonds patrimonial; legs Destombes
995    $0 0 $2 0 $4 0 $5 2005-09-06 $9 185526 $b MED $c MED $e MED3T $f c0003840069 $h PPELGZZ $k LD/2358 $o 2 $r PRETLIV $s LD_2358_000000000000000 $w 0 $y 2014-06-30

