00861nam a2200229 n 4500
001 163771
003 http://www.mediathequederoubaix.fr/ark:/20179/KH163771
005 20220926061056.0
035    $a HZ_
090    $a 163771
091    $a 0
099    $t LI $c 2014-06-30 $d 2022-09-26 $x 0
100    $a          1894         frey5003    ba
101    $a    
102    $a   
200    $a Une vie de Cléopatre $f Théophile Gautier $g Ill. de vingt et une compositions par Paul Avril
210    $a Paris $c A. Ferroud $d 1894
339    $a m
700    $7 ba0yba0y $8 fre    $a Gautier $b Théophile $f 1811-1872 $9 8218
801    $a FR $b 595126101 $c 20050909 $g AFNOR
930    $5 595126101:C0004000701 $b 595126101 $a LD/2423 $e Fonds patrimonial; legs Destombes
995    $0 0 $2 0 $4 0 $5 2005-09-09 $9 185654 $b MED $c MED $e MED3T $f C0004000701 $h PPELGZZ $k LD/2423 $o 2 $r PRETLIV $s LD_2423_000000000000000 $w 0 $y 2014-06-30

