01037nam a2200277 n 4500
001 163885
003 http://www.mediathequederoubaix.fr/ark:/20179/KH163885
005 20160125030608.0
035    $a HZ_
090    $a 163885
091    $a 0
099    $t LI $c 2014-06-30 $d 2014-06-30 $x 0
100    $a          1910         frey5003    ba
101    $a fre
102    $a   
200    $a Dans la peau du rôle $f C. C. Andrews $g nouvelle trad. de l'anglais par Louis Labat $g ill. de F. de Haenen
210    $a [Paris $c L'Illustration $d ca 1910]
215    $a 14 p. $c ill. $d 28 cm
305    $a L'Illustration d'après mention en entête
339    $a m
700  1 $9 203204 $a Andrews $b C. C.
702  1 $9 203136 $4 730 $a Labat $b Louis
702  0 $9 203134 $4 440 $a Haenen $b F. de
801    $a FR $b 595126101 $c 20080322 $g AFNOR
930    $5 595126101:c0004106997 $b 595126101 $a MAG L/P 8/209 380 $e Fonds patrimonial
995    $0 0 $2 0 $4 0 $5 2005-09-13 $9 185770 $b MED $c MED $e MED3J $f c0004106997 $h PPEFGZZ $k MAG L/P 8/209 380 $o 2 $r PRETLIV $s MAG_LP_8209_380000000000000 $w 0 $y 2014-06-30

