01083nam a2200277 n 4500
001 164033
003 http://www.mediathequederoubaix.fr/ark:/20179/KH164033
005 20170207230634.0
035    $a HZ_
090    $a 164033
091    $a 0
099    $t LI $c 2014-06-30 $d 2014-06-30 $x 0
100    $a          1912         frey5003    ba
101    $a fre
102    $a FR
200    $a Johann $e souvenirs de l'insurrection Kabyle $e [récits de guerre 1870-1871] $f Géneral Bruneau $g ill. de Georges Scott
210    $a [Paris $c L'illustration $d 1912]
215    $a 48 p. $c ill. $d 29 cm
300    $a Souvenirs de guerre
339    $a m
607    $a Algérie $z 1871-1872 (Insurrection) $2 rameau
700  1 $9 203254 $a Bruneau $b Jean-Paul $f 1848-1922
702  1 $9 82751 $7 ba0yba0y $8 fre    $a Scott $b Georges $f 1873-1943 $4 440
801    $a FR $b 595126101 $c 20080403 $g AFNOR
930    $5 595126101:c0004103907 $b 595126101 $a Mag L/P 4/209 397 $e Fonds patrimonial
995    $0 0 $2 0 $4 0 $5 2005-09-20 $9 185924 $b MED $c MED $e MED3J $f c0004103907 $h PPEFGZZ $k Mag L/P 4/209 397 $o 2 $r PRETLIV $s MAG_LP_4209_397000000000000 $w 0 $y 2014-06-30

