00813nam a2200241 n 4500
001 164146
003 http://www.mediathequederoubaix.fr/ark:/20179/KH164146
005 20180724130353.0
035    $a HZ_
090    $a 164146
091    $a 0
099    $t LI $c 2014-06-30 $d 2014-06-30 $x 0
100    $a          1969         frey5003    ba
101    $a fre
102    $a   
200    $a Silences $e poèmes $f Yves Bertherat
210    $a Paris $c éd. du Seuil $d 1969
215    $a 111 p. $d 26 cm
339    $a m
700  1 $9 289692 $a Bertherat $b Yves
801    $a FR $b 595126101 $c 20050924 $g AFNOR
930    $5 595126101:C0003932222 $b 595126101 $a MAG L/P 4/209 438 $e Fonds patrimonial
995    $0 0 $2 0 $4 0 $5 2005-09-24 $9 186045 $b MED $c MED $e MED3J $f C0003932222 $h PPEFGZZ $k MAG L/P 4/209 438 $o 2 $r PRETLIV $s MAG_LP_4209_438000000000000 $w 0 $y 2014-06-30

