01584cam a2200409   4500
001 164401
003 http://www.mediathequederoubaix.fr/ark:/20179/KH164401
010    $a 2-07-037679-6 $b Br. $d 38 F
020    $a FR $b 08606759
033    $a http://catalogue.bnf.fr/ark:/12148/cb34838092b
035    $a FRBNF348380920000001
039    $o OPL $a 003637237
090    $a 164401
091    $b 20240515 $c 1 $a 2
099    $t LI $c 2014-06-30 $d 2024-05-15 $x 26
100    $a 19840420d1985    m  y0frey50      ba
101 1  $a fre $c eng
102    $a FR
105    $a ||||z   00|a|
106    $a r
181  0 $6 01 $a i  $b xxxe  
181    $6 02 $c txt $2 rdacontent
182  0 $6 01 $a n
182    $6 02 $c n $2 rdamedia
200 1  $a Quand elle était gentille $b Texte imprimé $f Philip Roth $g trad. de l'anglais par Jean Rosenthal
210    $a [Paris] $c Gallimard $d 1985 $e 18-Saint-Amand $g Impr. Bussière
215    $a 405 p. $c couv. ill. en coul. $d 18 cm
225    $a Collection Folio $x 0768-0732 $v 1679
339    $a m
410  0 $0 34234540 $t Collection Folio $x 0768-0732 $v 1679
454  1 $t When she was good
686    $a 83 $2 Cadre de classement de la Bibliographie nationale française
700    $3 11922711 $9 5661 $o ISNI0000000122834557 $a Roth $b Philip $f 1933-2018 $4 070
702    $3 11922619 $9 4097 $o ISNI0000000121280599 $a Rosenthal $b Jean $f 1923-2020 $4 730
801  0 $a FR $b FR-751131015 $c 19840420 $g AFNOR $h FRBNF348380920000001 $2 intermrc
999    $a FRBNF348380920000001
995    $0 0 $2 0 $4 0 $5 2009-08-05 $9 186304 $P 9.00 $b MED $c MED $e MED1A $f C0004183321 $h ALTROZZ $k R/ROT $o 0 $p 9.00 $r PRETLIV $s R_ROT $w 36 $y 2023-01-05

