02177cam a2200445   4500
001 164592
003 http://www.mediathequederoubaix.fr/ark:/20179/KH164592
010    $a 2-84485-191-6 $b br. $d 23 EUR
020    $a FR $b 00603266
033    $a http://catalogue.bnf.fr/ark:/12148/cb40075291t
035    $a FRBNF400752910000008
073  0 $a 9782844851918
090    $a 164592
091    $b 20240515 $c 1 $a 2
099    $t LI $c 2014-06-30 $d 2024-05-15 $x 8
100    $a 20051124d2005    m  y0frey50      ba
101 1  $a fre $c eng
102    $a FR
105    $a ||||z   00|y|
106    $a r
181  0 $6 01 $a i  $b xxxe  
181    $6 02 $c txt $2 rdacontent
182  0 $6 01 $a n
182    $6 02 $c n $2 rdamedia
200 1  $a Experimental music $b Texte imprimé $e Cage et au-delà $f Michael Nyman $g avant-propos de Brian Eno $g traduit de l'anglais par Nathalie Gentili
210    $a Paris $c Éd. Allia $d impr. 2005 $e impr. en Italie
215    $a 1 vol. (293 p.) $c ill., mus. $d 22 cm
300    $a Bibliogr. p. 253-256 et 279-281. Index
330    $a Ce livre permet de comprendre d'où vient la musique dite expérimentale, sur quels fondements elle repose et d'analyser les enjeux de ce courant qui a influencé en profondeur toute la musique actuelle. Cette tradition musicale anglo-américaine née en grande partie de la musique et des idées de John Cage, s'est développée dans la seconde moitié du XXe siècle.
339    $a m
454  1 $t Experimental music : Cage and beyond
606    $3 11961653 $9 20985 $a Musique expérimentale $2 rameau
676    $a 780.904 $v 23
686    $a 780 $2 Cadre de classement de la Bibliographie nationale française
700    $3 13898053 $9 20960 $o ISNI0000000114893709 $a Nyman $b Michael $f 1944-.... $4 070
702    $3 13568282 $9 3113 $o ISNI000000011020112X $a Eno $b Brian $f 1948-.... $4 080
702    $3 15035666 $9 84585 $o ISNI0000000001874616 $a Gentili $b Nathalie $4 730
801  0 $a FR $b FR-751131015 $c 20051124 $g AFNOR $h FRBNF400752910000008 $2 intermrc
999    $a FRBNF400752910000008
995    $0 0 $2 0 $4 0 $5 2005-10-07 $9 186503 $P 23.00 $b MED $c MED $e MED1A $f C0003949708 $h AMV30ZZ $k DOC./782 ABC $o 0 $p 23.00 $r PRETLIV $s DOC___782_000000000000000_ABC $w 13 $y 2024-04-07 $7 Lisires

