02124cam a2200421   4500
001 164729
003 http://www.mediathequederoubaix.fr/ark:/20179/KH164729
010    $a 2-01-391022-3 $b rel. $d 14 EUR
020    $a FR $b 00340095
033    $a http://catalogue.bnf.fr/ark:/12148/cb39085400k
035    $a FRBNF390854000000003
073  0 $a 9782013910224 $2 ALS
090    $a 164729
091    $b 20240515 $c 1 $a 2
099    $t LI $c 2014-06-30 $d 2024-05-15 $x 28
100    $a 20031104d2003    a  y0frey50      ba
101 0  $a fre
102    $a FR
105    $a ||||z   00|a|
106    $a r
181  0 $6 01 $a i  $b xxxe  
181    $6 02 $c txt $2 rdacontent
182  0 $6 01 $a n
182    $6 02 $c n $2 rdamedia
200 1  $a Babayaga $b Texte imprimé $f Taï-Marc Le Thanh, Rébecca Dautremer
210    $a [Paris] $c Gautier-Languereau $d 2003 $e impr. en Italie
215    $a Non paginé [32] p. $c ill. en coul., couv. ill. en coul. $d 37 cm
330    $a Revisite le traditionnel conte russe qui raconte l'histoire d'une fillette, haute comme trois pommes, cherchant à échapper à Babayaga, l'ogresse qui n'a qu'une seule dent.
339    $a a
608    $a Contes, légendes et folklore $2 CNLJ $k Avis critique donné par le Centre national de la littérature pour la jeunesse
686    $a 809 $2 Cadre de classement de la Bibliographie nationale française
700    $3 14506608 $9 84637 $o ISNI0000000001432084 $a Le Thanh $b Taï-Marc $f 1967-.... $4 070
701    $3 13078414 $9 9651 $o ISNI000000012121687X $a Dautremer $b Rébecca $f 1971-.... $4 070
801  0 $a FR $b FR-751131015 $c 20031104 $g AFNOR $h FRBNF390854000000003 $2 intermrc
999    $a FRBNF390854000000003
995    $0 0 $2 0 $4 0 $5 2005-10-11 $9 186653 $P 14.00 $b MED $c MED $e MED0A $f C0003966792 $h JABCTEF $k EXT E C/LET $o 0 $p 14.00 $r PRETLIV $s EXT_E_CLET $w 10 $y 2018-03-16 $7 Bateau Livre
995    $0 0 $2 0 $4 0 $5 2005-10-11 $9 186654 $P 14.00 $b MED $c MED $e MED0A $f C0003966734 $h JABCTEF $k EXT E C/LET $o 0 $p 14.00 $r PRETLIV $s EXT_E_CLET $w 7 $y 2020-01-15 $7 Bateau Livre
995    $0 0 $2 0 $4 0 $5 2005-10-11 $9 186655 $P 14.00 $b MED $c MED $e MED0A $f C0003966679 $h JABCTEF $k EXT E C/LET $o 0 $p 14.00 $r PRETLIV $s EXT_E_CLET $w 11 $y 2021-06-01 $7 Bateau Livre

