01127ng  a2200289 n 4500
001 164893
003 http://www.mediathequederoubaix.fr/ark:/20179/KH164893
005 20240515071052.0
035    $a HZ_RbxHzBib260658
090    $a 164893
091    $a 1 $b 20240515 $c 0
099    $t VD $c 2014-06-30 $d 2024-05-15 $x 4
100    $a          1989         frey5003    ba
101    $a eng $a fre $a ger $a     $a    
200    $a Roger & moi $b DVD $f Michael Moore, réal.
210    $a Etats-Unis $c Warner Bros. $c Dog eat dog films $d 1989
215    $a 1 DVD (1 h 27 min) $c coul., sonore
327    $a Contient aussi : Commentaire audio de Michael Moore
339    $a m
345    $a VHS $b 84716
510    $a Roger and me
601    $7 ba0yba0y $8 fre    $a General motors corporation $3 11996124 $9 84694 $x DVD $2 rameau $9 84694
607 0  $a Etats-Unis $x Civilisation $x DVD $2 rameau
676    $a 973.92
700  1 $4 300 $a Moore $b Michael $c Cineaste
801    $a FR $b 595126101 $c 20070831 $g AFNOR
995    $0 0 $2 0 $4 0 $5 2005-11-04 $9 186858 $P 20.00 $b MED $c MED $e MED3A $f C0003912858 $h ACFHSZZ $k DVD/984.3 CON $o 0 $p 20.00 $r PRETDVD $s DVD_984_300000000000000_CON $w 18 $y 2021-06-10 $7 VHS $A 0

