01884cam a2200409   4500
001 165044
003 http://www.mediathequederoubaix.fr/ark:/20179/KH165044
010    $a 2-258-06694-8 $b br. $d 20,50 EUR
020    $a FR $b 00550344
033    $a http://catalogue.bnf.fr/ark:/12148/cb400485269
035    $a FRBNF400485260000009
073  0 $a 9782258066946
090    $a 165044
091    $b 20240515 $c 1 $a 2
099    $t LI $c 2014-06-30 $d 2024-05-15 $x 8
100    $a 20051010d2005    m  y0frey50      ba
101 0  $a fre
102    $a FR
105    $a ||||z   00|a|
106    $a r
181  0 $6 01 $a i  $b xxxe  
181    $6 02 $c txt $2 rdacontent
182  0 $6 01 $a n
182    $6 02 $c n $2 rdamedia
200 1  $a Le pianiste de la Nouvelle-Orléans $b Texte imprimé $e roman $f Paul Couturiau
210    $a [Paris] $c Presses de la Cité $d impr. 2005 $e 18-Saint-Amand-Montrond $g Impr. Bussière
215    $a 1 vol. (469 p.) $c couv. ill. en coul. $d 24 cm
225    $a Collection Sud lointain
300    $a Bibliogr., 2 p.
330    $a New York, 1956. Dexter assiste aux funérailles de son père, le célèbre saxophoniste de jazz Lenny Williams. Pourquoi cet homme, qu'il admire malgré lui, lui a-t-il retiré son affection alors que Dexter n'avait que 5 ans ? Il entame des recherches dans le passé trouble de son père, qui le conduisent à La Nouvelle-Orléans.
339    $a m
410  0 $0 37144643 $t Collection Sud lointain $x 1624-2874 $d 2005
686    $a 803 $2 Cadre de classement de la Bibliographie nationale française
700    $3 11898056 $9 9919 $o ISNI0000000081129498 $a Couturiau $b Paul $f 1952-.... $4 070
801  0 $a FR $b FR-751131015 $c 20051010 $g AFNOR $h FRBNF400485260000009 $2 intermrc
999    $a FRBNF400485260000009
995    $0 0 $2 0 $4 0 $5 2005-10-19 $9 187028 $P 20.50 $b MED $c MED $e MED1A $f C0004131861 $h ALTROZZ $k R COU $o 0 $p 20.50 $r PRETLIV $s R_COU $w 36 $y 2023-03-28 $7 Librairie des 3 Places

