04158cam a2200553   4500
001 165205
003 http://www.mediathequederoubaix.fr/ark:/20179/KH165205
010    $a 2-07-057068-1 $b br. $d 12,90 EUR
020    $a FR $b 00604354
033    $a http://catalogue.bnf.fr/ark:/12148/cb40063293t
035    $a FRBNF40063293000000X
073  0 $a 9782070570683
090    $a 165205
091    $b 20240515 $c 1 $a 2
099    $t LI $c 2014-06-30 $d 2024-05-15 $x 38
100    $a 20051102d2005    a  y0frey50      ba
101 0  $a fre
102    $a FR
105    $a ||||z   00|y|
106    $a r
181  0 $6 01 $a i  $b xxxe  
181    $6 02 $c txt $2 rdacontent
182  0 $6 01 $a n
182    $6 02 $c n $2 rdamedia
200 1  $a Pendant la Seconde guerre mondiale $b Texte imprimé $e Léonore, France, 1939-1945 $f raconté par Yaël Hassan, illustré par Olivier Tallec et Nicolas Wintz
210    $a Paris $c Gallimard jeunesse $d DL 2005 $e impr. en Chine
215    $a 1 vol. (60 p.) $c ill. en noir et en coul., couv. ill. en coul. $d 24 cm
225    $a Le journal d'un enfant $i Série Histoire
308    $a 5
321    $a La Revue des livres pour enfants $x 0398-8384
329    $c Intéressant $a Comme le veut le principe de la collection, c'est par le biais du journal d'une enfant - ici, Léonore qui habite Paris et passe ses vacances en Normandie - que le lecteur découvre une période historique. En contrepoint du journal, des informations documentaires dans les marges et des dépliants - citons notamment un dépliant sur Auschwitz-Birkenau - apportent les repères historiques indispensables. Le recours à la fiction pour transmettre des informations documentaires est un art difficile et il n'est pas toujours évident d'éviter certains pièges. Si le texte dans son ensemble comme les images réussissent à rendre compte de la vie quotidienne pendant la guerre, il n'évite pas pour autant quelques invraisemblances voire des maladresses (on lit avec étonnement la description de l'amie juive de Léonore, brune, bouclée, yeux noirs, aussi froussarde que Léonore est téméraire, page 21). Des illustrations très réussies accompagnent et complètent le récit $d 20060222 $f JVN $2 CNLJ $k Avis critique donné par le Centre national de la littérature pour la jeunesse
330    $a Léonore, dit Léo, vit à Paris lorsque la guerre éclate. Son père est fait prisonnier et la France capitule. Les Allemands envahissent la capitale. Commencent alors les souffrances et privations. Un jour, la police emmène Léa, sa meilleure amie avec ses parents. Ce n'est qu'à la fin de la guerre qu'elle apprend sa déportation. Des repères historiques et géographiques pour comprendre la période.
333    $a À partir de 9 ans $2 CNLJ $k Avis critique donné par le Centre national de la littérature pour la jeunesse
339    $a a
410  0 $0 40076607 $t Le Journal d'un enfant. Série Histoire $x 1776-6591 $d 2005
410  0 $0 39288831 $t Le Journal d'un enfant $x 1770-7951 $v 5
606    $3 11971264 $9 21268 $a Guerre mondiale (1939-1945) $x Enfants $3 11931476 $9 109 $y France $2 rameau
608    $3 12042408 $9 314947 $a Ouvrages pour la jeunesse $2 rameau
608    $a Documentaires : sciences humaines $2 CNLJ $k Avis critique donné par le Centre national de la littérature pour la jeunesse
676    $a 940.531 61 $v 23
676    $a 811.5 $v 23
686    $a 920 $2 Cadre de classement de la Bibliographie nationale française
700    $3 13334829 $9 46418 $o ISNI0000000121321370 $a Hassan $b Yaël $f 1952-.... $4 070
702    $3 13542368 $9 50839 $o ISNI0000000120969132 $a Tallec $b Olivier $f 1970-.... $4 440
702    $3 11929302 $9 18539 $o ISNI0000000121235931 $a Wintz $b Nicolas $f 1959-.... $4 440
801  0 $a FR $b FR-751131015 $c 20051102 $g AFNOR $h FRBNF40063293000000X $2 intermrc
999    $a FRBNF40063293000000X
995    $0 0 $2 0 $4 0 $5 2005-12-27 $9 187232 $P 12.90 $b MED $c MED $e MED2A $f C0004197443 $h JDT90ZZ $k E/936 VIE $o 0 $p 12.90 $r PRETLIV $s E_936_000000000000000_VIE $w 51 $y 2024-05-19 $7 Bateau Livre
995    $0 0 $2 0 $4 0 $5 2005-12-13 $9 187233 $P 12.90 $b MED $c MED $e MED0A $f C0004198287 $h JDT90ZZ $k EXT E/936 VIE $n 2024-07-11 $o 0 $p 12.90 $r PRETLIV $s EXT_E_936_000000000000000_VIE $w 15 $y 2023-09-02 $7 Bateau Livre

