02056nam a2200445   4500
001 165360
003 http://www.mediathequederoubaix.fr/ark:/20179/KH165360
010    $d 20 Eur $z 2 84166 213 6
033    $a http://catalogue.bnf.fr/ark:/12148/cb43393170f
035    $a FRBNF433931700000004
039    $o ALS $a 0984717
090    $a 165360
091    $a 2 $b 20240515 $c 1
099    $t LI $c 2014-06-30 $d 2024-05-15 $x 11
100    $a 20070104d2002    m  y0frey50      ba
101 0  $a fre
102    $a FR
105    $a y   z   000||
106    $a r
181  0 $6 01 $a i  $b xxxe  
181    $6 02 $c txt $2 rdacontent
182  0 $6 01 $a n
182    $6 02 $c n $2 rdamedia
200 1  $a La vie quotidienne il y a 2 millions d'années. $b Texte imprimé $e La journée d'un Homo habilis $f Fiorenzo Facchini $g ill. d'Alessandro Baldanzi $g version française établie par René Turc
210    $a Nîmes (30) $c Grandir $d 2002
215    $a 46 p. $c ill. en coul. $d 31 cm
225 1  $a Nos ancêtres $e hommes des origines
333    $a À partir de 9 ans $2 CNLJ $k Avis critique donné par le Centre national de la littérature pour la jeunesse
339    $a a
606    $7 ba0yba0y $8 frelat $a Homo sapiens $3 13338423 $9 76000 $x Ouvrages pour la jeunesse $2 rameau $9 76000
606 0  $a Préhistoire $x Ouvrages pour la jeunesse $2 rameau
606    $3 13318373 $9 5471 $a Préhistoire $2 rameau
608    $3 12042408 $9 314947 $a Ouvrages pour la jeunesse $2 rameau
608    $a Documentaires : sciences humaines $2 CNLJ $k Avis critique donné par le Centre national de la littérature pour la jeunesse
700    $3 16812604 $9 337926 $a Facchini $b Fiorenzo $4 070
702    $3 13760587 $9 84910 $o ISNI0000000107802338 $a Baldanzi $b Alessandro $4 440
702    $3 12643270 $9 15392 $o ISNI0000000038561437 $a Turc $b René $4 730
801  0 $a FR $b FR-751131015 $c 20070104 $g AFNOR $h FRBNF433931700000004 $2 intermrc
999    $a FRBNF433931700000004
995    $0 0 $2 0 $4 0 $5 2014-01-07 $9 187433 $P 10.00 $b MED $c MED $e MED2A $f C0005647057 $h JDT90ZZ $k E/921 PRE $o 0 $p 10.00 $r PRETLIV $s E_921_000000000000000_PRE $w 13 $y 2021-10-26 $7 Bateau Livre

