02144cam a2200445   4500
001 165507
003 http://www.mediathequederoubaix.fr/ark:/20179/KH165507
010    $a 2-02-063981-5 $b br. $d 21 EUR
020    $a FR $b 00440288
033    $a http://catalogue.bnf.fr/ark:/12148/cb39159237w
035    $a FRBNF391592370000002
090    $a 165507
091    $b 20240515 $c 1 $a 2
099    $t LI $c 2014-06-30 $d 2024-05-15 $x 24
100    $a 20040409d2004    m  y0frey50      ba
101 0  $a fre
102    $a FR
105    $a ||||z   00|y|
106    $a r
181  0 $6 01 $a i  $b xxxe  
181    $6 02 $c txt $2 rdacontent
182  0 $6 01 $a n
182    $6 02 $c n $2 rdamedia
200 1  $a Trouver sa voix $b Texte imprimé $f Louis-Jacques Rondeleux
210    $a Paris $c Éd. du Seuil $d 2004 $e 61-Lonrai $g Normandie roto impr.
215    $a 187 p. $c ill., mus., couv. ill. $d 22 cm
225    $a Seuil pratique
300    $a La couv. porte en plus : "contrôler sa respiration, enrichir son timbre, élargir son registre vocal"
300    $a Bibliogr., 1 p.
330    $a Cette méthode s'adresse aux chanteurs amateurs et à tout ceux qui parlent beaucoup dans le cadre de leur profession : avocats, professeurs, acteurs, hommes politiques, etc. Une centaine d'exercices pour apprendre à maîtriser sa voix en huit semaines de travail sont suivis d'un guide pour le troisième mois et d'une partie théorique sur le fonctionnement du système vocal.
339    $a m
410  0 $0 36943723 $t Seuil pratique $x 1629-0348 $d 2004
606    $3 11978315 $9 46442 $a Culture vocale $2 rameau
606    $3 11959094 $9 8507 $a Chant $3 11933639 $9 2152 $x Technique $2 rameau
676    $a 783 $v 23
686    $a 780 $2 Cadre de classement de la Bibliographie nationale française
700    $3 11922530 $9 84959 $o ISNI0000000081517458 $a Rondeleux $b Louis-Jacques $f 1923-2000 $4 070
801  0 $a FR $b FR-751131015 $c 20040409 $g AFNOR $h FRBNF391592370000002 $2 intermrc
999    $a FRBNF391592370000002
995    $0 0 $2 0 $4 0 $5 2005-11-10 $9 187600 $P 21.00 $b MED $c MED $e MED1A $f C0004179827 $h AAPPLMS $k Doc./612 XYZ $n 2024-05-24 $o 0 $p 21.00 $r PRETLIV $s DOC___612_000000000000000_XYZ $w 53 $y 2024-04-12 $7 Lisires

