01052nam a2200253 n 4500
001 165634
003 http://www.mediathequederoubaix.fr/ark:/20179/KH165634
005 20160125020823.0
035    $a HZ_RbxHzBib261699
090    $a 165634
091    $a 0
099    $t LI $c 2014-06-30 $d 2014-06-30 $x 0
100    $a          1907         frey5003    ba
101    $a fre
102    $a FR
200    $a Congrès régional des Jardins ouvriers, Tourcoing le 29 et 30 juin 1907 $f Ligue du coin de terre et du foyer
210    $a Roubaix $c Reboux $d 1907
215    $a 160 p., 4 f. de pl. $c ill. $d 22 cm
339    $a m
606 0  $9 256039 $a Jardins familiaux $y France $y Nord (France) $z 19e siècle $x Congrès
710  1 $9 133432 $a Ligue du coin de terre et du foyer $c France
801    $a FR $b 595126101 $c 20070831 $g AFNOR
930    $5 595126101:c0004161298 $b 595126101 $a MAG L/P 8/114 996 $e Fonds patrimonial
995    $0 0 $2 0 $4 0 $5 2005-11-03 $9 187761 $P 15.00 $b MED $c MED $e MED3I $f c0004161298 $h PPEFGZZ $k MAG L/P 8/114 996 $o 2 $p 15.00 $r PRETLIV $s MAG_LP_8114_996000000000000 $w 0 $y 2014-06-30 $7 Giard

