02270cam a2200469   4500
001 165873
003 http://www.mediathequederoubaix.fr/ark:/20179/KH165873
010    $a 2-07-031468-5 $b br. $d 4 EUR
020    $a FR $b 00432089
033    $a http://catalogue.bnf.fr/ark:/12148/cb39192506k
035    $a FRBNF391925060000005
090    $a 165873
091    $b 20240515 $c 1 $a 2
099    $t LI $c 2014-06-30 $d 2024-05-15 $x 3
100    $a 20040610d2004    m  y0frey50      ba
101 1  $a fre $c por
102    $a FR
105    $a ||||z   00|a|
106    $a r
181  0 $6 01 $a i  $b xxxe  
181    $6 02 $c txt $2 rdacontent
182  0 $6 01 $a n
182    $6 02 $c n $2 rdamedia
200 1  $a Matière solaire $b Texte imprimé $a Le poids de l'ombre $a Blanc sur blanc $f Eugénio de Andrade $g trad. du portugais par Michel Chandeigne, Patrick Quillier et Maria Antónia Câmara Manuel $g préf. de Patrick Quillier
210    $a [Paris] $c Gallimard $d 2004 $e 18-Saint-Amand-Montrond $g Bussière Camedan impr.
215    $a 187 p. $c couv. ill. $d 18 cm
225    $a Collection Poésie $v 395
300    $a Trad. de : "Matéria solar" ; "O peso da sombra" ; "Branco no branco"
300    $a Bibliogr., 2 p.
330    $a Poésie de l'évidence du désir et langage du corps, à la fois musical et ascétique, sensuel et cristallin, matière solaire qui connaît au crépuscule le poids de l'ombre, mais se souvient de la lumière.
339    $a m
410  0 $0 34234506 $t Collection Poésie (Paris. 1966) $x 0768-0368 $v 395
454  0 $t Matéria solar
676    $a 869.142 (oeuvre) $v 23
686    $a 801 $2 Cadre de classement de la Bibliographie nationale française
700    $3 11888774 $9 19537 $o ISNI0000000114665677 $a Andrade $b Eugénio de $f 1923-2005 $4 070
702    $3 11896009 $9 8711 $o ISNI0000000066415023 $a Chandeigne $b Michel $f 1957-.... $4 730
702    $3 11920891 $9 37954 $o ISNI0000000078296586 $a Quillier $b Patrick $f 1953-.... $4 730
702    $3 12057708 $9 80300 $o ISNI0000000066426849 $a Manuel $b Maria Antónia Câmara $4 730
801  0 $a FR $b FR-751131015 $c 20040610 $g AFNOR $h FRBNF391925060000005 $2 intermrc
999    $a FRBNF391925060000005
995    $0 0 $2 0 $4 0 $5 2005-11-30 $9 188007 $P 4.00 $b MED $c MED $e MED1A $f C0004188606 $h ALTPOZZ $k P/AND $o 0 $p 4.00 $r PRETLIV $s PAND $w 8 $y 2018-12-05 $7 Maison du Livre

