01137nj  a2200265 n 4500
001 166076
003 http://www.mediathequederoubaix.fr/ark:/20179/KH166076
005 20240515072544.0
035    $a HZ_RbxHzBib262266
071 01 $a 0165542ERE $b Edel Records
090    $a 166076
091    $a 1 $b 20240515 $c 0
099    $t DC $c 2014-06-30 $d 2024-05-15 $x 11
100    $a 20140630 2005         frey50        
101    $a fre
200    $a Rapture of the deep $b Enr. sonore $f Deep Purple
210    $d P 2005
215    $a 1 d.c. $e 1 livret (n.p. ; 12 cm)
327    $a Money talks $a Girls like that $a Wrong man $a Rapture of the deep $a Clearly quite absurd $a Don't let go $a Back to back $a Kiss tomorrow goodbye $a Junkyard blues $a Before time began
339    $a m
606 0  $7 ba0yba0y $8 fre    $3 12471027 $9 166 $a Hard rock $x Disques $y Grande-Bretagne $y Angleterre (GB) $2 rameau
679    $a 2 $c 50
710    $7 ba0yba0y $8 fre    $a Deep purple $3 13902886 $9 2573
801    $a FR $b 595126101 $c 20070831 $g AFNOR
995    $0 0 $2 0 $4 0 $5 2005-12-16 $9 188214 $P 17.22 $b MED $c MED $e MED1A $f C0004190645 $h AMV25ZZ $k DC/2 DEE 50 $o 0 $p 17.22 $r PRETSON $s DC_2_000000000000000_DEE_50 $w 57 $y 2023-07-18 $A 0

