01655cam a2200385   4500
001 166246
003 http://www.mediathequederoubaix.fr/ark:/20179/KH166246
010    $a 3-314-21819-2 $b rel. $d 7,50 EUR
020    $a FR $b 00557995
033    $a http://catalogue.bnf.fr/ark:/12148/cb400523731
035    $a FRBNF400523730000004
073  0 $a 9783314218194
090    $a 166246
091    $b 20240515 $c 1 $a 2
099    $t LI $c 2014-06-30 $d 2024-05-15 $x 11
100    $a 20051014d2005    a  y0frey50      ba
101 1  $a fre $c ger
102    $a FR
105    $a ||||z   00|a|
106    $a r
181  0 $6 01 $a i  $b xxxe  
181    $6 02 $c txt $2 rdacontent
182  0 $6 01 $a n
182    $6 02 $c n $2 rdamedia
200 1  $a Zoo $b Texte imprimé $e jeu de doigts $f [Tanja Kirschner] $g [traduit de l'allemand par Katya Barbéry]
210    $a Gossau-Zurich (Suisse) $c Éd. Nord-Sud $d DL 2005 $e impr. à Hong-Kong
215    $a 1 vol. (non paginé [14] p.) $c ill. en coul., couv. ill. en coul. $d 18 cm
330    $a Les enfants glissent leurs doigts dans les trous des pages de droite, tournent la page et regardent ce qu'ils font de l'autre côté.
339    $a a
686    $a 809 $2 Cadre de classement de la Bibliographie nationale française
700    $3 15018628 $9 85193 $o ISNI0000000002593904 $a Kirschner $b Tanja $4 070
702    $3 14530761 $9 54430 $o ISNI0000000019533668 $a Barbéry $b Katya $4 730
801  0 $a FR $b FR-751131015 $c 20051014 $g AFNOR $h FRBNF400523730000004 $2 intermrc
999    $a FRBNF400523730000004
995    $0 0 $2 0 $4 0 $5 2010-10-20 $9 188564 $P 7.50 $b MED $c MED $e MED0A $f C0005312486 $h JABPFAF $k EXT PE A/KIR $o 0 $p 7.50 $r PRETLIV $s EXT_PE_AKIR $w 12 $y 2019-06-19 $7 Bateau Livre

