01842cam a2200397   4500
001 166438
003 http://www.mediathequederoubaix.fr/ark:/20179/KH166438
010    $a 2-7117-5336-0 $b br. $d 50 EUR
020    $a FR $b 00400918
033    $a http://catalogue.bnf.fr/ark:/12148/cb39085496f
035    $a FRBNF390854960000004
090    $a 166438
091    $b 20240515 $c 1 $a 2
099    $t LI $c 2014-06-30 $d 2024-05-15 $x 8
100    $a 20031104d2003    m  y0frey50      ba
101 0  $a fre
102    $a FR
105    $a ||||z   00|y|
106    $a r
181  0 $6 01 $a i  $b xxxe  
181    $6 02 $c txt $2 rdacontent
182  0 $6 01 $a n
182    $6 02 $c n $2 rdamedia
200 1  $a Une (brève) histoire de l'électronique $b Texte imprimé $f un livre d'Henri Lilen $g préf. de Roland Moreno
210    $a Paris $c Vuibert $d 2003 $e impr. en Espagne
215    $a 640 p. $c ill., couv. ill. en coul. $d 24 cm
300    $a Bibliogr. p. 623-625. Index
330    $a Retrace un siècle d'histoire de l'électronique depuis l'invention du tube diode jusqu'aux innovations toutes récentes, certaines pacifiques comme les écrans plats et d'autres militaires comme le guidage des engins volants. Présente le portrait de nombreux inventeurs et la description de leurs inventions.
339    $a m
606    $3 11934822 $9 8231 $a Électronique $3 11934444 $9 494 $x Histoire $2 rameau
676    $a 621.381 09 $v 23
686    $a 620 $2 Cadre de classement de la Bibliographie nationale française
700    $3 11913031 $9 42149 $o ISNI000000011587637X $a Lilen $b Henri $f 1929-.... $4 070
801  0 $a FR $b FR-751131015 $c 20031104 $g AFNOR $h FRBNF390854960000004 $2 intermrc
999    $a FRBNF390854960000004
995    $0 0 $2 0 $4 0 $5 2006-01-18 $9 188770 $P 50.00 $b MED $c MED $e MED3A $f C0004217120 $h ACFSCZZ $k Doc./621 ELE $o 0 $p 50.00 $r PRETLIV $s DOC___621_000000000000000_ELE $w 22 $y 2023-10-24 $7 Decitre

