00821nj  a2200241 n 4500
001 166557
003 http://www.mediathequederoubaix.fr/ark:/20179/KH166557
005 20240515073320.0
035    $a HZ_
071 01 $a KS 19871 $b Chaos Productions
090    $a 166557
091    $a 1 $b 20240515 $c 0
099    $t DV $c 2014-06-30 $d 2024-05-15 $x 0
100    $a 20140630              frey50        
101    $a fre
200    $a Morpions $b Enr. Sonore $f Les Collabos
215    $a 1 disque
327    $a Morpions $a Tu
339    $a m
711  1 $a Les Collabos
801    $a FR $b 595126101 $c 20110429 $g AFNOR
930    $5 595126101:F DESD 30/586 $b 595126101 $a F DESD 30/586 $e Fonds Patrice Desdoit
995    $0 0 $2 0 $4 0 $5 2005-11-16 $9 188903 $b MED $c MED $e MED2D $f F DESD 30/586 $h PENPDZZ $k F DESD 30/586 $o 0 $r PRETSON $s F_DESD_30_586000000000000 $w 0 $y 2014-06-30

