01668nam a2200337 n 4500
001 166727
003 http://www.mediathequederoubaix.fr/ark:/20179/KH166727
005 20220927041832.0
010    $a 2-07-011117-2
033    $a http://catalogue.bnf.fr/ark:/12148/cb37471157z
035    $a HZ_
090    $a 166727
091    $a 0
099    $t LI $c 2014-06-30 $d 2022-09-27 $x 0
100    $a          1987         frey5003    ba
101    $a fre
102    $a FR
200    $a Sagas islandaises $f textes traduits, présentés et annotés par Régis Boyer
210    $a Paris $c Gallimard $d 1987
215    $a LXX-1993 p. $c cartes $d 18 cm
225 2  $a Bibliothèque de la Pléiade $v 338
300    $a Don de M. Pick-Herbeaux
320    $a Bibliogr. Index
327    $a Saga d'Egill, fils de Grimr le chauve $a Saga de Snorri le godi $a Sagas du Vinland $a Saga d'Eirikr le Rouge $a Saga des Groenlandais $a Dit des Groenlandais $a Saga des gens du Val-Au-Saumon $a Saga de Gisli Sursson $a Sagas des frères Jurés $a Saga de Havardr de l'Isafjördr $a Saga de Grettir $a Saga des chefs du Val-Au-Lac $a Saga de Glùmr le meurtrier $a saga des gens du Swarfadardalr $a Saga de Hrafnkell Godi-De-Freyr $a Saga deNjall le brulé
339    $a m
410    $t Bibliothèque de la Pléiade $v 338
702    $4 651 $7 ba0yba0y $8 fre    $a Boyer $b Régis $f 1932-2017 $9 1880
702  1 $9 153194 $4 320 $a Pick-Herbeaux $b Edouard $c roubaisien
801    $a FR $b 595126101 $c 20110308 $g AFNOR
930    $5 595126101:C0004163410 $b 595126101 $a MAG L/P 8/114 877 $e Fonds patrimonial
995    $0 0 $2 0 $4 0 $5 2005-11-17 $9 189077 $b MED $c MED $e MED3I $f C0004163410 $h PPEFGZZ $k MAG L/P 8/114 877 $o 2 $r PRETLIV $s MAG_LP_8114_877000000000000 $w 0 $y 2014-06-30

