01545nc  a2200325 n 4500
001 166940
003 http://www.mediathequederoubaix.fr/ark:/20179/KH166940
005 20240515074030.0
035    $a HZ_RbxHzBib263391
071 01 $a H. 15592
090    $a 166940
091    $a 2 $b 20240515 $c 0
099    $t PA $c 2014-06-30 $d 2024-05-15 $x 0
100    $a          1944         frey5003    ba
101    $a    
102    $a   
200    $a Les illuminations op. 18 $b Musique imprimée $e vocal score $e for soprano or tenor voice and string orchestra $f Benjamin Britten $g poems by Arthur Rimbaud
210    $a London $a New-York $a Berlin $c Boosey & Hawkes $d cop. 1944
327    $a Fanfare $a Villes $a Phrases $a Antique $a Royauté $a Marine $a Interlude $a Being beauteous $a Parade $a Départ
339    $a m
606 0  $2 rameau $a Poésie française $z 19e siècle $x Adaptations musicales $x Partitions
606    $2 rameau $a Musique vocale $y Grande-Bretagne $y Angleterre $z 20e siècle $x Partitions
606 0  $2 rameau $a Sopranos $x Partitions
606 0  $2 rameau $a Ténors $x Partitions
606 0  $2 rameau $7 ba0yba0y $8 fre    $7 ba0yba0y $8 fre    $a Voix et orchestre à cordes $3 15015411 $9 85518 $x Partitions $z 20e siècle
679    $a 4 $c 31
700    $7 ba0yba0y $8 fre    $a Britten $b Benjamin $f 1913-1976 $3 13891862 $9 6665
702    $7 ba0yba0y $8 fre    $a Rimbaud $b Arthur $f 1854-1891 $3 11921997 $9 3156
801    $a FR $b 595126101 $c 20071006 $g AFNOR
995    $0 0 $2 0 $4 0 $5 2005-11-19 $9 189300 $P 25.36 $b MED $c MED $e MED1A $f C0004189212 $h AMV39ZZ $k PA/4 BRI $o 0 $p 25.36 $r PRETPAR $s PA_4_000000000000000_BRI $w 5 $y 2014-06-30

