01042nam a2200229 n 4500
001 167088
003 http://www.mediathequederoubaix.fr/ark:/20179/KH167088
005 20200630020332.0
035    $a HZ_
090    $a 167088
091    $a 0
099    $t LI $c 2014-06-30 $d 2014-06-30 $x 0
100    $a          1875         frey5003    ba
101    $a    
102    $a   
200    $a Oeuvres complètes $f de Regnard $g Nouv. éd. augmentée de deux pièces inédites précédée d'une introd. d'après des documents entièrement nouveaux par M. Edouard Fournier $g Ornée de portraits en pied coloriés dessinés par MM. Emile Bayard et Maurice Sand
210    $a Paris $c Laplace, Sanchez $d 1875
339    $a m
700    $7 ba0yba0y $8 fre    $a Regnard $b Jean-François $f 1655-1709 $9 283112
801    $a FR $b 595126101 $c 20051125 $g AFNOR
930    $5 595126101:c0004165860 $b 595126101 $a LD/2745 $e Fonds patrimonial; legs Destombes
995    $0 0 $2 0 $4 0 $5 2005-11-25 $9 189480 $b MED $c MED $e MED3T $f c0004165860 $h PPELGZZ $k LD/2745 $o 2 $r PRETLIV $s LD_2745_000000000000000 $w 0 $y 2014-06-30

