01268nam a2200253 n 4500
001 167260
003 http://www.mediathequederoubaix.fr/ark:/20179/KH167260
005 20170212114458.0
035    $a HZ_
090    $a 167260
091    $a 0
099    $t LI $c 2014-06-30 $d 2014-06-30 $x 0
100    $a          1848         frey5003    ba
101    $a    
102    $a   
200    $a La Revue comique à l'usage des gens sérieux $e histoire morale, philosophique, politique, critique, littéraire et artistique de la semaine $f Texte par MM. A. Lireux, C. Caraguel, P. Vertot, E. de La Bédollière, Gérard de Nerval,... [et al.] $g Dir. par Bertall
210    $a Paris $c Dumineray $d 1848-1849
300    $a La Revue comique avait été annoncée en 50 livraisons mais il n'en parut que 38 (Brivois 349)
327    $a Contient les n<U+00B0>s 1 à 24 de novembre 1848 à avril 1849 et les n<U+00B0>s 25 au 37 de mai 1849 à décembre 1849
339    $a m
700  1 $9 191728 $a Bertall $f 1820-1882 $c pseud. $4 651
801    $a FR $b 595126101 $c 20060215 $g AFNOR
930    $5 595126101:c0003970335 $b 595126101 $a LD/2806 $e Fonds patrimonial; legs Destombes
995    $0 0 $2 0 $4 0 $5 2005-12-02 $9 189704 $b MED $c MED $e MED3T $f c0003970335 $h PPELGZZ $k LD/2806 $o 2 $r PRETLIV $s LD_2806_000000000000000 $w 0 $y 2014-06-30

