03482cam a2200493   4500
001 167399
003 http://www.mediathequederoubaix.fr/ark:/20179/KH167399
010    $a 2-7459-1125-2 $b rel. $d 22,60 EUR
020    $a FR $b 00612697
033    $a http://catalogue.bnf.fr/ark:/12148/cb400737415
035    $a FRBNF400737410000004
073  0 $a 9782745911254
090    $a 167399
091    $b 20240515 $c 1 $a 2
099    $t LI $c 2014-06-30 $d 2024-05-15 $x 10
100    $a 20051122d2005    a  y0frey50      ba
101 0  $a fre
102    $a FR
105    $a ||||z   00|y|
106    $a r
181  0 $6 01 $a i  $b xxxe  
181    $6 02 $c txt $2 rdacontent
182  0 $6 01 $a n
182    $6 02 $c n $2 rdamedia
200 1  $a Copain de la Terre $b Texte imprimé $e à la découverte de l'écologie $f Hélène et Robert Pince $g illustrations, Laurence Bar, Corinne Deletraz, Anne Eydoux... [et al.]
210    $a Toulouse $c Milan jeunesse $d DL 2005 $e impr. en Espagne
215    $a 1 vol. (251 p.) $c ill. en coul., couv. ill. en coul. $d 26 cm
300    $a Glossaire. Index
321    $a La Revue des livres pour enfants $x 0398-8384
329    $c Pourquoi pas ? $a Voici un ouvrage riche en informations et en l'occurrence peut-être trop : la Terre est, en effet, un vaste programme. Les nombreux domaines de la connaissance abordés (géographie, géologie, écologie, géopolitiqueà) donnent une véritable impression de fouillis. Même si l'on accepte le fait qu'il est intéressant d'aborder tous ces sujets en un seul volume, le sommaire est, en lui-même, discutable. On comprend mal, en effet, pourquoi " le passé de la Terre " vient après " l'état du monde ". On peut également émettre quelque réserves sur certains intitulés de chapitres quelque peu imagés : " Le vaisseau de la vie " présente les grands écosystèmes de la planète alors que " un mariage chaotique " aborde la relation Homme-planète. Dommage car il s'agit là d'un ouvrage intéressant et documenté, plein de chiffres, de cartes, de dessins, de schémas, de graphiques et d'anecdotes très instructives. $d 20051108 $f DL $2 CNLJ $k Avis critique donné par le Centre national de la littérature pour la jeunesse
330    $a Propose aux jeunes lecteurs de comprendre le monde qui les entoure, en utilisant les dernières connaissances historiques et scientifiques disponibles sur la Terre et la vie. Permet de faire le tri entre les peurs irrationnelles et les inquiétudes justifiées d'aujourd'hui.
339    $a a
606    $3 11931930 $9 14295 $7 ba0yba0y $8 fre    $a Écologie $3 12042408 $9 314947 $x Ouvrages pour la jeunesse $2 rameau $9 14295
606    $3 11931930 $9 14295 $a Écologie $2 rameau
606    $3 11931256 $9 22721 $a Environnement $x Protection $2 rameau
608    $3 12042408 $9 314947 $a Ouvrages pour la jeunesse $2 rameau
608    $a Documentaires : sciences et techniques $2 CNLJ $k Avis critique donné par le Centre national de la littérature pour la jeunesse
676    $a 363.700 83 $v 23
686    $a 500 $2 Cadre de classement de la Bibliographie nationale française
700    $3 15048763 $9 85685 $o ISNI000000035906858X $a Pince $b Hélène $4 070
701    $3 12832365 $9 63995 $o ISNI0000000058231873 $a Pince $b Robert $f 1939-.... $4 070
801  0 $a FR $b FR-751131015 $c 20051122 $g AFNOR $h FRBNF400737410000004 $2 intermrc
999    $a FRBNF400737410000004
995    $0 0 $2 0 $4 0 $5 2005-12-13 $9 189866 $P 22.60 $b MED $c MED $e MED0A $f C0004198449 $h JDT50ZZ $k EXT E/551 PIN $o 0 $p 22.60 $r PRETLIV $s EXT_E551_PIN $w 13 $y 2022-06-16 $7 Bateau Livre

