01347nam a2200337 n 4500
001 167529
003 http://www.mediathequederoubaix.fr/ark:/20179/KH167529
005 20220917072238.0
010    $a 2-07-011781-2
033    $a http://catalogue.bnf.fr/ark:/12148/cb399730052
035    $a HZ_
090    $a 167529
091    $a 0
099    $t LI $c 2014-06-30 $d 2022-09-17 $x 0
100    $a          2005         frey5003    ba
101    $a fre
102    $a FR
200    $a Album Mille et une nuits $f iconographie choisie et commentée par Margaret Sironval
210    $a [Paris] $c Gallimard $d 2005
215    $a 267 p. $c ill. couv. ill. en coul. $d 18 cm
225 2  $a Bibliothèque de la Pléiade. Album $v 44
300    $a Don de Régis Lejonc de la librairie La maison du livre à Roubaix
320    $a Index
339    $a m
410    $t Bibliothèque de la Pléiade. Album $v 44
605    $9 140717 $a Mille et une nuits $x Ouvrages illustrés
702  1 $9 289835 $a Léon-Sironval $b Margaret $4 651
702    $7 ba0yba0y $8 fre    $a Lejonc $b Régis $f 1967-.... $4 320 $9 289836
801    $a FR $b 595126101 $c 20110113 $g AFNOR
930    $5 595126101:C0004142171 $b 595126101 $a MAG L/P 8/114 942 $e Fonds patrimonial
995    $0 0 $2 0 $4 0 $5 2005-12-08 $9 190014 $b MED $c MED $e MED3I $f C0004142171 $h PPEFGZZ $k MAG L/P 8/114 942 $o 2 $r PRETLIV $s MAG_LP_8114_942000000000000 $w 0 $y 2014-06-30

