01135nc  a2200301 n 4500
001 167640
003 http://www.mediathequederoubaix.fr/ark:/20179/KH167640
005 20240515074934.0
035    $a HZ_RbxHzBib264437
071 01 $a UE 12251
090    $a 167640
091    $a 2 $b 20240515 $c 0
099    $t PA $c 2014-06-30 $d 2024-05-15 $x 0
100    $a          2002         frey5003    ba
101    $a    
102    $a   
200    $a Nr. 2 Klavierstücke I-IV $b Musique imprimée $f Karlheinz Stockhausen
210    $a [s.l.] $c Universal Edition $d 2002
215    $a 1 partition (12 p.) $d 30 cm
305    $a cop. 1954
339    $a m
606 0  $a Musique $y Allemagne $z 20e siècle $x Partitions $2 rameau
606 0  $a Musique électroacoustique $y Allemagne $x Partitions $2 rameau
606 0  $a Sonates (piano) $x Partitions $2 rameau
679    $a 4 $c 11.11
700    $7 ba0yba0y $8 fre    $a Stockhausen $b Karlheinz $f 1928-2007 $3 13900080 $9 316669
801    $a FR $b 595126101 $c 20080311 $g AFNOR
995    $0 0 $2 0 $4 0 $5 2005-12-13 $9 190127 $P 15.48 $b MED $c MED $e MED1A $f C0004189296 $h AMV39ZZ $k PA/4 STO/11.11 $o 0 $p 15.48 $r PRETPAR $s PA_4_000000000000000_STO_11_11 $w 4 $y 2014-06-30

