01103nj  a2200289 n 4500
001 167766
003 http://www.mediathequederoubaix.fr/ark:/20179/KH167766
005 20240515074954.0
035    $a HZ_RbxHzBib264580
071 01 $a 13141 $b Avalon music
090    $a 167766
091    $a 1 $b 20240515 $c 0
099    $t DC $c 2014-06-30 $d 2024-05-15 $x 24
100    $a          2000         frey5003    ba
101    $a    
200    $a Zen garden $b Enr. sonore $f Masakazu Yoshizawa, comp. $g Kokin Gumi, int.
210    $d P 2000
215    $a 1 d.c. $e 1 feuillet double (12 cm)
327    $a Dawn $a Flower $a Moon $a Feng shui $a Daylight $a Stone garden $a Snow $a Twilight $a Birds $a Wind $a The milky way $a Dusk
339    $a m
345    $a Nature et découverte
606 0  $7 ba0yba0y $8 fre    $3 12550689 $9 2813 $a Musique de relaxation $x Disques $2 rameau
679    $a 554
700  1 $a Yoshizawa $b Masakazu
712 02 $a Kokin Gumi
801    $a FR $b 595126101 $c 20070831 $g AFNOR
995    $0 0 $2 0 $4 0 $5 2005-12-14 $9 190260 $P 15.00 $b MED $c MED $e MED1A $f C0004190213 $h AMV50ZZ $k DC/554 YOS $o 0 $p 15.00 $r PRETSON $s DC_554_000000000000000_YOS $w 94 $y 2023-12-30

