01485ng  a2200325 n 4500
001 167888
003 http://www.mediathequederoubaix.fr/ark:/20179/KH167888
005 20240515075022.0
035    $a HZ_RbxHzBib264718
090    $a 167888
091    $a 1 $b 20240515 $c 0
099    $t VD $c 2014-06-30 $d 2024-05-15 $x 2
100    $a          2004         frey5003    ba
101    $a spa $a     $a     $a     $a    
200    $a Lénine in Cité $b DVD $f Lia Renha, dir.
210    $a Brésil $c Casa 9 $d 2004
215    $a 1 DVD $c coul., sonore
323    $a Interprètes : Lenine, Yusa, Ramiro Musotto
327    $a Contient : Caribenha Naço/Tuaregue Nagô... $a Vivo $a Ninguém Faz Idéia $a Sonhei $a Relampiano $a Anna E Eu $a Virou Areia $a Do It $a Paciência $a Todos os caminhos $a Tomando el centro $a O marco Marciano $a Olho de Peixe $a Crença $a Rosebud $a Todas Elas juntas num so ser $a Candeeiro encantado $a Sentimental $a La e lô $a Jack soul Brasileiro $a Creditos
339    $a m
345    $a VHS $b 88878
606 0  $a Musique électroacoustique $y Brésil $x DVD $2 rameau
606 0  $a Musique $y Brésil $x DVD $2 rameau
679    $a 049.2
700  1 $4 340 $a Renha $b Lia
702  1 $a Lenine $f 1959-....
702  1 $a Yusa
702  1 $7 ba0yba0y $8 fre    $3 15051732 $9 85790 $7 ba0yba0y $8 fre    $a Musotto $b Ramiro $f 1965-2009
801    $a FR $b 595126101 $c 20120825 $g AFNOR
995    $0 0 $2 0 $4 0 $5 2005-12-30 $9 190434 $P 24.00 $b MED $c MED $e MED1A $f C0004190750 $h AMV90ZZ $k DVD/049.2 LEN $o 0 $p 24.00 $r PRETSON $s DVD_049_200000000000000_LEN $w 6 $y 2022-03-15 $7 VHS

