01085nam a2200265   4500
001 168011
003 http://www.mediathequederoubaix.fr/ark:/20179/KH168011
005 20220924070312.0
035 00 $a HZ_RbxHzBib264856
090    $a 168011
091    $a 0
099    $t LI $c 2014-06-30 $d 2022-09-24 $x 0
100    $a 19       1885    k  y0frey5003    ba
101    $a fre
200    $a Oeuvres $f de Rabelais $g Une notice et un glossaire par Pierre Jannet $g ill. de A. Robida
210    $a Paris $c Librairie illustrée $d 1885-1886
300    $a Ex libris impr. Pierre Destombes
300    $a Deux tomes en un vol.
339    $a m
700    $7 ba0yba0y $8 fre    $a Rabelais $b François $f 1494?-1553 $4 070 $9 282838
702 0  $9 280553 $a Robida $b Albert $f 1848-1926 $4 440
702    $9 166363 $4 320 $a Destombes $b Pierre $c roubaisien $f 1846-1915
801  0 $a FR $b 595126101 $c 20121109 $g AFNOR
930    $5 595126101:c0003967219 $b 595126101 $a LD/2915 $e Fonds patrimonial; legs Destombes
995    $0 0 $2 0 $4 0 $5 2005-12-17 $9 190560 $b MED $c MED $e MED3T $f c0003967219 $h PPELGZZ $k LD/2915 $o 2 $r PRETLIV $s LD_2915_000000000000000 $w 0 $y 2014-06-30

