01948cam a2200409   4500
001 168164
003 http://www.mediathequederoubaix.fr/ark:/20179/KH168164
010    $a 2-08-163113-X $b rel. $d 15 EUR
020    $a FR $b 00562182
033    $a http://catalogue.bnf.fr/ark:/12148/cb40068195f
035    $a FRBNF400681950000001
073  0 $a 9782081631137
090    $a 168164
091    $b 20240515 $c 1 $a 2
099    $t LI $c 2014-06-30 $d 2024-05-15 $x 10
100    $a 20051110d2005    a  y0frey50      ba
101 1  $a fre $c eng
102    $a FR
105    $a ||||z   00|a|
106    $a r
181  0 $6 01 $a i  $b xxxe  
181    $6 02 $c txt $2 rdacontent
182  0 $6 01 $a n
182    $6 02 $c n $2 rdamedia
200 1  $a La légende de Zorro $b Texte imprimé $f screenplay by Roberto Orci & Alex Kurtzman $g story by Roberto Orci & Alex Kurtzman and Ted Elliott & Terry Rossio $g adaptation française de Dominique Mathieu
210    $a Paris $c Flammarion $d impr. 2005 $e impr. en  Belgique
215    $a 1 vol. (60 p.) $c ill. en coul., couv. ill. en coul. $d 31 cm
330    $a Cet album présente et raconte l'histoire du film sorti sur les écrans en octobre 2005. Avec des photographies du film.
339    $a a
608    $a Textes illustrés $2 CNLJ $k Avis critique donné par le Centre national de la littérature pour la jeunesse
686    $a 809 $2 Cadre de classement de la Bibliographie nationale française
700    $3 15018772 $9 85864 $o ISNI0000000116821530 $a Orci $b Roberto $f 1973-.... $4 070
701    $3 15018774 $9 85865 $o ISNI0000000115918357 $a Kurtzman $b Alex $f 1973-.... $4 070
702    $3 12990893 $9 40668 $o ISNI0000000000265376 $a Mathieu $b Dominique $f 1939-.... $4 010
801  0 $a FR $b FR-751131015 $c 20051110 $g AFNOR $h FRBNF400681950000001 $2 intermrc
999    $a FRBNF400681950000001
995    $0 0 $2 0 $4 0 $5 2005-12-23 $9 190741 $P 15.00 $b MED $c MED $e MED2A $f C0004204737 $h JROILZZ $k E R/LEG $n 2024-06-04 $o 0 $p 15.00 $r PRETLIV $s E_R_LEG $w 52 $y 2024-05-14 $7 Bateau Livre $8  $A  $m  $z 

