00876nj  a2200241 n 4500
001 168302
003 http://www.mediathequederoubaix.fr/ark:/20179/KH168302
005 20240515075704.0
035    $a HZ_
071 01 $a 49 288 $b Carrere
090    $a 168302
091    $a 1 $b 20240515 $c 0
099    $t DV $c 2014-06-30 $d 2024-05-15 $x 0
100    $a 20140630              frey50        
101    $a fre
200    $a Love me baby $b Enr. Sonore $f Sheila $g B.Devotion
215    $a 1 disque
327    $a Love me baby $a love me baby (instrumentale)
339    $a m
700  1 $7 ba0yba0y $8 fre    $a Sheila $f 1946-.... $c pseud.
801    $a FR $b 595126101 $c 20051222 $g AFNOR
930    $5 595126101:F DESD 17/47 $b 595126101 $a F DESD 17/47 $e Fonds Patrice Desdoit
995    $0 0 $2 0 $4 0 $5 2005-12-22 $9 190899 $b MED $c MED $e MED2D $f F DESD 17/47 $h PENPDZZ $k F DESD 17/47 $o 0 $r PRETSON $s F_DESD_17_470000000000000 $w 0 $y 2014-06-30

