00900nj  a2200241 n 4500
001 168424
003 http://www.mediathequederoubaix.fr/ark:/20179/KH168424
005 20240515075727.0
035    $a HZ_
071 01 $a 80 389 - 80 390 $b Barclay
090    $a 168424
091    $a 1 $b 20240515 $c 0
099    $t DV $c 2014-06-30 $d 2024-05-15 $x 0
100    $a 20140630              frey50        
101    $a fre
200    $a Récital 1969 $b Enr. Sonore $f Léo Ferré $e En public à Bobino
215    $a 2 disques
327    $a L'idole $a La révolution
339    $a m
700    $3 11902626 $7 ba0yba0y $8 fre    $a Ferré $b Léo $f 1916-1993 $9 3155
801    $a FR $b 595126101 $c 20051227 $g AFNOR
930    $5 595126101:F DESD 30/824 $b 595126101 $a F DESD 30/824 $e Fonds Patrice Desdoit
995    $0 0 $2 0 $4 0 $5 2005-12-27 $9 191076 $b MED $c MED $e MED2D $f F DESD 30/824 $h PENPDZZ $k F DESD 30/824 $o 0 $r PRETSON $s F_DESD_30_824000000000000 $w 0 $y 2014-06-30

