01046nam a2200289 n 4500
001 168524
003 http://www.mediathequederoubaix.fr/ark:/20179/KH168524
005 20220801073409.0
035    $a HZ_
090    $a 168524
091    $a 0
099    $t LI $c 2014-06-30 $d 2022-08-01 $x 0
100    $a          1927         frey5003    ba
101    $a fre
102    $a   
200    $a Richard en Palestine $f Walter Scott
210    $a Paris $c Gautier et Languereau $d 1927 $e Orléans $g Impr. du Loiret
215    $a 256 p. $d 18 cm
225 2  $a Familia
300    $a Don de O. Vandekerkhove
310    $a Cartonnage d'éditeur
339    $a m
700    $7 ba0yba0y $8 fre    $a Scott $b Walter $f 1771-1832 $9 70129
702    $4 320 $7 ba0yba0y $8 fre    $a Vandekerkhove $b Octave $9 151417
801    $a FR $b 595126101 $c 20060420 $g AFNOR
930    $5 595126101:C0004135912 $b 595126101 $a MAG L/P 8/115 131 $e Fonds patrimonial
995    $0 0 $2 0 $4 0 $5 2005-12-28 $9 191177 $b MED $c MED $e MED3I $f C0004135912 $h PPEFGZZ $k MAG L/P 8/115 131 $o 2 $r PRETLIV $s MAG_LP_8115_131000000000000 $w 0 $y 2014-06-30

