00912nj  a2200241 n 4500
001 168625
003 http://www.mediathequederoubaix.fr/ark:/20179/KH168625
005 20240516020026.0
035    $a HZ_
071 01 $a 817 879-1 $b Barclay
090    $a 168625
091    $a 1 $b 20240516 $c 0
099    $t DV $c 2014-06-30 $d 2024-05-16 $x 0
100    $a 20140630              frey50        
101    $a fre
200    $a Wally boule noire $b Enr. sonore $f François Feldman
215    $a 1 disque : Maxi 45T
327    $a Wally boule noire $a Wally boule noire
339    $a m
700    $7 ba0yba0y $8 fre    $a Feldman $b François $f 1956-.... $3 13893842 $9 7245
801    $a FR $b 595126101 $c 20051230 $g AFNOR
930    $5 595126101:F DESD 30/969 $b 595126101 $a F DESD 30/969 $e Fonds Patrice Desdoit
995    $0 0 $2 0 $4 0 $5 2005-12-30 $9 191279 $b MED $c MED $e MED2D $f F DESD 30/969 $h PENPDZZ $k F DESD 30/969 $o 0 $r PRETSON $s F_DESD_30_969000000000000 $w 0 $y 2014-06-30

