02233cam a2200469   4500
001 168734
003 http://www.mediathequederoubaix.fr/ark:/20179/KH168734
010    $a 2-226-13681-9 $b br. $d 16 EUR
020    $a FR $b 00340737
033    $a http://catalogue.bnf.fr/ark:/12148/cb39062422r
035    $a FRBNF39062422000000X
090    $a 168734
091    $a 2 $b 20240511 $c 1
099    $t LI $c 2014-06-30 $d 2024-05-11 $x 2
100    $a 20030929d2003    m  y0frey50      ba
101 0  $a fre
102    $a FR
105    $a ||||z   00|y|
106    $a r
181  0 $6 01 $a i  $b xxxe  
181    $6 02 $c txt $2 rdacontent
182  0 $6 01 $a n
182    $6 02 $c n $2 rdamedia
200 1  $a La République coloniale $b Texte imprimé $e essai sur une utopie $f Nicolas Bancel, Pascal Blanchard, Françoise Vergès
210    $a Paris $c A. Michel $d 2003 $e 18-Saint-Amand-Montrond $g Bussière Camedan impr.
215    $a 172 p. $c couv. ill. $d 23 cm
225    $a Bibliothèque Albin Michel $i Idées
300    $a Bibliogr. p. 163-170
330    $a Dégage les points forts du discours civilisateur de la France républicaine qui s'est énoncé pendant la période coloniale et qui continue à influencer le discours politique et humanitaire aujourd'hui.
339    $a m
410  0 $0 34269382 $t Bibliothèque Albin Michel des idées $x 1158-4572 $d 2003
410  0 $0 34230437 $t Bibliothèque Albin Michel $x 0298-2447 $d 2003
606    $3 11932067 $9 10030 $a Impérialisme $2 rameau
606    $3 11934457 $9 12550 $a Colonies françaises $3 12042319 $9 9880 $x Administration $3 11934444 $9 494 $x Histoire $2 rameau
676    $a 325.344 09 $v 23
686    $a 320 $2 Cadre de classement de la Bibliographie nationale française
700    $3 12350553 $9 45207 $o ISNI0000000108797606 $a Bancel $b Nicolas $4 070
701    $3 12350554 $9 45208 $o ISNI0000000122787578 $a Blanchard $b Pascal $f 1964-.... $4 070
701    $3 13091206 $9 275725 $o ISNI0000000117804329 $a Vergès $b Françoise $f 1952-.... $4 070
801  0 $a FR $b FR-751131015 $c 20030929 $g AFNOR $h FRBNF39062422000000X $2 intermrc
999    $a FRBNF39062422000000X
995    $0 0 $2 0 $4 0 $5 2006-02-10 $9 191388 $P 16.00 $b MED $c MED $e MED3A $f C0004243684 $h ACFSSZZ $k Doc./325.32 BAN $o 0 $p 16.00 $r PRETLIV $s DOC__325_320000000000000_BAN $w 8 $y 2019-03-30 $7 Majuscule

