00802nam a2200229 n 4500
001 168870
003 http://www.mediathequederoubaix.fr/ark:/20179/KH168870
005 20160125013239.0
035    $a HZ_
090    $a 168870
091    $a 0
099    $t LI $c 2014-06-30 $d 2014-06-30 $x 0
100    $a          1859         frey5003    ba
101    $a    
102    $a   
200    $a Les soirées de Mr Cocambo $f Par Baric
210    $a Paris $c A. de Vresse $d ca 1859
339    $a m
700  1 $9 197275 $a Baric $b Jules-Jean-Antoine $f 1830-1905
801    $a FR $b 595126101 $c 20060104 $g AFNOR
930    $5 595126101:c0004164880 $b 595126101 $a LD/2984 $e Fonds patrimonial; legs Destombes
995    $0 0 $2 0 $4 0 $5 2006-01-04 $9 191533 $b MED $c MED $e MED3T $f c0004164880 $h PPELGZZ $k LD/2984 $o 2 $r PRETLIV $s LD_2984_000000000000000 $w 0 $y 2014-06-30

