00913nj  a2200241 n 4500
001 168992
003 http://www.mediathequederoubaix.fr/ark:/20179/KH168992
005 20240516021031.0
035    $a HZ_
071 01 $a EPC 85067 $b Epic
090    $a 168992
091    $a 1 $b 20240516 $c 0
099    $t DV $c 2014-06-30 $d 2024-05-16 $x 0
100    $a 20140630              frey50        
101    $a fre
200    $a Amour et connerie $b Enr. sonore $f Bob Decout
215    $a 1 disque
327    $a L'athlète incomplet $a Petit pull de laine
339    $a m
700  1 $7 ba0yba0y $8 fre    $3 14091708 $9 86034 $7 ba0yba0y $8 fre    $a Decout $b Bob $f 1945?-....
801    $a FR $b 595126101 $c 20060106 $g AFNOR
930    $5 595126101:F DESD 30/1049 $b 595126101 $a F DESD 30/1049 $e Fonds Patrice Desdoit
995    $0 0 $2 0 $4 0 $5 2006-01-06 $9 191655 $b MED $c MED $e MED2D $f F DESD 30/1049 $h PENPDZZ $k F DESD 30/1049 $o 0 $r PRETSON $s F_DESD_30_104900000000000 $w 0 $y 2014-06-30

