00856nj  a2200241 n 4500
001 169149
003 http://www.mediathequederoubaix.fr/ark:/20179/KH169149
005 20240516021057.0
035    $a HZ_
071 01 $a 2C 008-72484 $b Pathé Marconi
090    $a 169149
091    $a 1 $b 20240516 $c 0
099    $t DV $c 2014-06-30 $d 2024-05-16 $x 0
100    $a 20140630              frey50        
101    $a fre
200    $a La vie marathon $b Enr. sonore $f Bruno Grimaldi
215    $a 1 disque
327    $a La vie marathon $a Paris pigalle
339    $a m
700  1 $a Grimaldi $b Bruno
801    $a FR $b 595126101 $c 20060111 $g AFNOR
930    $5 595126101:F DESD 30/1071 $b 595126101 $a F DESD 30/1071 $e Fonds Patrice Desdoit
995    $0 0 $2 0 $4 0 $5 2006-01-11 $9 191922 $b MED $c MED $e MED2D $f F DESD 30/1071 $h PENPDZZ $k F DESD 30/1071 $o 0 $r PRETSON $s F_DESD_30_107100000000000 $w 0 $y 2014-06-30

