00849nj  a2200241 n 4500
001 169350
003 http://www.mediathequederoubaix.fr/ark:/20179/KH169350
005 20240516072548.0
035    $a HZ_
071 01 $a 101569 $b Vogue
090    $a 169350
091    $a 1 $b 20240516 $c 0
099    $t DV $c 2014-06-30 $d 2024-05-16 $x 0
100    $a 20140630              frey50        
101    $a fre
200    $a Le dernier verre $b Enr. sonore $f Grand Jojo
215    $a 1 disque
327    $a Le dernier verre $a Agence matrimoniale
339    $a m
700  1 $a Grand Jojo $f 1936-....
801    $a FR $b 595126101 $c 20060114 $g AFNOR
930    $5 595126101:F DESD17/214 $b 595126101 $a F DESD 17/214 $e Fonds Patrice Desdoit
995    $0 0 $2 0 $4 0 $5 2006-01-14 $9 192123 $b MED $c MED $e MED2D $f F DESD 17/214 $h PENPDZZ $k F DESD 17/214 $o 0 $r PRETSON $s F_DESD_17_214000000000000 $w 0 $y 2014-06-30 $A 0

