00955nj  a2200241 n 4500
001 169453
003 http://www.mediathequederoubaix.fr/ark:/20179/KH169453
005 20240516072558.0
035    $a HZ_
071 01 $a 11 692 $b Atlantic
090    $a 169453
091    $a 1 $b 20240516 $c 0
099    $t DV $c 2014-06-30 $d 2024-05-16 $x 0
100    $a 20140630              frey50        
101    $a fre
200    $a J't'aimais tellement fort que j't'aime encore $b Enr. sonore $f Michel Jonasz
215    $a 1 disque
327    $a J't'aimais tellement fort que j't'aime encore $a V'la l'soleil qui s'lève
339    $a m
700    $7 ba0yba0y $8 fre    $a Jonasz $b Michel $f 1947-.... $3 13895713 $9 4906
801    $a FR $b 595126101 $c 20060118 $g AFNOR
930    $5 595126101:F DESD 17/235 $b 595126101 $a F DESD 17/235 $e Fonds Patrice Desdoit
995    $0 0 $2 0 $4 0 $5 2006-01-18 $9 192225 $b MED $c MED $e MED2D $f F DESD 17/235 $h PENPDZZ $k F DESD 17/235 $o 0 $r PRETSON $s F_DESD_17_235000000000000 $w 0 $y 2014-06-30

