02118cam a2200433   4500
001 169603
003 http://www.mediathequederoubaix.fr/ark:/20179/KH169603
010    $a 2-7427-4627-7 $b rel. $d 19 EUR
020    $a FR $b 00432645
033    $a http://catalogue.bnf.fr/ark:/12148/cb39191597g
035    $a FRBNF391915970000005
073  0 $a 9782742746279 $2 ALS
090    $a 169603
091    $b 20240516 $c 1 $a 2
099    $t LI $c 2014-06-30 $d 2024-05-16 $x 4
100    $a 20040610d2004    m  y0frey50      ba
101 1  $a fre $c ara
102    $a FR
105    $a ||||z   00|a|
106    $a r
181  0 $6 01 $a i  $b xxxe  
181    $6 02 $c txt $2 rdacontent
182  0 $6 01 $a n
182    $6 02 $c n $2 rdamedia
200 1  $a La satire des deux vizirs $b Texte imprimé $f Abû Hayyân al-Tawhîdî $g présenté, trad. de l'arabe et annoté par Frédéric Lagrange
210    $a Arles $c Actes Sud-Sindbad $d 2004 $e 18-Saint-Germain-du-Puy $g Impr. Façonnage du Centre
215    $a 199 p. $c couv. ill. en coul. $d 23 cm
225    $a La bibliothèque arabe $i Collection Les Classiques
330    $a Ecrite par un savant soufi du Xe siècle, cette oeuvre évoque les déboires d'un intellectuel appelé à la cour de princes avides de reconnaissance, qui voudraient associer savoir et pouvoir.
339    $a m
410  0 $0 34227507 $t Bibliothèque arabe. Collection Les Classiques $x 0224-781X $d 2003
454  1 $t Aẖlāq al-wazīrayn
608    $a Contes, légendes et folklore $2 CNLJ $k Avis critique donné par le Centre national de la littérature pour la jeunesse
686    $a 803 $2 Cadre de classement de la Bibliographie nationale française
700    $3 12973993 $9 86144 $o ISNI0000000119410462 $a Tawḥīdī $b ʿAlī ibn Muḥammad Abū Ḥayyān al- $f 0932-1023 $4 070
702    $3 13170309 $9 86145 $o ISNI0000000373948014 $a Lagrange $b Frédéric $f 1964-.... $4 730
801  0 $a FR $b FR-751131015 $c 20040610 $g AFNOR $h FRBNF391915970000005 $2 intermrc
999    $a FRBNF391915970000005
995    $0 0 $2 0 $4 0 $5 2006-02-11 $9 192376 $P 19.00 $b MED $c MED $e MED1A $f C0004243333 $h ALTTLZZ $k LIT/TAW $o 0 $p 19.00 $r PRETLIV $s LITTAW $w 7 $y 2021-08-02 $7 Maison du Livre

