02270cam a2200469   4500
001 169731
003 http://www.mediathequederoubaix.fr/ark:/20179/KH169731
010    $a 2-910227-63-4 $b br. $d 30 EUR
020    $a FR $b 00612051
033    $a http://catalogue.bnf.fr/ark:/12148/cb400983990
035    $a FRBNF400983990000002
073  0 $a 37531019220608
090    $a 169731
091    $b 20240516 $c 1 $a 2
099    $t LI $c 2014-06-30 $d 2024-05-16 $x 0
100    $a 20060119d2005    k  h0frey50      ba
101 0  $a fre
102    $a FR
105    $a ||||z   00|y|
106    $a r
181  0 $6 01 $a i  $b xxxe  
181    $6 02 $c txt $2 rdacontent
182  0 $6 01 $a n
182    $6 02 $c n $2 rdamedia
200 1  $a La lecture à l'hôpital $b Texte imprimé $e état stationnaire, critique ou convalescent ? $f Frédéric Duton $g préface de Guy Cobolet
210    $a Villeurbanne $c Presses de l'ENSSIB, École nationale supérieure des sciences de l'information et des bibliothèques $d impr. 2005 $e 69-Lyon $g Charvet impr.
215    $a 1 vol. (114 p.) $d 24 cm
300    $a En appendice, choix de documents
300    $a Bibliogr. p. 77-82. Webliogr. p. 82
328  0 $b Mémoire $e Villeurbanne,ENSSIB $d 2005
339    $a m
606    $3 11942025 $9 20534 $a Bibliothèques d'hôpitaux $3 11931476 $9 109 $y France $3 12432924 $9 2858 $z 1990-2020 $2 rameau
608    $3 13505219 $9 8911 $a Enquêtes $2 rameau
608    $a Documentaires : généralités $2 CNLJ $k Avis critique donné par le Centre national de la littérature pour la jeunesse
608    $a Ouvrages de référence $2 CNLJ $k Avis critique donné par le Centre national de la littérature pour la jeunesse
608    $a Documentaires : sciences et techniques $2 CNLJ $k Avis critique donné par le Centre national de la littérature pour la jeunesse
676    $a 027.662 0944 $v 23
686    $a 020 $2 Cadre de classement de la Bibliographie nationale française
700    $3 15051867 $9 86177 $o ISNI000000013957136X $a Duton $b Frédéric $4 070
801  0 $a FR $b FR-751131015 $c 20060119 $g AFNOR $h FRBNF400983990000002 $2 intermrc
999    $a FRBNF400983990000002
995    $0 0 $2 0 $4 0 $5 2006-01-21 $9 192600 $P 30.00 $b MED $c MED $e MED3D $f c0004149563 $h ACFBPZZ $k BIB PROF/1.245 DUT $o 0 $p 30.00 $r PRETLIV $s BIB_PROF1_245_000000000000000_ $w 0 $y 2008-08-23 $7 Decitre

