01552nj  a2200301 n 4500
001 169871
003 http://www.mediathequederoubaix.fr/ark:/20179/KH169871
005 20240516073156.0
035    $a HZ_RbxHzBib266934
090    $a 169871
091    $a 1 $b 20240516 $c 0
099    $t DC $c 2014-06-30 $d 2024-05-16 $x 0
100    $a          2004         frey5003    ba
101    $a    
200    $a Deuxième saison $b Enr. sonore $f Ken Meyers
210    $a Douai $b Nord $c Ken Meyers $d P 2004
215    $a 1 d.c. $e 1 livret (n.p. ; 12 cm)
322    $a Enregistré au studio FT productions Hazebrouck ; prise de son François Tourneur ; mixé par Franck Manceau dans son studio, Grande-Synthe
323    $a Musiciens : Ken Meyers, chant, guit., hrmca, choeurs ; Carole Dignoire, choeurs ; Freddy Holleville, batt., choeurs ; Manu Berdin, guit. b ; François Tourneur, guit. ; Remy Charlet, claviers.
327    $a Allez-y $a Le bal des gueules cassées $a En silence $a Artisan de la chanson $a Juste après l'orage $a Cache-cache $a Sympa comme un bon moment $a Nos envies animales $a Te faire rêver $a Deuxième saison
339    $a m
345    $a Hybrid' Music
606 0  $a Rock (musique) $y France $y Pas-de-Calais $x Disques $2 rameau
679    $a 2
700  1 $a Meyers $b Ken
801    $a FR $b 595126101 $c 20070831 $g AFNOR
930    $5 595126101:C0004224363 $b 595126101 $a FLRSON DC/1880 $e Fonds local et régional sonore
995    $0 0 $2 0 $4 0 $5 2006-01-25 $9 192747 $P 21.00 $b MED $c MED $e MED3C $f C0004224363 $h PENRSZZ $k FLRSON DC/1880 $o 2 $p 21.00 $r PRETSON $s FLRSON_DC1880 $w 0 $y 2014-06-30 $7 Hybrid'music

