01977cam a2200409   4500
001 170023
003 http://www.mediathequederoubaix.fr/ark:/20179/KH170023
010    $a 2-84337-342-5 $b br. $d 17 EUR
020    $a FR $b 00608888
033    $a http://catalogue.bnf.fr/ark:/12148/cb40097090t
035    $a FRBNF400970900000006
073  0 $a 9782843373428
090    $a 170023
091    $b 20240516 $c 1 $a 2
099    $t LI $c 2014-06-30 $d 2024-05-16 $x 8
100    $a 20060117d2005    m  y0frey50      ba
101 0  $a fre
102    $a FR
105    $a ||||z   00|||
106    $a r
181  0 $6 01 $a i  $b xxxe  
181    $6 02 $c txt $2 rdacontent
182  0 $6 01 $a n
182    $6 02 $c n $2 rdamedia
200 1  $a Mon dernier cheveu noir $b Texte imprimé $e avec quelques conseils aux anciens jeunes $f Jean-Louis Fournier
210    $a Paris $c A. Carrière $d impr. 2005 $e 27-Mesnil-sur-l'Estrée $g Impr. Firmin-Didot
215    $a 1 vol. (203 p.) $c ill. $d 21 cm
330    $a L'auteur qui vient de fêter ses soixante ans propose au fil d'un récit intimiste et résolument humoristique, des conseils pour vivre les années qui suivent comme un défi à l'issue finale. A travers des observations et des anecdotes sur sa vie quotidienne, il se moque des petits ou plus grands désagréments de l'avancée en âge et montre comment les affronter avec humour.
339    $a m
606    $3 11940843 $9 22802 $a Vieillissement $2 rameau
608    $3 11976851 $9 114 $a Récits personnels $2 rameau
676    $a 848.914 03 (oeuvre) $v 23
686    $a 804 $2 Cadre de classement de la Bibliographie nationale française
700    $3 11903289 $9 13572 $o ISNI000000010921525X $a Fournier $b Jean-Louis $f 1938-.... $4 070
801  0 $a FR $b FR-751131015 $c 20060117 $g AFNOR $h FRBNF400970900000006 $2 intermrc
999    $a FRBNF400970900000006
995    $0 0 $2 0 $4 0 $5 2006-01-31 $9 192904 $P 17.00 $b MED $c MED $e MED1A $f C0004222523 $h AAPPLHU $k Doc./682 FOU $o 0 $p 17.00 $r PRETLIV $s DOC___682_000000000000000_FOU $w 34 $y 2022-02-16 $7 Majuscule

