01105nam a2200301 n 4500
001 170151
003 http://www.mediathequederoubaix.fr/ark:/20179/KH170151
005 20220927080042.0
035    $a HZ_
090    $a 170151
091    $a 0
099    $t LI $c 2014-06-30 $d 2022-09-27 $x 0
100    $a                       frey5003    ba
101    $a fre
102    $a   
200    $a L' homme qui rit $h Tome deuxième $f par Victor Hugo
210    $a Paris $c Nelson, éd. $d [ca 193-?]
215    $a 435-14 p. $c front. en coul., couv. ill. $d 17 cm
225 2  $a Collection Nelson
300    $a Don de O. Vandekerkhove
310    $a Cartonnage d'éditeur
339    $a m
410    $t Collection Nelson
700    $7 ba0yba0y $8 fre    $a Hugo $b Victor $f 1802-1885 $9 2365
702    $4 320 $7 ba0yba0y $8 fre    $a Vandekerkhove $b Octave $9 151417
801    $a FR $b 595126101 $c 20060127 $g AFNOR
930    $5 595126101:C0004136170 $b 595126101 $a MAG L/P 8/115 271 $e Fonds patrimonial
995    $0 0 $2 0 $4 0 $5 2006-01-27 $9 193054 $b MED $c MED $e MED3I $f C0004136170 $h PPEFGZZ $k MAG L/P 8/115 271 $o 2 $r PRETLIV $s MAG_LP_8115_271000000000000 $w 0 $y 2014-06-30

