02007cam a2200433   4500
001 170299
003 http://www.mediathequederoubaix.fr/ark:/20179/KH170299
010    $a 2-07-038934-0 $b br. $d 51 F
020    $a FR $b 09612162
033    $a http://catalogue.bnf.fr/ark:/12148/cb35801450b
035    $a FRBNF358014500000002
039    $o OPL $a 021043229
090    $a 170299
091    $b 20240516 $c 1 $a 2
099    $t LI $c 2014-06-30 $d 2024-05-16 $x 7
100    $a 19960319d1996    m  y0frey50      ba
101 1  $a fre $c heb
102    $a FR
105    $a ||||z   00|a|
106    $a r
181  0 $6 01 $a i  $b xxxe  
181    $6 02 $c txt $2 rdacontent
182  0 $6 01 $a n
182    $6 02 $c n $2 rdamedia
200 1  $a Un juste repos $b Texte imprimé $f Amos Oz $g trad. de l'hébreu par Guy Seniak
210    $a [Paris] $c Gallimard $d 1996 $e 27-Mesnil-sur-l'Estrée $g Impr. Firmin-Didot
215    $a 464 p. $c couv. ill. en coul. $d 18 cm
225    $a Collection Folio $v 2802
330    $a Pour échapper à son existence étriquée, un homme se lève et s'en va, laissant tout derrière lui. L'histoire serait banale si ce départ n'avait pris les proportions d'une désertion. Car, en quittant le kibboutz où il est né, Jonathan Lifschitz, fils d'un des fondateurs de l'Etat d'Israël, lance une gifle à la face des idéaux sionistes et socialistes de la génération dont il est issu.
339    $a m
410  0 $0 34234540 $t Collection Folio $x 0768-0732 $v 2802
454  1 $t Mnwḥah nkwnah
454  1 $t מנוחה נכונה
686    $a 823 $2 Cadre de classement de la Bibliographie nationale française
700    $3 11918326 $9 212 $o ISNI0000000121007576 $a Oz $b Amos $f 1939-2018 $4 070
702    $3 11924427 $9 7010 $o ISNI000000000007131X $a Séniak $b Guy $4 730
801  0 $a FR $b FR-751131015 $c 19960319 $g AFNOR $h FRBNF358014500000002 $2 intermrc
999    $a FRBNF358014500000002
995    $0 0 $2 0 $4 0 $5 2006-04-15 $9 193203 $P 9.00 $b MED $c MED $e MED1A $f C0004283260 $h ALTROZZ $k R/OZ $o 0 $p 9.00 $r PRETLIV $s ROZ $w 20 $y 2024-01-09 $7 Majuscule

