00897nj  a2200241 n 4500
001 170447
003 http://www.mediathequederoubaix.fr/ark:/20179/KH170447
005 20240516073813.0
035    $a HZ_
071 01 $a ST 40098 $b Spot
090    $a 170447
091    $a 1 $b 20240516 $c 0
099    $t DV $c 2014-06-30 $d 2024-05-16 $x 0
100    $a 20140630              frey50        
101    $a fre
200    $a Parlez-moi de lui $b Enr. sonore $f Nicole Croisille
215    $a 1 disque
327    $a Parlez-moi de lui $a Photos et nostalgie
339    $a m
700    $7 ba0yba0y $8 fre    $a Croisille $b Nicole $f 1936-.... $3 13892843 $9 3422
801    $a FR $b 595126101 $c 20060202 $g AFNOR
930    $5 595126101:F DESD 17/273 $b 595126101 $a F DESD 17/273 $e Fonds Patrice Desdoit
995    $0 0 $2 0 $4 0 $5 2006-02-02 $9 193352 $b MED $c MED $e MED2D $f F DESD 17/273 $h PENPDZZ $k F DESD 17/273 $o 0 $r PRETSON $s F_DESD_17_273000000000000 $w 0 $y 2014-06-30

