00839nj  a2200241 n 4500
001 170555
003 http://www.mediathequederoubaix.fr/ark:/20179/KH170555
005 20240516073826.0
035    $a HZ_
071 01 $a Oxy 025 $b Oxygène
090    $a 170555
091    $a 1 $b 20240516 $c 0
099    $t DV $c 2014-06-30 $d 2024-05-16 $x 0
100    $a 20140630              frey50        
101    $a fre
200    $a La nature vit, l'homme lui, critique... $b Enr. sonore $f Orion
215    $a 1 disque
327    $a Le monde $a Le rapace
339    $a m
710  1 $a Orion
801    $a FR $b 595126101 $c 20060203 $g AFNOR
930    $5 595126101:F DESD 30/1505 $b 595126101 $a F DESD 30/1505 $e Fonds Patrice Desdoit
995    $0 0 $2 0 $4 0 $5 2006-02-03 $9 193463 $b MED $c MED $e MED2D $f F DESD 30/1505 $h PENPDZZ $k F DESD 30/1505 $o 0 $r PRETSON $s F_DESD_30_150500000000000 $w 0 $y 2014-06-30

