02108cam a2200469   4500
001 170713
003 http://www.mediathequederoubaix.fr/ark:/20179/KH170713
010    $a 2-75400-137-9 $b br. $d 22,90 EUR
020    $a FR $b 00615745
033    $a http://catalogue.bnf.fr/ark:/12148/cb40108856d
035    $a FRBNF401088560000002
073  0 $a 9782754001373
090    $a 170713
091    $b 20240516 $c 1 $a 2
099    $t LI $c 2014-06-30 $d 2024-05-16 $x 46
100    $a 20060207d2006    m  y0frey50      ba
101 1  $a fre $c eng
102    $a FR
105    $a ||||z   00|y|
106    $a r
181  0 $6 01 $a i  $b xxxe  
181    $6 02 $c txt $2 rdacontent
182  0 $6 01 $a n
182    $6 02 $c n $2 rdamedia
200 1  $a Le tai chi pour les nuls $b Texte imprimé $f Therese Iknoian $g [traduit par Marc Rozenbaum]
210    $a Paris $c First éd. $d DL 2006 $e 14-Condé-sur-Noireau $g Corlet impr.
215    $a 1 vol. (XII-336 p.) $c ill., couv. ill. en coul. $d 23 cm
225    $a Pour les nuls
300    $a La couv. porte en plus : "retrouvez l'harmonie corps-esprit grâce au tai chi !", "à mettre entre toutes les mains !"
300    $a Webliogr. p. 330-331. Index
330    $a Présente cette discipline chinoise qui permet par la pratique d'enchaînements au quotidien de retrouver l'équilibre physique et mental, de s'assouplir, d'évacuer le stress et de se relaxer.
339    $a m
410  0 $0 34280056 $t Pour les nuls (Paris) $x 1248-4601 $d 2006
454  1 $t T'ai chi for dummies
606    $3 13163075 $9 5841 $a Taijiquan $2 rameau
676    $a 613.714 8155 $v 23
686    $a 796 $2 Cadre de classement de la Bibliographie nationale française
700    $3 15055152 $9 86501 $o ISNI0000000108655018 $a Iknoian $b Therese $f 1957-.... $4 070
702    $3 14450993 $9 86502 $o ISNI0000000073650902 $a Rozenbaum $b Marc $4 730
801  0 $a FR $b FR-751131015 $c 20060207 $g AFNOR $h FRBNF401088560000002 $2 intermrc
999    $a FRBNF401088560000002
995    $0 0 $2 0 $4 0 $5 2006-03-17 $9 193621 $P 22.90 $b MED $c MED $e MED1A $f C0004249062 $h AAPPLMS $k Doc./613.1 ZEN $o 0 $p 22.90 $r PRETLIV $s DOC___613_100000000000000_ZEN $w 90 $y 2024-05-01 $7 Majuscule

