01651nam a2200337 n 4500
001 170847
003 http://www.mediathequederoubaix.fr/ark:/20179/KH170847
005 20160125020848.0
035    $a HZ_RbxHzBib268136
090    $a 170847
091    $a 0
099    $t LI $c 2014-06-30 $d 2014-06-30 $x 0
100    $a          2005         frey5003    ba
101    $a fre
102    $a   
200    $a La ville et l'architecture de Roubaix aux XIXeme et XXeme siècles $e communication en vue de la création d'un Centre d'Interprétation de l'architecture et du Patrimoine (CIAP) à Roubaix sur le site de la Condition Publique $f Philippe Louguet,...
210    $a [Roubaix (Nord) $c Ville de Roubaix] $d 2005
215    $a Non paginé $c ill. $d 30 cm
307    $a Illustrations en coul. (Ex. Br.)
310    $a Rel. spirale (Ex. Br.)
339    $a m
517    $a Etude de contenu scientifique et culturel du CIAP
606 0  $9 256339 $a Architecture $y France $y Roubaix (Nord) $z 19e siècle
606 0  $9 256340 $a Architecture $y France $y Roubaix (Nord) $z 20e siècle
606 0  $9 256341 $a Urbanisme $y France $y Roubaix (Nord) $z 19e siècle
606 0  $9 254005 $a Urbanisme $y France $y Roubaix (Nord) $z 20e siècle
700  1 $9 204903 $a Louguet $b Philippe
801    $a FR $b 595126101 $c 20070831 $g AFNOR
930    $5 595126101:c0004151120 $b 595126101 $a BR 4/2754 $e Fonds patrimonial
995    $0 0 $2 0 $4 0 $5 2006-02-09 $9 193811 $b MED $c MED $e MED3P $f c0004153261 $h PPEFGZZ $k RES 4/5027 $o 2 $r PRETLIV $s RES_45027_000000000000000 $w 0 $y 2014-06-30 $7 Don
995    $0 0 $2 0 $4 0 $5 2006-02-09 $9 193812 $b MED $c MED $e MED3N $f c0004151120 $h PPEFGZZ $k BR 4/2754 $o 2 $r PRETLIV $s BR_42754_000000000000000 $w 0 $y 2014-06-30 $7 Don

