00875nj  a2200241 n 4500
001 170983
003 http://www.mediathequederoubaix.fr/ark:/20179/KH170983
005 20240516074516.0
035    $a HZ_
071 01 $a 723673 $b WEA
090    $a 170983
091    $a 1 $b 20240516 $c 0
099    $t DV $c 2014-06-30 $d 2024-05-16 $x 0
100    $a 20140630              frey50        
101    $a fre
200    $a Microclimats $b Enr. sonore $f Jean-Pierre Mader
215    $a 1 disque
327    $a Macumba $a Disparue
339    $a m
700    $7 ba0yba0y $8 fre    $a Mader $b Jean-Pierre $f 1955-.... $3 13896929 $9 36499
801    $a FR $b 595126101 $c 20060211 $g AFNOR
930    $5 595126101:F DESD 30/1562 $b 595126101 $a F DESD 30/1562 $e Fonds Patrice Desdoit
995    $0 0 $2 0 $4 0 $5 2006-02-11 $9 193965 $b MED $c MED $e MED2D $f F DESD 30/1562 $h PENPDZZ $k F DESD 30/1562 $o 0 $r PRETSON $s F_DESD_30_156200000000000 $w 0 $y 2014-06-30

