04633cam a2200529   4500
001 171172
003 http://www.mediathequederoubaix.fr/ark:/20179/KH171172
010    $a 2-87833-377-2 $b rel. $d 12 EUR
020    $a FR $b 00558089
033    $a http://catalogue.bnf.fr/ark:/12148/cb40068802j
035    $a FRBNF400688020000000
073  0 $a 9782878333770
090    $a 171172
091    $b 20240516 $c 1 $a 2
099    $t LI $c 2014-06-30 $d 2024-05-16 $x 67
100    $a 20051110d2005    a  y0frey50      ba
101 1  $a fre $c eng
102    $a FR
105    $a ||||z   00|a|
106    $a r
181  0 $6 01 $a i  $b xxxe  
181    $6 02 $c txt $2 rdacontent
182  0 $6 01 $a n
182    $6 02 $c n $2 rdamedia
200 1  $a Dans ma chambre $b Texte imprimé $f par Uri Shulevitz $g traduction de l'américain et postface par Brigitte Andrieux
210    $a [Paris] $c la Joie par les livres $c Circonflexe $d DL 2005 $e impr. en Italie
215    $a 1 vol. (non paginé [30] p.) $c ill. en coul., couv. ill. en coul. $d 23 cm
225    $a Aux couleurs du temps
321    $a La Revue des livres pour enfants. Sélection annuelle
329    $a Dans la chambre du petit garçon, il y a le monde entier, qu'il recrée avec ses amis jouets. Par sa fenêtre ouverte : le soleil, la lune, les étoiles, sur le petit balcon des plantes comme un jardin. Mais où est passé Prince Ours, qu'il adore ? Il a disparu et plus rien n'existe. Lorsqu'il le retrouve, il partage avec lui tout son bonheur. Un texte très simple, limpide, introduit le lecteur dans cet univers avant de faire entendre la voix de l'enfant, laissant toute sa place à l'illustration. Sur la page blanche, de légers fils gris conduisent le regard, dessinent le décor, disparaisssent pour évoquer la solitude de l'enfant ou les retrouvailles des deux amis, cependant que les objets familiers comme les personnages sont parsemés de délicates touches roses et vert pâle. Tout le charme de ce récit apparemment simple (" un seul être vous manqueà etc. ") tient à l'habileté d'Uri Shulevitz à traduire la naïveté d'un regard enfantin sur le monde par des formes simples, une miniaturisation des objets, un déplacement des points de vue sur l'univers de la chambre et une remarquable mise en pages qui donne tout son prix à chaque objet, à chaque émotion. Une réussite. (M.B. et C.G.) $d 20060103 $f MB
329    $a Dans la chambre de l'enfant, il y a le monde entier recréé avec ses jouets. Mais quand Prince Ours disparaît, rien n'existe plus. Le charme de ce récit tient à l'habileté avec laquelle Uri Shulevitz traduit l'innocence d'un regard enfantin sur le monde, par des formes simples, une miniaturisation des objets, un déplacement des points de vue sur l'univers de la chambre et une remarquable mise en pages qui donne tout son prix à chaque objet, à chaque émotion.
330    $a Dans une jolie maison vit un petit garçon qui a sa propre chambre et sa propre fenêtre d'où il aperçoit son soleil ou sa lune... Mais une chose lui manque : son ours en peluche.
333    $a À partir de 3 ans $2 CNLJ $k Avis critique donné par le Centre national de la littérature pour la jeunesse
339    $a a
410  0 $0 34277750 $t Aux couleurs du temps (Paris. 1993) $x 1242-8906 $d 2005
454  1 $t The moon in my room
608    $a Albums $2 CNLJ $k Avis critique donné par le Centre national de la littérature pour la jeunesse
686    $a 809 $2 Cadre de classement de la Bibliographie nationale française
700    $3 11924666 $9 15393 $o ISNI0000000121472646 $a Shulevitz $b Uri $f 1935-.... $4 070
702    $3 15021735 $9 86691 $o ISNI0000000004893572 $a Andrieux $b Brigitte $4 730
801  0 $a FR $b FR-751131015 $c 20051110 $g AFNOR $h FRBNF400688020000000 $2 intermrc
999    $a FRBNF400688020000000
995    $0 0 $2 0 $4 0 $5 2006-02-24 $9 194167 $P 12.00 $b MED $c MED $e MED2A $f C2500017860 $h JABPFAF $k PE A/SHU $o 0 $p 12.00 $r PRETLIV $s PE_A_SHU $w 18 $y 2024-01-10 $7 Bateau Livre
995    $0 0 $2 0 $4 0 $5 2007-03-14 $9 194168 $P 12.00 $b MED $c MED $e MED2A $f C0004444727 $h JABPFAF $k PE A/SHU $o 0 $p 12.00 $r PRETLIV $s PE_A_SHU $w 37 $y 2023-08-24 $7 Bateau Livre
995    $0 0 $2 0 $4 0 $5 2006-02-24 $9 194169 $P 12.00 $b MED $c MED $e MED2A $f C0004248731 $h JABEFAE $k E A/SHU $o 0 $p 12.00 $r PRETLIV $s E_A_SHU $w 34 $y 2024-01-03 $7 Bateau Livre
995    $0 0 $2 0 $4 0 $5 2006-02-17 $9 194170 $P 12.00 $b MED $c MED $e MED0A $f C0004244915 $h JABPFAF $k EXT PE A/SHU $o 0 $p 12.00 $r PRETLIV $s EXT_PE_A_SHU $w 14 $y 2021-06-15 $7 Bateau Livre (office fic. collectivits)
995    $0 0 $2 0 $4 0 $5 2006-02-17 $9 194171 $P 12.00 $b MED $c MED $e MED0A $f C0004245856 $h JABPFAF $k EXT PE A/SHU $n 2024-08-07 $o 0 $p 12.00 $r PRETLIV $s EXT_PE_ASHU $w 42 $y 2023-10-12 $7 Bateau Livre (office fic. collectivits)

