01893cam a2200421   4500
001 171356
003 http://www.mediathequederoubaix.fr/ark:/20179/KH171356
010    $a 2-253-11517-7 $b br. $d 6 EUR
020    $a FR $b 00603688
033    $a http://catalogue.bnf.fr/ark:/12148/cb40077647x
035    $a FRBNF400776470000000
073  0 $a 9782253115175
090    $a 171356
091    $b 20240516 $c 1 $a 2
099    $t LI $c 2014-06-30 $d 2024-05-16 $x 4
100    $a 20051129d2005    m  y0frey50      ba
101 0  $a fre
102    $a FR
105    $a ||||z   00|a|
106    $a r
181  0 $6 01 $a i  $b xxxe  
181    $6 02 $c txt $2 rdacontent
182  0 $6 01 $a n
182    $6 02 $c n $2 rdamedia
200 1  $a Le gambit des étoiles $b Texte imprimé $f Gérard Klein $g préface de l'auteur
210    $a Paris $c Librairie générale française $d DL 2005 $e 72-La Flèche $g Impr. Brodard et Taupin
215    $a 1 vol. (253 p.) $c couv. ill. en coul. $d 18 cm
225    $a Le livre de poche $i Science-fiction
308    $a 7279
330    $a La Galaxie humaine, minuscule îlot perdu dans l'océan de l'espace, a pour ambition de faire coïncider ses frontières avec les limites spiralées de la Galaxie stellaire. Jerg Algan, vagabond qui vit à Dark, a été engagé de force, pour être envoyé en mission au centre de la Galaxie...
339    $a m
410  0 $0 34247548 $t Le Livre de poche. SF $x 0985-7753 $d 2003
410  0 $0 34228560 $t Le Livre de poche $x 0248-3653 $v 7279
686    $a 803 $2 Cadre de classement de la Bibliographie nationale française
700    $3 11909832 $9 40744 $o ISNI0000000114376453 $a Klein $b Gérard $f 1937-.... $4 070
801  0 $a FR $b FR-751131015 $c 20051129 $g AFNOR $h FRBNF400776470000000 $2 intermrc
999    $a FRBNF400776470000000
995    $0 0 $2 0 $4 0 $5 2006-03-22 $9 194380 $P 6.00 $b MED $c MED $e MED1A $f C0004211679 $h ALTIGSF $k SF/KLE $o 0 $p 6.00 $r PRETLIV $s SFKLE $w 12 $y 2022-01-12 $7 Majuscule

