01694ng  a2200373 n 4500
001 171508
003 http://www.mediathequederoubaix.fr/ark:/20179/KH171508
005 20240516075213.0
035    $a HZ_RbxHzBib269063
090    $a 171508
091    $a 1 $b 20240516 $c 0
099    $t VD $c 2014-06-30 $d 2024-05-16 $x 13
100    $a          1948         frey5003    ba
101    $a eng $a     $a     $a     $a    
200    $a La cité de la peur $b DVD $d Station west $f Sidney Lanfield, réal. $g Frank Fenton, Winston Miller, Luke Short, scén. $g Heinz Roemheld, mus.
205    $a Version originale, version originale sous-titrée
210    $a Etats-Unis $c RKO Radio Pictures Inc. $d 1948
215    $a 1 DVD (1 h 20 min) $c n.b., sonore
225 2  $a Collection RKO $v 4
323    $a Interprètes : Dick Powell, Jane Greer, Agnes Moorehead... [et al.]
339    $a m
345    $a ADAV $b 49020
410    $t Collection RKO $v 4
510    $a Station west
606 0  $a Cinéma $y États-Unis $z 1929-1945 $2 rameau
700  1 $7 ba0yba0y $8 fre    $3 14112822 $9 86779 $4 300 $7 ba0yba0y $8 fre    $a Lanfield $b Sidney $f 1898-1972
702  1 $a Powell $b Dick
702  1 $a Moorehead $b Agnes
702  1 $7 ba0yba0y $8 fre    $3 12649010 $9 86780 $4 690 $7 ba0yba0y $8 fre    $a Short $b Luke $f 1908-1975
702  1 $7 ba0yba0y $8 fre    $3 14039918 $9 76561 $7 ba0yba0y $8 fre    $a Greer $b Jane $f 1924-2001
702    $7 ba0yba0y $8 fre    $a Fenton $b Frank $f 1903-1971 $3 13992094 $4 690 $9 86782
702    $7 ba0yba0y $8 fre    $a Miller $b Winston $f 1910-1994 $3 14121740 $4 690 $9 86781
801    $a FR $b 595126101 $c 20070831 $g AFNOR
995    $0 0 $2 0 $4 0 $5 2006-03-11 $9 194536 $P 18.30 $b MED $c MED $e MED1A $f C0004228008 $h AAPCIFI $k DVD/F LAN $o 0 $p 18.30 $r PRETDVD $s DVD_F_LAN $w 28 $y 2023-02-21 $7 ADAV

