00851nj  a2200241 n 4500
001 171638
003 http://www.mediathequederoubaix.fr/ark:/20179/KH171638
005 20240516075242.0
035    $a HZ_
071 01 $a JM 22022 $b Jean Mauzac
090    $a 171638
091    $a 1 $b 20240516 $c 0
099    $t DV $c 2014-06-30 $d 2024-05-16 $x 0
100    $a 20140630              frey50        
101    $a fre
200    $a Le vin $b Enr. sonore $f Jean Mauzac
215    $a 1 disque
327    $a Le petit garçon aux cheveux longs $a La connerie
339    $a m
700  1 $a Mauzac $b Jean
801    $a FR $b 595126101 $c 20060224 $g AFNOR
930    $5 595126101:F DESD 30/1670 $b 595126101 $a F DESD 30/1671 $e Fonds Patrice Desdoit
995    $0 0 $2 0 $4 0 $5 2006-02-24 $9 194667 $b MED $c MED $e MED2D $f F DESD 30/1670 $h PENPDZZ $k F DESD 30/1671 $o 0 $r PRETSON $s F_DESD_30_167100000000000 $w 0 $y 2014-06-30

