00897nj  a2200241 n 4500
001 171771
003 http://www.mediathequederoubaix.fr/ark:/20179/KH171771
005 20240516075304.0
035    $a HZ_
071 01 $a RSL 1093 $b Saravah
090    $a 171771
091    $a 1 $b 20240516 $c 0
099    $t DV $c 2014-06-30 $d 2024-05-16 $x 0
100    $a 20140630              frey50        
101    $a fre
200    $a Brune 20/25 $b Enr. sonore $f Jean-Claude Vannier
215    $a 1 disque
327    $a Brune 20/25 $a Be careful my lord
339    $a m
700    $7 ba0yba0y $8 fre    $a Vannier $b Jean-Claude $f 1943-.... $3 13988424 $9 7076
801    $a FR $b 595126101 $c 20060228 $g AFNOR
930    $5 595126101:F DESD 30/1742 $b 595126101 $a F DESD 30/1742 $e Fonds Patrice Desdoit
995    $0 0 $2 0 $4 0 $5 2006-02-28 $9 194804 $b MED $c MED $e MED2D $f F DESD 30/1742 $h PENPDZZ $k F DESD 30/1742 $o 0 $r PRETSON $s F_DESD_30_174200000000000 $w 0 $y 2014-06-30

