02192cam a2200445   4500
001 171898
003 http://www.mediathequederoubaix.fr/ark:/20179/KH171898
010    $a 2-07-030131-1 $b br. $d 6,80 EUR
020    $a FR $b 00521139
033    $a http://catalogue.bnf.fr/ark:/12148/cb39948227h
035    $a FRBNF39948227000000X
090    $a 171898
091    $b 20240516 $c 1 $a 2
099    $t LI $c 2014-06-30 $d 2024-05-16 $x 0
100    $a 20050405d2005    m  y0frey50      ba
101 0  $a fre
102    $a FR
105    $a ||||z   00|a|
106    $a r
181  0 $6 01 $a i  $b xxxe  
181    $6 02 $c txt $2 rdacontent
182  0 $6 01 $a n
182    $6 02 $c n $2 rdamedia
200 1  $a Le livre de Christophe Colomb $b Texte imprimé $f Paul Claudel $g éd. présentée, établie et annotée par Michel Lioure,...
210    $a [Paris] $c Gallimard $d 2005 $e 27-Mesnil-sur-l'Estrée $g Impr. Firmin-Didot
215    $a 236 p. $c couv. ill. en coul. $d 18 cm
225    $a Collection Folio $i Théâtre $v 93
300    $a Bibliogr. p. 207-213
330    $a Cette pièce s'inspire des voyages et de la vie de Christophe Colomb. L'auteur a conçu sur ce thème un véritable opéra dont la partition musicale a été confiée à Darius Milhaud. Y sont associés musique, choeurs, théâtre et cinéma. La narration utilise les techniques du flash-back et du procès pour exposer les principaux moments de la vocation et de l'aventure du gênois.
339    $a m
410  0 $0 34277155 $t Collection Folio. Théâtre $x 1242-7489 $v 93
410  0 $0 34234540 $t Collection Folio $x 0768-0732 $d 2005
500 11 $3 12386282 $9 322720 $a Le livre de Christophe Colomb $m français $2 lien automatique
676    $a 842.91 (oeuvre) $v 23
686    $a 802 $2 Cadre de classement de la Bibliographie nationale française
700    $3 11896956 $9 8522 $o ISNI000000012145056X $a Claudel $b Paul $f 1868-1955 $4 070
702    $3 11913103 $9 54011 $o ISNI0000000108717477 $a Lioure $b Michel $4 340
801  0 $a FR $b FR-751131015 $c 20050405 $g AFNOR $h FRBNF39948227000000X $2 intermrc
999    $a FRBNF39948227000000X
995    $0 0 $2 0 $4 0 $5 2006-04-06 $9 194935 $P 7.00 $b MED $c MED $e MED1A $f C0004255453 $h AMVTHTX $k T/CLA $o 0 $p 7.00 $r PRETLIV $s TCLA $w 0 $y 2008-07-16 $7 Majuscule

