02367cam a2200445   4500
001 172068
003 http://www.mediathequederoubaix.fr/ark:/20179/KH172068
010    $a 2-930263-30-X $b rel. $d 15 EUR
020    $a FR $b 00601747
033    $a http://catalogue.bnf.fr/ark:/12148/cb40084841w
035    $a FRBNF400848410000008
073  0 $a 9782930263304
090    $a 172068
091    $b 20240516 $c 1 $a 2
099    $t LI $c 2014-06-30 $d 2024-05-16 $x 7
100    $a 20051216d2005    a  y0frey50      ba
101 1  $a fre $c por
102    $a BE
105    $a ||||z   00|a|
106    $a r
181  0 $6 01 $a b  $b xb2e  
181    $6 02 $c sti $2 rdacontent
182  0 $6 01 $a n
182    $6 02 $c n $2 rdamedia
200 1  $a "Catarineta" $b Texte imprimé $e légende anonyme du XVIe siècle $f illustrations de Roger Mello $g [traduction française de Maria Cabral et Patricia Emsens]
210    $a Bruxelles $c les Éd. Du Pépin $a [Paris] $c [Belin diff.] $d DL 2005 $e impr. en Belgique
215    $a 1 vol. (non paginé [34] p.) $c ill. en coul., couv. ill. en coul. $d 31 cm
330    $a D'après une légende portugaise du 16e siècle. A l'époque des grandes découvertes, la Catarineta, une caravelle appartenant au roi et chargée de richesses, est prise dans une tempête. Le navire et son équipage frôlent le naufrage mais s'en sortent, sans mât ni gouvernail. Commence alors une errance de sept ans et un jour.
339    $a a
454  1 $t Nau "Catarineta"
608    $a Albums $2 CNLJ $k Avis critique donné par le Centre national de la littérature pour la jeunesse
608    $a Contes, légendes et folklore $2 CNLJ $k Avis critique donné par le Centre national de la littérature pour la jeunesse
676    $a 811.3 $v 23
686    $a 809 $2 Cadre de classement de la Bibliographie nationale française
700    $3 15033415 $9 87012 $o ISNI0000000055218884 $a Mello $b Roger $f 1965-.... $4 440
702    $3 15033432 $9 87013 $o ISNI000000011062574X $a Cabral $b Maria de Jesus $f 1966-.... $4 730
702    $3 15030234 $9 86745 $o ISNI0000000002544432 $a Emsens $b Patricia $f 1954-.... $4 730
801  0 $a FR $b FR-751131015 $c 20051216 $g AFNOR $h FRBNF400848410000008 $2 intermrc
999    $a FRBNF400848410000008
995    $0 0 $2 0 $4 0 $5 2006-03-04 $9 195119 $P 15.00 $b MED $c MED $e MED2A $f C0004251271 $h JABCTEF $k E CA/CAT $o 0 $p 15.00 $r PRETLIV $s E_CA_CAT $u premieres pages gondolées par eau $w 10 $y 2024-04-03 $7 Bateau Livre

