01742cam a2200421   4500
001 172304
003 http://www.mediathequederoubaix.fr/ark:/20179/KH172304
010    $a 2-02-080775-0 $b rel. $d 18,90 EUR
020    $a FR $b 00631927
033    $a http://catalogue.bnf.fr/ark:/12148/cb400432415
035    $a FRBNF400432410000006
073  0 $a 9782020807753
090    $a 172304
091    $b 20240517 $c 1 $a 2
099    $t LI $c 2014-06-30 $d 2024-05-17 $x 5
100    $a 20050929d2006    m  y0frey50      ba
101 0  $a fre
102    $a FR
105    $a ||||e   00|y|
106    $a r
181  0 $6 01 $a i  $b xxxe  
181    $6 02 $c txt $2 rdacontent
182  0 $6 01 $a n
182    $6 02 $c n $2 rdamedia
200 1  $a Dictionnaire des mots de la cuisine $b Texte imprimé $f Guy Martin $g avec la collaboration de Benoît Singla
210    $a [Paris] $c Seuil $d DL 2006 $e 85-Luçon $g Impr. Pollina
215    $a 1 vol. (126 p.) $c couv. ill. $d 20 cm
330    $a Sous la forme d'un abécédaire, réunit les termes culinaires les plus abscons.
339    $a m
606    $3 12142415 $9 65234 $a Cuisine $x Technique $2 rameau
608    $3 11931877 $9 2172 $a Dictionnaires $2 rameau
676    $a 641.503 $v 23
686    $a 640 $2 Cadre de classement de la Bibliographie nationale française
700    $3 12546890 $9 87081 $o ISNI0000000072486813 $a Martin $b Guy $f 1957-.... $4 070
702    $3 15078744 $9 87082 $o ISNI0000000046996975 $a Singla $b Benoît $4 205
801  0 $a FR $b FR-751131015 $c 20050929 $g AFNOR $h FRBNF400432410000006 $2 intermrc
999    $a FRBNF400432410000006
995    $0 3 $2 1 $4 0 $5 2006-03-08 $9 195428 $P 18.90 $b MED $c MED $e MED1A $f C0004252390 $h AAPPLCB $k Doc./640 ABC $n 2020-06-30 $o 4 $p 18.90 $r PRETLIV $s DOC___640_000000000000000_ABC $w 8 $y 2020-02-20 $7 Lisires (Offices Adultes)

