02032na  a2200397 i 4500
001 172501
003 http://www.mediathequederoubaix.fr/ark:/20179/KH172501
005 20240517061251.0
010    $a 2-7427-5934-4 $b Br. $d 15.00 EUR
011    $a 1621-5338
035    $a HZ_2005380589
090    $a 172501
091    $a 2 $b 20240517 $c 0 $s http://www.sudoc.fr/09665094X $m 3
099    $t LI $c 2014-06-30 $d 2024-05-17 $x 7
100    $a 20060207d2006    k  |0frey5003||||ba
101    $a fre
102    $a FR $a FR
105    $a aaa     0||y|
200    $a Pensée de midi (La). $h 17 $i Du désir, du plaisir et de l'amour... en Méditerranée $f coord. Thierry Fabre, Mohamed Kacimi
207  1 $a 17
210    $a Arles (Bouches-du-Rhône) $c Actes Sud $d 2006 $a Marseille $c la Pensée de midi $d 2006
211    $a 20060111
215    $a 156 p. $c ill. $d 24 x 13 cm
308    $a Abonn. : 38 euros (3 numéros)
330    $a Une invitation à la découverte des usages de l'amour dans le monde méditerranéen contemporain. Deux regards prédominent : l'orientalisme, qui joue sur la fascination pour une certaine sensualité, et l'horreur, le rejet, le voile, la réclusion des femmes, le code de l'honneur. Grâce à des auteurs vivant dans ces sociétés, fait découvrir d'autres regards et permet de comprendre les codes de l'amour.
333    $a Public motivé
339    $a m
345    $b 9782742759347
606    $a Amour $x Sociologie $y Méditerranée (région) $2 rameau
676    $a 306.7 $v 99
702    $7 ba0yba0a $8 freara $a Qāsimī $b Muḥammad $f 1955-.... $3 12100155 $4 300 $9 2669
702  1 $7 ba0yba0y $8 fre    $a Fabre $b Thierry $f 1960-.... $3 9401070133 $4 300
801  3 $a FR $b Electre $c 20060207 $g AFNOR
830    $a ELECTREADU/MaisonLivre/Commande/Mars06/AD 20060309
856 4  $u http://www.electre.com/GetBlob.asp?Ean=9782742759347,0-2005380589&Size=Original
995    $0 0 $2 0 $4 0 $5 2006-03-09 $9 195636 $P 15.00 $b MED $c MED $e MED3A $f C0004412704 $h ACFSSZZ $k Doc./306.7 DES $o 0 $p 15.00 $r PRETLIV $s DOC___306_700000000000000_DES $w 10 $y 2023-10-19 $7 Maison du Livre

