01889nj  a2200325 n 4500
001 172692
003 http://www.mediathequederoubaix.fr/ark:/20179/KH172692
005 20240517061336.0
035    $a HZ_RbxHzBib270546
090    $a 172692
091    $a 1 $b 20240517 $c 0
099    $t DC $c 2014-06-30 $d 2024-05-17 $x 3
100    $a                       frey5003    ba
101    $a    
200    $a La chanson de Roubaix $b Enr. sonore $f Marion Kurylo, comp. $g Les élèves des écoles publiques de Roubaix Ouest, chant
210    $a Roubaix $b Nord $c Ecole nationale de musique, d'art dramatique et de danse $c Ville de Roubaix $d [s.d.]
215    $a 1 d.c. $e 1 livret (n.p. ; 12 cm)
327    $a [Sans titre] / Ecole Lakanal, CE1-CE2 $a Roubaix / Ecole Lakanal, CE2-CM1 $a [Sans titre] / Ecole Victor Hugo, CM1 $a [Sans titre] / Ecole Victor Hugo, CE2 $a Ballade Roubaisienne / Ecole Condorcet, CM2 $a La chanson de Roubaix $a La beauté cachée de Roubaix / Ecole Condorcet, CE2-CM1 $a Roubaix / Ecole Condorcet, CM1 $a Roubaix / Ecole Legouve, CM1 $a Roubaix / Ecole Littré, CM1 $a Ma ville préférée / Ecole Littré, CM2 $a La chanson de Roubaix (version instrumentale)
606 0  $a Chansons enfantines $y France $y Roubaix (Nord) $x Disques $2 rameau
679    $a 712
700  1 $a Kurylo $b Marion
712 02 $a Ecole Lakanal $c Roubaix, Nord
712 02 $a Ecole Victor Hugo $c Roubaix, Nord $c roubaisien $x Périodiques $2 rameau
712 02 $a École Condorcet $c Roubaix, Nord $c roubaisien $x Bandes vidéos $2 rameau
712 02 $a Ecole Ernest Legouvé $c Roubaix, Nord $c roubaisien
712 02 $a Ecole Littré $c Roubaix, Nord
712  1 $a Les élèves des écoles publiques de Roubaix Ouest
801    $a FR $b 595126101 $c 20110309 $g AFNOR
339    $a a
995    $0 0 $2 0 $4 0 $5 2006-03-16 $9 195831 $P 10.00 $b MED $c MED $e MED3C $f C0005471591 $h PENRSZZ $k FLRSONDC/2383 $o 2 $p 10.00 $r PRETSON $s FLRSONDC_2383_000000000000000 $w 0 $y 2014-06-30 $7 Divers Discothque

