00892nj  a2200241 n 4500
001 172873
003 http://www.mediathequederoubaix.fr/ark:/20179/KH172873
005 20240517061855.0
035    $a HZ_
071 01 $a 310 114 $b Trema
090    $a 172873
091    $a 1 $b 20240517 $c 0
099    $t DV $c 2014-06-30 $d 2024-05-17 $x 0
100    $a 20140630              frey50        
101    $a fre
200    $a Les lacs du Connemara $b Enr. sonore $f Michel Sardou
215    $a 1 disque
327    $a Les lacs du Connemara $a Les mamans qui s'en vont
339    $a m
700  1 $7 ba0yba0y $8 fre    $a Sardou $b Michel $f 1947-....
801    $a FR $b 595126101 $c 20060322 $g AFNOR
930    $5 595126101:F DESD 30/1940 $b 595126101 $a F DESD 30/1940 $e Fonds Patrice Desdoit
995    $0 0 $2 0 $4 0 $5 2006-03-22 $9 196046 $b MED $c MED $e MED2D $f F DESD 30/1940 $h PENPDZZ $k F DESD 30/1940 $o 0 $r PRETSON $s F_DESD_30_194000000000000 $w 0 $y 2014-06-30

