02129cam a2200421   4500
001 173049
003 http://www.mediathequederoubaix.fr/ark:/20179/KH173049
010    $a 2-205-05344-2 $b rel. $d 7,95 EUR
020    $a FR $b 00320433
033    $a http://catalogue.bnf.fr/ark:/12148/cb390180400
035    $a FRBNF390180400000005
073  0 $a 9782205053449 $2 ALS
090    $a 173049
091    $b 20240517 $c 1 $a 2
099    $t LI $c 2014-06-30 $d 2024-05-17 $x 4
100    $a 20030620d2003    a  y0frey50      ba
101 0  $a fre
102    $a FR
105    $a ||||t   00|a|
106    $a r
181  0 $6 01 $a i  $b xxxe   $a b  $b xb2e  
181    $6 02 $c txt $c sti $2 rdacontent
182  0 $6 01 $a n
182    $6 02 $c n $2 rdamedia
200 1  $a La croisière des compères $b Texte imprimé $f texte, dessins et couleurs, Bérik
210    $a Paris $a Barcelone $a Bruxelles [etc.] $c Dargaud $d 2003 $e 45-Malesherbes $g Impr. Partenaires livres
215    $a 48 p. $c ill. en coul., couv. ill. en coul. $d 30 cm
225 19 $a Sylvain et Sylvette $v 46
330    $a Le professeur Tartalo vient d'inventer un moteur à l'eau qui permet de faire fonctionner une péniche. Sylvain et Sylvette ainsi que leurs amis animaux veulent tester cette invention et décident alors de partir en croisière. Mais au cours de la balade, les compères vont venir semer le trouble. Cet album est l'occasion de donner une leçon d'écologie aux enfants.
339    $a a
608    $a Documentaires : arts $2 CNLJ $k Avis critique donné par le Centre national de la littérature pour la jeunesse
608    $a Bandes dessinées $2 CNLJ $k Avis critique donné par le Centre national de la littérature pour la jeunesse
676    $a 741.508 3 $v 23
686    $a 809 $2 Cadre de classement de la Bibliographie nationale française
700    $3 13757072 $9 77451 $a Bérik $f 1967-.... $4 070
801  0 $a FR $b FR-751131015 $c 20030620 $g AFNOR $h FRBNF390180400000005 $2 intermrc
999    $a FRBNF390180400000005
995    $0 0 $2 0 $4 0 $5 2006-05-27 $9 196243 $P 8.30 $b MED $c MED $e MED0A $f C0004279855 $h JBDZZZZ $k EXT E BD/BER $o 0 $p 8.30 $r PRETLIV $s EXT_E_BDBER $w 11 $y 2019-06-14 $7 Bd Fugue Caf (cdes Collectivits)

