01669ng  a2200337 n 4500
001 173253
003 http://www.mediathequederoubaix.fr/ark:/20179/KH173253
005 20240517061957.0
035    $a HZ_RbxHzBib271334
090    $a 173253
091    $a 1 $b 20240517 $c 0
099    $t VD $c 2014-06-30 $d 2024-05-17 $x 18
100    $a          1939         frey5003    ba
101    $a eng $a ita $a     $a     $a    
200    $a Les fantastiques années 20 $b DVD $f Raoul Walsh, réal. $g D'aprés une histoire originale de Mark Hellinger $g Jerry Wald, Richard Macaulay, scénario
210    $a Etats-Unis $c Turner entertainment $d 1939
215    $a 1 DVD (1h 42min) $c n.b., sonore
323    $a Interprètes : James Cagney, Priscilla Lane, Humphrey Bogart...[et al.]
327    $a Aussi : commentaire de l'historien du cinéma Lincoln Hurst $a Une soirée au cinéma avec la Warner $a Les fantastiques années 20 : le monde change
339    $a m
345    $a VHS $b 07611
606 0  $a Cinéma $y États-Unis $z 1929-1945 $2 rameau
700    $7 ba0yba0y $8 fre    $a Walsh $b Raoul $f 1887-1980 $3 11928840 $4 300 $9 3829
702  1 $4 690 $a Wald $b Jerry
702  1 $a Bogart $b Humphrey
702  1 $7 ba0yba0y $8 fre    $3 14138506 $9 31427 $4 070 $7 ba0yba0y $8 fre    $a Hellinger $b Mark $f 1903-1947
702  1 $7 ba0yba0y $8 fre    $3 14117569 $9 302335 $4 690 $a Macaulay $b Richard $f 1909-1969
702  1 $7 ba0yba0y $8 fre    $3 13944071 $9 302336 $a Lane $b Priscilla $f 1915-1995
702    $7 ba0yba0y $8 fre    $a Cagney $b James $f 1899-1986 $3 13892064 $9 87469
801    $a FR $b 595126101 $c 20070831 $g AFNOR
995    $0 0 $2 0 $4 0 $5 2006-04-25 $9 196469 $P 20.00 $b MED $c MED $e MED1A $f C0004232772 $h AAPCIFI $k DVD/F WAL $o 0 $p 20.00 $r PRETDVD $s DVDF_WAL $w 43 $y 2023-01-10 $7 VHS

