01098na  a2200253   4500
001 173401
003 http://www.mediathequederoubaix.fr/ark:/20179/KH173401
005 20240517062615.0
035 00 $a HZ_RbxHzBib271523
090    $a 173401
091    $a 2 $b 20240517 $c 0
099    $t LI $c 2014-06-30 $d 2024-05-17 $x 0
100    $a 19       2005    k  y0frey5003    ba
101    $a fre
200    $a Sélection de la Médiathèque Départementale $e 2005 $f Médiathèque départementale du Nord $g [coord. Catherine Dhilly et Eric Desieter]
210    $a Hellemmes-Lille (Nord) $c Médiathèque départementale du Nord $d [2005]
215    $a 133 p. $c ill. en coul., couv. ill. en coul. $d 30 cm
339    $a m
606    $3 13318590 $9 1657 $a Bibliographie critique
702 0  $4 651 $a Dhilly $b Catherine
702  1 $4 651 $a Desieter $b Eric
710    $a Médiathèque départementale $c Nord $3 120439696 $9 139248
801    $a FR $b 595126101 $c 20070831 $g AFNOR
995    $0 0 $2 0 $4 0 $5 2006-04-07 $9 196625 $P 24.00 $b MED $c MED $e MED3D $f C0004145153 $h ACFBPZZ $k BIB PROF/0.35 MED $o 0 $p 24.00 $r PRETLIV $s BIB_PROF0_35_000000000000000_M $w 0 $y 2008-08-23 $7 Don

