01618nam a2200361 n 4500
001 173558
003 http://www.mediathequederoubaix.fr/ark:/20179/KH173558
005 20231104212009.0
010    $a 2-9526668-0-6 $d 25 <U+20AC>
033    $a http://catalogue.bnf.fr/ark:/12148/cb401623157
035    $a HZ_RbxHzBib271715
090    $a 173558
091    $a 0
099    $t LI $c 2014-06-30 $d 2023-11-04 $x 10
100    $a          2006         frey5003    ba
101    $a fre
102    $a FR
200    $a Le secret des Mulliez $e révélations sur le premier empire familial français $f Bertrand Gobin avec Guillaume d'Herblin
210    $a Rennes $c Editions La Borne Seize $d 2006
215    $a 304 p. $d 21 cm
300    $a Comprend un dépliant qui recense les activités du groupe Mulliez
305    $a Ouvrage uniquement vendu par souscription sur internet
339    $a m
600  1 $a Mulliez $b Gérard $f 19..-... $x Entretiens $2 rameau
602    $7 ba0yba0y $8 fre    $a Mulliez $c famille $9 81027
606 0  $a Grande distribution $y France $y Nord (France) $z 20e siècle $2 rameau
676    $a 381.14
701  1 $9 289991 $a Herblin $b Guillaume d' $f 1949-....
700    $7 ba0yba0y $8 fre    $a Gobin $b Bertrand $f 1964-.... $9 66637
801    $a FR $b 595126101 $c 20070831 $g AFNOR
930    $b 595126101 $a  $e Fonds patrimonial
995    $0 0 $2 0 $4 0 $5 2006-10-24 $9 196780 $b MED $c MED $e MED3I $f C0004345389 $h PPEFGZZ $k MAG L/P 8/115 703 $o 2 $r PRETLIV $s MAG_LP_8115_703000000000000 $w 0 $y 2014-06-30 $7 Don
995    $0 0 $2 0 $4 0 $5 2018-12-01 $9 385643 $b MED $c MED $e MED0C $f C3200014070 $h PRRRGZZ $k FR/7330 GOB $o 0 $p 25.00 $r PRETLIV $s FR_7330_000000000000000_GOB $w 10 $y 2023-11-26

