00874nj  a2200241 n 4500
001 173680
003 http://www.mediathequederoubaix.fr/ark:/20179/KH173680
005 20240517062715.0
035    $a HZ_
071 01 $a F 001 $b Les déportés
090    $a 173680
091    $a 1 $b 20240517 $c 0
099    $t DV $c 2014-06-30 $d 2024-05-17 $x 0
100    $a 20140630              frey50        
101    $a fre
200    $a Ils étaient 9 dans l'obscurité $b Enr. sonore $f Trop Tard
215    $a 1 disque
327    $a Les rêves de peur $a Les choses qu'on n'oublie pas
339    $a m
710  1 $a Trop Tard
801    $a FR $b 595126101 $c 20060413 $g AFNOR
930    $5 595126101:F DESD 30/2120 $b 595126101 $a F DESD 30/2120 $e Fonds Patrice Desdoit
995    $0 0 $2 0 $4 0 $5 2006-04-13 $9 196950 $b MED $c MED $e MED2D $f F DESD 30/2120 $h PENPDZZ $k F DESD 30/2120 $o 0 $r PRETSON $s F_DESD_30_212000000000000 $w 0 $y 2014-06-30

