03049cam a2200457   4500
001 173848
003 http://www.mediathequederoubaix.fr/ark:/20179/KH173848
010    $a 2-7470-1913-6 $b br. $d 10,90 EUR
020    $a FR $b 00616665
033    $a http://catalogue.bnf.fr/ark:/12148/cb40128488b
035    $a FRBNF401284880000001
073  0 $a 9782747019132
090    $a 173848
091    $b 20240517 $c 1 $a 2
099    $t LI $c 2014-06-30 $d 2024-05-17 $x 0
100    $a 20060316d2006    a  y0frey50      ba
101 0  $a fre
102    $a FR
105    $a ||||z   00|a|
106    $a r
181  0 $6 01 $a i  $b xxxe  
181    $6 02 $c txt $2 rdacontent
182  0 $6 01 $a n
182    $6 02 $c n $2 rdamedia
200 1  $a Loulette $b Texte imprimé $f Claire Clément
210    $a Paris $c Bayard jeunesse $d DL 2006 $e 72-La Flèche $g Impr. Brodard & Taupin
215    $a 1 vol. (146 p.) $c couv. ill. en coul. $d 19 cm
225    $a Estampille
321    $a La Revue des livres pour enfants $x 0398-8384
329    $c Intéressant $a Loulette est profondément affectée par le désespoir que manifeste son grand-père à la suite de la mort de sa femme : il ne fait plus rien, ne parle plus, ne semble reconnaître personne et ne plus rien comprendre. Sa fille, la mère de la fillette, se résigne à chercher une maison de retraite, mais Loulette, persuadée qu'il peut retrouver ses esprits et la santé, prend une singulière initiative : elle le " kidnappe " et lui installe en secret un abri, dans un vieux wagon désaffecté, en compagnie d'un clochard... Malgré l'invraisemblance de la situation, le roman retient l'intérêt grâce à l'émotion que suscitent des personnages finement présentés, dans un récit mené avec dynamisme et tendresse. $d 20060411 $f FB $2 CNLJ $k Avis critique donné par le Centre national de la littérature pour la jeunesse
330    $a Lou passe de longs moments avec son frère Théo chez ses grands-parents, à qui un lien très fort l'unit. Lorsque sa grand-mère décède, son grand-père s'enferme dans un profond mutisme. La mère de Lou décide de l'envoyer en maison de retraite. Lou ne peut s'y résoudre et décide de kidnapper son grand-père. Elle l'installe dans un wagon désaffecté squatté par deux clochards.
333    $a À partir de 9 ans $2 CNLJ $k Avis critique donné par le Centre national de la littérature pour la jeunesse
339    $a a
410  0 $0 39038039 $t Estampille (Paris) $x 1761-8894 $d 2006
608    $a Romans $2 CNLJ $k Avis critique donné par le Centre national de la littérature pour la jeunesse
676    $a 811.5 $v 23
686    $a 809 $2 Cadre de classement de la Bibliographie nationale française
700    $3 12293898 $9 12356 $o ISNI0000000001729937 $a Clément $b Claire $f 1955-.... $4 070
801  0 $a FR $b FR-751131015 $c 20060316 $g AFNOR $h FRBNF401284880000001 $2 intermrc
999    $a FRBNF401284880000001
995    $0 0 $2 0 $4 0 $5 2006-04-22 $9 197221 $P 9.90 $b MED $c MED $e MED0A $f C0004416805 $h JROROZZ $k EXT E R/CLE $o 0 $p 9.90 $r PRETLIV $s EXT_E_RCLE $w 10 $y 2017-03-15 $7 Bateau Livre (office fic. collectivits)

