01512nj  a2200301 n 4500
001 174032
003 http://www.mediathequederoubaix.fr/ark:/20179/KH174032
005 20240517063429.0
035    $a HZ_RbxHzBib272328
071 01 $a PUT 237-2 $b Putumayo World Music
090    $a 174032
091    $a 1 $b 20240517 $c 0
099    $t DC $c 2014-06-30 $d 2024-05-17 $x 3
100    $a          2005         frey5003    ba
101    $a    
200    $a North african groove $b Enr.sonore $f Jomed, Samira Saeid, Amr Diab, Faudel...[et al.]
210    $d P 2005
215    $a 1 d.c. $e 1 brochure collée (35 p. ; 12 cm)
327    $a Montuno noreno / Jomed $a Aal eah / Samira Saeid $a Nour el ain / Amr Diab $a Si tu le veux / Faudel $a Un mot de toi / Rhany $a Dis-moi pourquoi / Amina $a Bahebakk / Cheb Jilani $a Sidi / Hamid Baroudi $a Ya-rayi / Khaled $a Viens habibi / Cheb Mami $a Hanina / Mohamed Mounir $a On the ride / Eastenders avec Shady Sheha
339    $a m
606 0  $a Musique $y Afrique du Nord $x Anthologies $2 rameau
679    $a 021.2
702  1 $a Faudel $f 1978-....
702  1 $7 ba0yba0y $8 fre    $3 15091647 $9 87809 $7 ba0yba0y $8 fre    $a Saeid $b Samira
702    $7 ba0yba0e $8 fre    $a Diab $b Amr $f 1961-.... $3 13973364 $9 28527
712 02 $7 ba0yba0y $8 fre    $3 15091644 $9 87808 $7 ba0yba0y $8 fre    $a Jomed
801    $a FR $b 595126101 $c 20090807 $g AFNOR
995    $0 0 $2 0 $4 0 $5 2006-04-22 $9 197447 $P 13.85 $b MED $c MED $e MED3C $f C0004231718 $h AMV90ZZ $k DC/021.2 A $l contient 1 d.c. + 1 brochure colle $o 0 $p 13.85 $r PRETSON $s DC_021_200000000000000_A $w 38 $y 2019-03-05 $7 CVS

