00912naa2a2200241   4500
001 174210
003 http://www.mediathequederoubaix.fr/ark:/20179/KH174210
005 20240517063512.0
035 00 $a HZ_RbxHzBib272588
090    $a 174210
091    $a 2 $b 20240517 $c 0
099    $t AP $c 2014-06-30 $d 2024-05-17 $x 0
100    $a 19               k  y0frey5003    ba
101    $a fre
200    $a Tourisme et patrimoine $f Valéry Patin
215    $a 176 p.
300    $a In : Etudes de la documentation française = ISSN 0751-0144.- (2005-02)n&lt;U+00B0&gt;5211
339    $a m
493    $1 Les Etudes de la documentation française / dir. Pierre-Alain Greciano . $1 Documentation française , 2004- .
606 0  $7 ba0yba0y $8 fre    $a Patrimoine culturel
606    $7 ba0yba0y $8 fre    $a Tourisme culturel $3 11950958 $9 53496
700    $7 ba0yba0y $8 fre    $a Patin $b Valéry $3 13075414 $9 289495
801    $a FR $b 595126101 $c 20070831 $g AFNOR

