02869cam a2200505   4500
001 174354
003 http://www.mediathequederoubaix.fr/ark:/20179/KH174354
010    $a 2-295-00045-9 $b rel. $d 9,90 EUR
020    $a FR $b 00632120
033    $a http://catalogue.bnf.fr/ark:/12148/cb401617033
035    $a FRBNF401617030000003
073  0 $a 9782295000453
090    $a 174354
091    $b 20240517 $c 1 $a 2
099    $t LI $c 2014-06-30 $d 2024-05-17 $x 9
100    $a 20060518d2006    a  y0frey50      ba
101 0  $a fre
102    $a FR
105    $a ||||z   00|y|
106    $a r
181  0 $6 01 $a i  $b xxxe  
181    $6 02 $c txt $2 rdacontent
182  0 $6 01 $a n
182    $6 02 $c n $2 rdamedia
200 1  $a Tricot, pompons et Cie $b Texte imprimé $f Charlotte Vannier $g assistée par Cyrielle Weimann
210    $a [Paris] $c Dessain et Tolra $d impr. 2006 $e 18-Saint-Amand-Montrond $g Impr. Clerc
215    $a 1 vol. (62 p.) $c nombreuses ill. en coul., couv. ill. en coul. $d 22 cm
225    $a J'sais pas quoi faire
300    $a La couv. porte en plus : "à partir de 9 ans"
321    $a La Revue des livres pour enfants. Sélection annuelle
329    $a " J' sais pas quoi faire " est une expression antinomique pour cette collection qui revisite les travaux manuels. Pliage, tricot, broderie, scoubidous : le principe est le même pour chacun des ouvrages. Après une présentation des techniques, viennent des modèles originaux qui renouvellent les genres présentés. Accessibles seuls ou avec l'aide des parents, les créations enchanteront les enfants et leur donneront des idées pour d'autres réalisations. $f CT
330    $a Des modèles de tricot à faire réaliser par les enfants : écharpes, bonnet, bandeau, sacs, etc. Avec également des idées de décoration avec le tricotin et les pompons.
339    $a a
410  0 $0 40167398 $t J'sais pas quoi faire $x 1951-5804 $d 2006
606    $3 11933628 $9 76035 $7 ba0yba0y $8 fre    $a Tricot $3 12042408 $9 314947 $x Ouvrages pour la jeunesse $2 rameau $9 76035
606    $3 11933628 $9 76035 $a Tricot $2 rameau
608    $3 12042408 $9 314947 $a Ouvrages pour la jeunesse $2 rameau
608    $a Documentaires : activités, loisirs et divers $2 CNLJ $k Avis critique donné par le Centre national de la littérature pour la jeunesse
676    $a 746.432 041 $v 23
686    $a 740 $2 Cadre de classement de la Bibliographie nationale française
700    $3 13550272 $9 40058 $o ISNI0000000073296376 $a Vannier $b Charlotte $4 070
702    $3 15078715 $9 87966 $o ISNI000000000297685X $a Weimann $b Cyrielle $4 205
801  0 $a FR $b FR-751131015 $c 20060518 $g AFNOR $h FRBNF401617030000003 $2 intermrc
999    $a FRBNF401617030000003
995    $0 0 $2 0 $4 0 $5 2006-05-18 $9 197823 $P 9.90 $b MED $c MED $e MED0A $f C0004283618 $h JDT70ZZ $k EXT E/701 TRI $o 0 $p 9.90 $r PRETLIV $s EXT_E_701_000000000000000_TRI $w 11 $y 2023-06-23 $7 Bateau Livre (office fic. collectivits)

