00832nj  a2200241 n 4500
001 174496
003 http://www.mediathequederoubaix.fr/ark:/20179/KH174496
005 20240517064202.0
035    $a HZ_
071 01 $a RPM 30101 $b RPM
090    $a 174496
091    $a 1 $b 20240517 $c 0
099    $t DV $c 2014-06-30 $d 2024-05-17 $x 0
100    $a 20140630              frey50        
101    $a fre
200    $a Sarah $b Enr. sonore $f François Guierre
215    $a 1 disque
327    $a Sarah $a Chanteur de blues
339    $a m
700  1 $a Guierre $b François
801    $a FR $b 595126101 $c 20060511 $g AFNOR
930    $5 595126101:F DESD 30/2262 $b 595126101 $a F DESD 30/2262 $e Fonds Patrice Desdoit
995    $0 0 $2 0 $4 0 $5 2006-05-11 $9 197978 $b MED $c MED $e MED2D $f F DESD 30/2262 $h PENPDZZ $k F DESD 30/2262 $o 0 $r PRETSON $s F_DESD_30_226200000000000 $w 0 $y 2014-06-30

