01045nj  a2200265 n 4500
001 174626
003 http://www.mediathequederoubaix.fr/ark:/20179/KH174626
005 20240517064228.0
035    $a HZ_RbxHzBib273103
071 01 $a 0946 3 55718 2 2 $b Emi
090    $a 174626
091    $a 1 $b 20240517 $c 0
099    $t DC $c 2014-06-30 $d 2024-05-17 $x 10
100    $a          2006         frey5003    ba
101    $a    
200    $a It's never been like that $b Enr. sonore $f Phoenix
210    $d P 2006
215    $a 1 d.c. $e 1 brochure (n.p. ; 12 cm)
327    $a Napoléon says $a Consolation prizes $a Rally $a Long distance call $a One time too many $a Lost and found $a Courtesy laughs $a North $a Sometimes in the fall $a Second to none
339    $a m
606 0  $a Rock (musique) $y France $x Disques $2 rameau
679    $a 2
710  1 $a Phœnix
801    $a FR $b 595126101 $c 20070831 $g AFNOR
995    $0 0 $2 0 $4 0 $5 2006-05-30 $9 198121 $P 17.25 $b MED $c MED $e MED3C $f C0004266674 $h AMV20ZZ $k DC/2 PHO $o 0 $p 17.25 $r PRETSON $s DC_2_000000000000000_PHO $w 63 $y 2020-01-30 $7 Le temple du disque

