02355cam a2200493   4500
001 174941
003 http://www.mediathequederoubaix.fr/ark:/20179/KH174941
010    $a 2-912080-68-1
010    $a 978-2-912080-68-4 $b br. $d 12,20 EUR
020    $a FR $b 00618650
033    $a http://catalogue.bnf.fr/ark:/12148/cb40131410x
035    $a FRBNF401314100000000
073  0 $a 9782912080684
090    $a 174941
091    $b 20240517 $c 1 $a 2
099    $t LI $c 2014-06-30 $d 2024-05-17 $x 3
100    $a 20060322d2006    a  y0frey50      ba
101 0  $a fre
102    $a FR
105    $a ||||z   00|a|
106    $a r
181  0 $6 01 $a i  $b xxxe  
181    $6 02 $c txt $2 rdacontent
182  0 $6 01 $a n
182    $6 02 $c n $2 rdamedia
200 1  $a Contes des six trésors $b Texte imprimé $f Emmanuelle et Benoît de Saint Chamas $g illustrations de Éric Puybaret
210    $a [Clichy] $c Éd. du Jasmin $d DL 2006 $e 53-Bonchamp-lès-Laval $g Impr. Barnéoud
215    $a 1 vol. (124 p.) $c ill., couv. ill. en coul. $d 19 cm
225    $a [Contes d'Orient et d'Occident] $v 10
321    $a La Revue des livres pour enfants $x 0398-8384
329    $c Pourquoi pas ? $d 20061004 $f AE $2 CNLJ $k Avis critique donné par le Centre national de la littérature pour la jeunesse
330    $a Recueil de 6 contes sur les thèmes des trésors, de la générosité et des valeurs.
339    $a a
410  0 $0 36943257 $t Contes d'Orient et d'Occident $x 1291-8873 $v 10
608    $a Romans $2 CNLJ $k Avis critique donné par le Centre national de la littérature pour la jeunesse
608    $a Contes, légendes et folklore $2 CNLJ $k Avis critique donné par le Centre national de la littérature pour la jeunesse
676    $a 811.3 $v 23
686    $a 809 $2 Cadre de classement de la Bibliographie nationale française
700    $3 13542057 $9 40097 $o ISNI0000000001281036 $a Saint Chamas $b Emmanuelle de $f 1973-.... $4 070
701    $3 13551538 $9 54124 $o ISNI0000000003114290 $a Saint Chamas $b Benoît de $f 1970-.... $4 070
702    $3 13503721 $9 61524 $o ISNI0000000066543033 $a Puybaret $b Éric $f 1976-.... $4 440
801  0 $a FR $b FR-751131015 $c 20060322 $g AFNOR $h FRBNF401314100000000 $2 intermrc
999    $a FRBNF401314100000000
995    $0 0 $2 0 $4 0 $5 2006-05-16 $9 198568 $P 12.20 $b MED $c MED $e MED0A $f C0004287353 $h JABCTEF $k EXT E C/SAI $o 0 $p 12.20 $r PRETLIV $s EXT_E_CSAI $w 10 $y 2019-06-06 $7 Joker Art Diffusion

