00901nj  a2200241 n 4500
001 175107
003 http://www.mediathequederoubaix.fr/ark:/20179/KH175107
005 20240517064949.0
035    $a HZ_
071 01 $a MUS. 3008 $b Musica
090    $a 175107
091    $a 1 $b 20240517 $c 0
099    $t DV $c 2014-06-30 $d 2024-05-17 $x 0
100    $a 20140630              frey50        
101    $a fre
200    $a Café l'estaminet $b Enr. sonore $f Bernard Lubat solo
215    $a 1 disque
327    $a En avant la musette $a La valse mauve
339    $a m
700    $7 ba0yba0y $8 fre    $a Lubat $b Bernard $f 1945-.... $3 13748016 $9 13090
801    $a FR $b 595126101 $c 20060517 $g AFNOR
930    $5 595126101:F DESD 30/2444 $b 595126101 $a F DESD 30/2444 $e Fonds Patrice Desdoit
995    $0 0 $2 0 $4 0 $5 2006-05-17 $9 198749 $b MED $c MED $e MED2D $f F DESD 30/2444 $h PENPDZZ $k F DESD 30/2444 $o 0 $r PRETSON $s F_DESD_30_244400000000000 $w 0 $y 2014-06-30

