00856nj  a2200241 n 4500
001 175272
003 http://www.mediathequederoubaix.fr/ark:/20179/KH175272
005 20240517065529.0
035    $a HZ_
071 01 $a 80320 $b MFS
090    $a 175272
091    $a 1 $b 20240517 $c 0
099    $t DV $c 2014-06-30 $d 2024-05-17 $x 0
100    $a 20140630              frey50        
101    $a fre
200    $a Trans amor express $b Enr. sonore $f Takenoko
215    $a 1 disque
327    $a Trans amor express dance mix $a Trans amor express radio mix
339    $a m
710  1 $a Takenoko
801    $a FR $b 595126101 $c 20060519 $g AFNOR
930    $5 595126101:F DESD 30/2510 $b 595126101 $a F DESD 30/2510 $e Fonds Patrice Desdoit
995    $0 0 $2 0 $4 0 $5 2006-05-19 $9 198926 $b MED $c MED $e MED2D $f F DESD 30/2510 $h PENPDZZ $k F DESD 30/2510 $o 0 $r PRETSON $s F_DESD_30_251000000000000 $w 0 $y 2014-06-30

