02177nj  a2200277 n 4500
001 175528
003 http://www.mediathequederoubaix.fr/ark:/20179/KH175528
005 20240517065614.0
035    $a HZ_RbxHzBib274282
071 01 $a MP 903680 $b Disky
090    $a 175528
091    $a 1 $b 20240517 $c 0
099    $t DC $c 2014-06-30 $d 2024-05-17 $x 7
100    $a 20140630 2006         frey50        
101    $a fre
200    $a Come dancing $b Enr. sonore $f James Last
210    $d 2006
215    $a 3 d.c. $e 1 feuillet double (12 cm)
327    $a CD 1 : Ob-la-di-ob-la-da $a Secret love $a Bye bye blackbird $a Cécilia $a Killing me softly $a Singin in the rain $a Adios Muchachos ! $a Medley : Sweet Georgia Brown ; You are my lucky star ; Who's sorry now $a Sundown $a South of the border $a The dock of the bay $a Me and you and a dog named Boo $a You are my sunshine $a The night they drove old dixie daown $a Rosamunde $a CD 2 : Tico Tico $a Macarena $a Perfidia $a Stir it up $a El rancho grande $a Jamaica farewell $a Oye mi canto $a Adalita $a Quando sali di Cuba $a Skokiaan $a Medley : In a little spanish town Benita ; Wheels $a Brazil $a Copacabana $a Bamboleo $a La Bostella $a CD 3 : Medley : Cracklin' Rosie, Rose garden $a Amor amor amor $a Banks of the Ohio $a Song sung blue $a The A yellow Ribbon round the ole oak tree (live) $a The summer knows $a Close to you $a Medley : Soley soley ; Is this the way to Amarillo $a Medley : You are the sunshine of my life ; Never can say goodbye $a Havah Nagilah $a Medley : The pushbike song ; What have they done to my song Ma $a Joy to the world $a What now my love $a I don't know how to love him $a Medley : In the summertime ; Goodbye Sam, hello Samantha $a I hear you knocking $a Medley : Rock around the clock ; See you later alligator ; Hound dog
339    $a m
345    $a Cdmail
606 0  $7 ba0yba0y $8 fre    $3 12235298 $9 2571 $a Musique d'ambiance $x Disques $2 rameau
679    $a 571
700    $7 ba0yba0y $8 fre    $a Last $b James $f 1929-2015 $3 13896371 $9 309896
801    $a FR $b 595126101 $c 20070831 $g AFNOR
995    $0 0 $2 0 $4 0 $5 2006-06-29 $9 199190 $P 27.52 $b MED $c MED $e MED1A $f C0004267696 $h AMV50ZZ $k DC/571 LAS $l Contient 3 d.c. + 1 feuillet double $o 0 $p 27.52 $r PRETSON $s DC_571_000000000000000_LAS $w 48 $y 2022-12-27 $7 CDMail

