00963nj  a2200229 n 4500
001 175724
003 http://www.mediathequederoubaix.fr/ark:/20179/KH175724
005 20240517065653.0
035    $a HZ_
071 01 $a Le petit ménestrel $b ALB 12
090    $a 175724
091    $a 1 $b 20240517 $c 0
099    $t DV $c 2014-06-30 $d 2024-05-17 $x 0
100    $a                       frey5003    ba
101    $a    
200    $a La belle et le clochard $b Enr. sonore $f raconté par François Perrier $g Georges Delerue, comp.
339    $a m
700    $7 ba0yba0y $8 fre    $a Delerue $b Georges $f 1925-1992 $3 13893113 $9 2445
702  1 $7 ba0yba0y $8 fre    $a Périer $b François $f 1919-2002
801    $a FR $b 595126101 $c 20071117 $g AFNOR
930    $5 595126101:C0003976535 $b 595126101 $a FLRSON 17/4699 $e Fonds local et régional sonore
995    $0 0 $2 0 $4 0 $5 2006-06-08 $9 199425 $P 10.00 $b MED $c MED $e MED3C $f C0003976535 $h PENRSZZ $k FLRSON 17/4699 $o 2 $p 10.00 $r PRETSON $s FLRSON_174699_000000000000000 $w 0 $y 2014-06-30

