01611ng  a2200349 n 4500
001 175854
003 http://www.mediathequederoubaix.fr/ark:/20179/KH175854
005 20240517070305.0
035    $a HZ_RbxHzBib274813
090    $a 175854
091    $a 1 $b 20240517 $c 0
099    $t VD $c 2014-06-30 $d 2024-05-17 $x 11
100    $a 20140630 1957         frey50        
101    $a eng $a ita $a spa
200    $a Pique-nique en pyjama $b DVD $f George Abbott et Stanley Donen, réal. $g George Abbott et Richard Bissell, scén. $g Richard Adler et Jerry Ross, mus.
210    $a Etats-Unis $c Warner Bros. pictures $d 1957
215    $a 1 DVD (1 h 36 min) $c coul., sonore
305    $a Versions en anglais, italien et espagnol
323    $a Interprètes : Doris Day, John Raitt, Carol Haney... [et al.]
339    $a m
345    $a VHS $b 14641
606 0  $a Cinéma $y États-Unis $z 1945-1960 $2 rameau
700  1 $4 300 $4 690 $a Abbott $b George
701    $7 ba0yba0y $8 fre    $a Donen $b Stanley $f 1924-2019 $3 13939464 $4 300 $9 75995
702  1 $4 230 $a Adler $b Richard
702  1 $4 230 $a Ross $b Jerry
702  1 $7 ba0yba0y $8 fre    $3 14218652 $9 56471 $7 ba0yba0y $8 fre    $a Raitt $b John $f 1917-2005
702  1 $7 ba0yba0y $8 fre    $3 15107407 $9 88622 $4 690 $7 ba0yba0y $8 fre    $a Bissell $b Richard $f 1913-1977
702  1 $7 ba0yba0y $8 fre    $3 13827361 $9 88623 $7 ba0yba0y $8 fre    $a Haney $b Carol $f 1924-1964
702    $7 ba0yba0y $8 fre    $a Day $b Doris $f 1922-2019 $3 13893047 $9 5021
801    $a FR $b 595126101 $c 20070831 $g AFNOR
995    $0 0 $2 0 $4 0 $5 2006-08-12 $9 199555 $P 20.20 $b MED $c MED $e MED3E $f C0004277049 $h AAPCIFI $k DVD/F ABB $o 0 $p 20.20 $r PRETDVD $s DVD_F_ABB $w 34 $y 2021-05-07 $7 VHS

