00890nj  a2200241 n 4500
001 175977
003 http://www.mediathequederoubaix.fr/ark:/20179/KH175977
005 20240517070325.0
035    $a HZ_
071 01 $a 85475 $b CBS
090    $a 175977
091    $a 1 $b 20240517 $c 0
099    $t DV $c 2014-06-30 $d 2024-05-17 $x 0
100    $a 20140630              frey50        
101    $a fre
200    $a Vanini vanillée $b Enr. sonore $f Annie Cordy
215    $a 1 disque
327    $a Vanini Vanillée $a Papa banjo, maman violon
339    $a m
700    $7 ba0yba0y $8 fre    $a Cordy $b Annie $f 1928-2020 $3 13892743 $9 4226
801    $a FR $b 595126101 $c 20060616 $g AFNOR
930    $5 595126101:F DESD 30/2634 $b 595126101 $a F DESD 30/2634 $e Fonds Patrice Desdoit
995    $0 0 $2 0 $4 0 $5 2006-06-16 $9 199679 $b MED $c MED $e MED2D $f F DESD 30/2634 $h PENPDZZ $k F DESD 30/2634 $o 0 $r PRETSON $s F_DESD_30_263400000000000 $w 0 $y 2014-06-30

