01458ng  a2200337 n 4500
001 176201
003 http://www.mediathequederoubaix.fr/ark:/20179/KH176201
005 20240517070407.0
035    $a HZ_RbxHzBib275297
090    $a 176201
091    $a 1 $b 20240517 $c 0
099    $t VD $c 2014-06-30 $d 2024-05-17 $x 5
100    $a 20140630 1969         frey50        
101    $a eng
200    $a Mister Freedom $b DVD $f William Klein, réal., scénario $g Serge Gainsbourg, Michel Colombier, mus.
210    $a Etats-Unis $a France $c Films Paris New york $d 1969
215    $a 1 DVD (2h) $c coul., sonore
305    $a Version en anglais sous-titrée en français
323    $a Interprètes : Delphine Seyrig, John Abbey, Donald Pleasance...[et al.]
327    $a Complément : séquences commentées par William Klein
339    $a m
345    $a VHS $b 05991
606 0  $a Cinéma $y États-Unis $z 1960-1990 $2 rameau
700  1 $a Klein $b William $f 1928-.... $4 370 $4 690
702  1 $a Colombier $b Michel $f 1939-2004 $4 545
702  1 $a Abbey $b John
702    $7 ba0yba0y $8 fre    $a Pleasence $b Donald $f 1919-1995 $3 13898551 $9 290541
702    $7 ba0yba0y $8 fre    $a Seyrig $b Delphine $f 1932-1990 $3 13899690 $9 42549
702    $3 13894249 $7 ba0yba0y $8 fre    $a Gainsbourg $b Serge $f 1928-1991 $4 545 $9 694
801    $a FR $b 595126101 $c 20110215 $g AFNOR
995    $0 0 $2 0 $4 0 $5 2006-06-30 $9 199904 $P 41.70 $b MED $c MED $e MED3E $f C0004270885 $h AAPCIFI $k DVD/F KLE $o 0 $p 41.70 $r PRETDVD $s DVD_F_KLE $w 33 $y 2019-07-31 $7 VHS

