01725cim a22004333  4500
001 176356
003 http://www.mediathequederoubaix.fr/ark:/20179/KH176356
033    $a http://catalogue.bnf.fr/ark:/12148/cb39028216w
035    $a FRBNF390282160000004
071 01 $b Livraphone $a LIV 424C $c coffret
073  0 $a 9782878093049
090    $a 176356
091    $a 2 $b 20240517 $c 1
099    $t LS $c 2014-06-30 $d 2024-05-17 $x 9
100    $a 20030709d2003    u  y0frey50      ba
101 0  $a fre
102    $a FR
126    $a aguxhxx||||||cd $b bex
181  0 $6 01 $a h  $b xxxa  
181    $6 02 $c spw $2 rdacontent
182  0 $6 01 $a a
182    $6 02 $c s $2 rdamedia
200 1  $a Pars vite et reviens tard $b Enregistrement sonore $e roman $f Fred Vargas, aut. $g interprété par François Berland
210    $a Paris $c Livraphone $d cop. 2003
215    $a 8 disques compacts (9 h 16 min) $c DDD
306    $a Paris : prod. Livraphone
339    $a m
608    $a enregistrement parlé $2 frTAV
608    $a édition phonographique $2 frTAV
608    $a lecture $2 frTAV
608    $a Oeuvre d'origine : roman $2 frTAV
700    $3 12058359 $9 3852 $o ISNI0000000120300340 $a Vargas $b Fred $f 1957-.... $4 070
702    $3 13934791 $9 68382 $o ISNI000000036277125X $a Berland $b François $f 1958-.... $4 550 $4 vre
712 02 $3 13889050 $9 322624 $a Livraphone $4 650
712 02 $3 13889050 $9 322624 $a Livraphone $4 310
716    $3 13876179 $a Livraphone
801  0 $a FR $b FR-751131015 $c 20030709 $g AFNOR $h FRBNF390282160000004 $2 intermrc
999    $a FRBNF390282160000004
995    $0 0 $2 0 $4 0 $5 2006-06-27 $9 200054 $P 40.00 $b MED $c MED $e MED1A $f C0004303785 $h ALTLSZZ $k LA RP/VAR $l Contient 8 CD $o 0 $p 40.00 $r PRETLS $s LA_RP_VAR $w 39 $y 2022-04-01 $7 Mots et merveilles (Livres sonores)

