00959ni  a2200241 n 4500
001 176595
003 http://www.mediathequederoubaix.fr/ark:/20179/KH176595
005 20240517071059.0
010    $a 2-914428-57-X
035    $a HZ_
090    $a 176595
091    $a 2 $b 20240517 $c 0
099    $t LS $c 2014-06-30 $d 2024-05-17 $x 7
100    $a          2006         frey5003    ba
101    $a fre
200    $a Je vais bien ne t'en fais pas... $b Enr. sonore $f Olivier Adam $g lu par Fabienne Guyon
210    $a Paris $c CdL $d [2006]
215    $a 3 d.c.
339    $a m
700    $7 ba0yba0y $8 fre    $a Adam $b Olivier $f 1974-.... $3 13544855 $9 51670
702  1 $7 ba0yba0y $8 fre    $3 13894852 $9 64679 $4 550 $7 ba0yba0y $8 fre    $a Guyon $b Fabienne $f 1968-....
801    $a FR $b 595126101 $c 20100923 $g AFNOR
995    $0 0 $2 0 $4 0 $5 2006-08-02 $9 200296 $P 26.50 $b MED $c MED $e MED1A $f C0004304317 $h ALTLSZZ $k LA R/ADA $l Contient 3 CD $o 0 $p 26.50 $r PRETLS $s LA_R_ADA $w 35 $y 2023-10-26 $7 Mots et merveilles (Livres sonores)

