02092cam a2200445   4500
001 176807
003 http://www.mediathequederoubaix.fr/ark:/20179/KH176807
010    $a 2-7002-3235-6
010    $a 978-2-7002-3235-6 $b br. $d 5,90 EUR
020    $a FR $b 00639821
033    $a http://catalogue.bnf.fr/ark:/12148/cb40191381d
035    $a FRBNF401913810000009
073  0 $a 9782700232356
090    $a 176807
091    $b 20240517 $c 1 $a 2
099    $t LI $c 2014-06-30 $d 2024-05-17 $x 5
100    $a 20060703d2006    a  y0frey50      ba
101 0  $a fre
102    $a FR
105    $a ||||z   00|a|
106    $a r
181  0 $6 01 $a i  $b xxxe  
181    $6 02 $c txt $2 rdacontent
182  0 $6 01 $a n
182    $6 02 $c n $2 rdamedia
200 1  $a Le vrai prince Thibault $b Texte imprimé $f Évelyne Brisou-Pellen $g illustrations de Pierre Beaucousin
210    $a Paris $c Rageot $d impr. 2006 $e 27-Évreux $g Impr. Hérissey
215    $a 1 vol. (117 p.) $c ill., couv. ill. en coul. $d 18 cm
225    $a Rageot romans $e humour $v 116
330    $a Qui est Guillaume ? Qui est Thibault ? Personne ne reconnaît le fils du roi de celui du valet lorsque leur nourrice meurt et qu'on les retrouve nus dans un baquet... Un conte philosophique sur l'égalité entre les hommes, l'importance de l'éducation et la fraternité entre classes sociales.
339    $a a
410  0 $0 40167101 $t Rageot romans $x 1951-5758 $v 116
608    $a Romans $2 CNLJ $k Avis critique donné par le Centre national de la littérature pour la jeunesse
676    $a 811.5 $v 23
686    $a 809 $2 Cadre de classement de la Bibliographie nationale française
700    $3 11894068 $9 2486 $o ISNI0000000121483740 $a Brisou-Pellen $b Évelyne $f 1947-.... $4 070
702    $3 14464214 $9 83931 $o ISNI0000000055161849 $a Beaucousin $b Pierre $4 440
801  0 $a FR $b FR-751131015 $c 20060703 $g AFNOR $h FRBNF401913810000009 $2 intermrc
999    $a FRBNF401913810000009
995    $0 0 $2 0 $4 0 $5 2006-07-28 $9 200590 $P 5.90 $b MED $c MED $e MED0A $f C0004300850 $h JROROZZ $k EXT E R/BRI $o 0 $p 5.90 $r PRETLIV $s EXT_E_R_BRI $w 17 $y 2023-06-23 $7 Bateau Livre (office fic. collectivits)

