01458cam a2200385   4500
001 176975
003 http://www.mediathequederoubaix.fr/ark:/20179/KH176975
010    $a 2-84563-273-8 $b br. $d 19,90 EUR
020    $a FR $b 00625026
033    $a http://catalogue.bnf.fr/ark:/12148/cb40159634t
035    $a FRBNF401596340000007
073  0 $a 9782845632738
090    $a 176975
091    $b 20240517 $c 1 $a 2
099    $t LI $c 2014-06-30 $d 2024-05-17 $x 1
100    $a 20060516d2006    m  y0frey50      ba
101 0  $a fre
102    $a FR
105    $a ||||z   00|a|
106    $a r
181  0 $6 01 $a i  $b xxxe  
181    $6 02 $c txt $2 rdacontent
182  0 $6 01 $a n
182    $6 02 $c n $2 rdamedia
200 1  $a L'aimé d'Isis $b Texte imprimé $e roman $f Christian Jacq
210    $a Paris $c XO éd. $d impr. 2006 $e 18-Saint-Amand-Montrond $g Impr. Bussière
215    $a 1 vol. (366 p.) $c couv. ill. en coul. $d 24 cm
225 19 $a Mozart $v 4
300    $a Bibliogr. p. 371-373. Bibliogr. des oeuvres de C. Jacq p. 375-377
339    $a m
686    $a 803 $2 Cadre de classement de la Bibliographie nationale française
700    $3 11908409 $9 3771 $o ISNI0000000121214022 $a Jacq $b Christian $f 1947-.... $4 070
801  0 $a FR $b FR-751131015 $c 20060516 $g AFNOR $h FRBNF401596340000007 $2 intermrc
999    $a FRBNF401596340000007
995    $0 0 $2 0 $4 0 $5 2006-07-18 $9 200763 $P 19.90 $b MED $c MED $e MED1A $f C0004337734 $h ALTROHI $k RH/JAC $o 0 $p 19.90 $r PRETLIV $s RH_JAC $w 33 $y 2020-06-11 $7 Majuscule

