02223cam a2200481   4500
001 177189
003 http://www.mediathequederoubaix.fr/ark:/20179/KH177189
010    $a 2-84946-486-4 $b rel. $d 9,45 EUR
020    $a FR $b 00637106
033    $a http://catalogue.bnf.fr/ark:/12148/cb402006176
035    $a FRBNF40200617000000X
073  0 $a 9782849464861
090    $a 177189
091    $b 20240517 $c 1 $a 2
099    $t LI $c 2014-06-30 $d 2024-05-17 $x 393
100    $a 20060720d2006    m  y0frey50      ba
101 0  $a fre
102    $a FR
105    $a ||||t   00|a|
106    $a r
181  0 $6 01 $a i  $b xxxe   $a b  $b xb2e  
181    $6 02 $c txt $c sti $2 rdacontent
182  0 $6 01 $a n
182    $6 02 $c n $2 rdamedia
200 1  $a Que du bonheur ! $b Texte imprimé $f scénario et dessin, Olivier Dutto...
210    $a Toulon $c Soleil $d DL 2006 $e 45-Malesherbes $g Impr. Partenaires book
215    $a 1 vol. (45 p.) $c ill. en coul., couv. ill. en coul. $d 30 cm
225 19 $a Les p'tits diables $v tome 5
225    $a Start
321    $a La Revue des livres pour enfants $x 0398-8384
329    $c Pourquoi pas ? $d 20070124 $f OP $2 CNLJ $k Avis critique donné par le Centre national de la littérature pour la jeunesse
330    $a Tom et Nina débordent d'imagination et trouvent toujours un nouveau prétexte pour se chamailler.
339    $a a
410  0 $0 39076509 $t Start (Toulon) $x 1762-7648 $d 2006
608    $a Bandes dessinées $2 CNLJ $k Avis critique donné par le Centre national de la littérature pour la jeunesse
608    $a Albums $2 CNLJ $k Avis critique donné par le Centre national de la littérature pour la jeunesse
676    $a 741.5 $v 23
686    $a 803 $2 Cadre de classement de la Bibliographie nationale française
700    $3 13531972 $9 74227 $o ISNI0000000001106529 $a Dutto $b Olivier $4 070
801  0 $a FR $b FR-751131015 $c 20060720 $g AFNOR $h FRBNF40200617000000X $2 intermrc
999    $a FRBNF40200617000000X
995    $0 0 $2 0 $4 0 $5 2017-09-21 $9 365872 $b MED $c MED $e MED2A $f C2500004969 $h JBDSRZZ $k E BD/SERIES $n 2024-06-07 $o 0 $p 9.45 $r PRETLIV $s E_BD_SERIES $w 90 $y 2024-05-17
995    $0 0 $2 0 $4 0 $5 2017-12-05 $9 368978 $V 5 $b MED $c MED $e MED0A $f C2500006580 $h JBDSRZZ $k EXT E BD/DUT $o 0 $p 9.45 $r PRETLIV $s EXT_E_BD_DUT $w 28 $y 2021-09-21

