00899nj  a2200241 n 4500
001 177350
003 http://www.mediathequederoubaix.fr/ark:/20179/KH177350
005 20240517071956.0
035    $a HZ_
090    $a 177350
091    $a 1 $b 20240517 $c 0
099    $t DV $c 2014-06-30 $d 2024-05-17 $x 1
100    $a 20140630 1983         frey50        
101    $a fre
200    $a In cold blood $b Enr. sonore $f Johnny Thunders
210    $d P 1983
215    $a 1 disque $c 33 t $d 30 cm
327    $a Face A : In the cold $a Just another girl $a Face B : Green onions $a Diary of a lover $a Look in my eyes
339    $a m
679    $a 2
700    $7 ba0yba0y $8 fre    $a Thunders $b Johnny $f 1952-1991 $3 13939005 $9 12465
801    $a FR $b 595126101 $c 20110806 $g AFNOR
995    $0 0 $2 0 $4 0 $5 2006-08-03 $9 201236 $P 10.00 $b MED $c MED $e MED3C $f C0004274423 $h AMV20ZZ $k DISQ 3 / 2 THU $o 0 $p 10.00 $r PRETSON $s DISQ_3_200000000000000_THU $w 1 $y 2016-11-30

