00836naa2a2200229   4500
001 177585
003 http://www.mediathequederoubaix.fr/ark:/20179/KH177585
005 20240517072546.0
035 00 $a HZ_RbxHzBib277316
090    $a 177585
091    $a 2 $b 20240517 $c 0
099    $t AP $c 2014-06-30 $d 2024-05-17 $x 0
100    $a 19               k  y0frey5003    ba
101    $a fre
200    $a De la vigne au vin $f sous la dir. de Michel Colas
215    $a [20] p. $c ill. en coul.
300    $a In : BTJ = ISSN 0005-3120.- (2001-10)n&lt;U+00B0&gt;470, p. 2-21
339    $a m
493    $1 BTJ. Bibliothèque de travail junior / dir. de publ. Françoise Gilles . $1 Institut coopératif de l' école moderne , 1965-2006 .
606 0  $a Vigne $x Ouvrages pour la jeunesse $2 rameau
702 0  $4 651 $a Colas $b Michel
801    $a FR $b 595126101 $c 20070831 $g AFNOR

