01639na  a22003971i 4500
001 177734
003 http://www.mediathequederoubaix.fr/ark:/20179/KH177734
005 20240323212016.0
010    $a 2-08-160212-1 $b Br. $d 3.95 EUR
010    $a 978-2-9144-9535-6
033    $a http://catalogue.bnf.fr/ark:/12148/cb35724623z
035    $a HZ_9499000456
090    $a 177734
091    $a 0
099    $t LI $c 2014-06-30 $d 2024-03-23 $x 39
100    $a 20060802d1959    |  |0frey5003||||ba
101    $a fre
102    $a FR
105    $a a       0||y|
200    $a Un Pantalon pour mon ânon $f Marie Colmont, Gerda Muller
210    $a Paris $c Flammarion $d 1959
211    $a 19590101
215    $a 24 p. $c ill. en coul. $d 18 x 21 cm
225 2  $a Albums du Père Castor $i Secondes lectures
339    $a a
345    $b 9782081602120
410    $3 0069250000 $t Albums du Père Castor $x 0768-3332
676    $a 811.1 $v 99
676    $a 804 $v 99a
700    $a Colmont $b Marie $f 1895-1938 $3 9401045452 $4 070 $9 280479
701    $3 9401144944 $4 070 $a Muller $b Gerda $f 1926-.... $9 793
801  3 $a FR $b Electre $c 20060802 $g AFNOR
830    $a ELECTRELaetitia PE 2006 20060818
995    $0 0 $2 0 $4 0 $5 2005-03-23 $9 201780 $P 3.95 $b MED $c MED $e MED3M $f C0000427977 $h PPEFGZZ $k BR 8/257 $o 2 $p 3.95 $r PRETLIV $s BR_8257_000000000000000 $w 0 $y 2014-06-30
995    $0 0 $2 0 $4 0 $5 2006-09-28 $9 201782 $P 3.95 $b MED $c MED $e MED0A $f C0004336348 $h JABPFAF $k EXT PE A/COL $o 0 $p 3.95 $r PRETLIV $s EXT_PE_A_COL $w 16 $y 2023-06-20 $7 Bateau Livre (cdes fic. collectivits)
995    $0 0 $2 0 $3 0 $4 0 $5 2023-09-15 $9 465589 $P 4.00 $b MED $c MED $e MED2A $f C2500033236 $h JABCTPE $k PE C $o 0 $p 4.00 $r PRETLIV $s PE_C $w 2 $y 2024-05-10 $A 0

