01727cam a2200385   4500
001 177936
003 http://www.mediathequederoubaix.fr/ark:/20179/KH177936
010    $a 2-213-62404-6 $b br. $d 17 EUR
020    $a FR $b 00514757
033    $a http://catalogue.bnf.fr/ark:/12148/cb39937142p
035    $a FRBNF399371420000002
090    $a 177936
091    $b 20240517 $c 1 $a 2
099    $t LI $c 2014-06-30 $d 2024-05-17 $x 18
100    $a 20050316d2005    m  y0frey50      ba
101 0  $a fre
102    $a FR
105    $a ||||z   00|a|
106    $a r
181  0 $6 01 $a i  $b xxxe  
181    $6 02 $c txt $2 rdacontent
182  0 $6 01 $a n
182    $6 02 $c n $2 rdamedia
200 1  $a Le miroir de la reine $b Texte imprimé $f Régis Albarel
210    $a [Paris] $c Fayard $d 2005 $e 72-La Flèche $g Impr. Brodard et Taupin
215    $a 258 p. $c couv. ill. en coul. $d 24 cm
225 19 $a La fille de Maître Jacques $v 1
300    $a Lexique
330    $a En 1770, dans les environs de Saumur, deux compagnons du Devoir appartenant à des sociétés rivales s'entraident avant d'être montés l'un contre l'autre par une rivalité amoureuse et par les manipulations de deux aristocrates excentriques. Dans l'univers du compagnonnage, les symboles ont parfois plus d'importance que les faits.
339    $a m
686    $a 803 $2 Cadre de classement de la Bibliographie nationale française
700    $3 14615983 $9 83288 $o ISNI0000000050193403 $a Albarel $b Régis $4 070
801  0 $a FR $b FR-751131015 $c 20050316 $g AFNOR $h FRBNF399371420000002 $2 intermrc
999    $a FRBNF399371420000002
995    $0 0 $2 0 $4 0 $5 2006-08-30 $9 202004 $P 17.00 $b MED $c MED $e MED1A $f C0004333251 $h ALTROHI $k RH/ALB $n 2024-06-04 $o 0 $p 17.00 $r PRETLIV $s RH_ALB $w 28 $y 2024-04-23 $7 Majuscule

