00762nj  a2200205 n 4500
001 178185
003 http://www.mediathequederoubaix.fr/ark:/20179/KH178185
005 20240517073240.0
035    $a HZ_
090    $a 178185
091    $a 1 $b 20240517 $c 0
099    $t DV $c 2014-06-30 $d 2024-05-17 $x 0
100    $a 20140630              frey50        
101    $a fre
200    $a A la claire fontaine $b Enr. sonore
339    $a m
700  1 $a Aubret $b Isabelle $f 1938-....
801    $a FR $b 595126101 $c 20060906 $g AFNOR
930    $5 595126101:C0004268715 $b 595126101 $a FLRSON 17/4760 $e Fonds local et régional sonore
995    $0 0 $2 0 $4 0 $5 2006-09-06 $9 202272 $P 10.00 $b MED $c MED $e MED3C $f C0004268715 $h PENRSZZ $k FLRSON 17/4760 $o 2 $p 10.00 $r PRETSON $s FLRSON_174760_000000000000000 $w 0 $y 2014-06-30

