01040ng  a2200265 n 4500
001 178383
003 http://www.mediathequederoubaix.fr/ark:/20179/KH178383
005 20160125013401.0
035    $a HZ_RbxHzBib278387
090    $a 178383
091    $a 0
099    $t VI $c 2014-06-30 $d 2014-06-30 $x 0
100    $a          2001         frey5003    ba
101    $a fre $a     $a     $a     $a    
200    $a 19/20 $b Vidéocassette
210    $a Roubaix $c FR3 $d 2001
215    $a 1 vidéocassette (2 min) $c coul., sonore $d vhs
323    $a Avec : Michel Anceau, permanent ADAV ; Raymond Bodart, délégué ADAV Roubaix (Interview
339    $a m
607    $9 141796 $a Roubaix (Nord) $x Bandes vidéos
702  1 $9 206418 $a Anceau $b Michel
702  1 $9 200389 $a Bodart $b Raymond
801    $a FR $b 595126101 $c 20070831 $g AFNOR
930    $5 595126101:C0004234724 $b 595126101 $a FL VHS/Image 532 $e Fonds local image
995    $0 0 $2 0 $4 0 $5 2006-09-19 $9 202550 $b MED $c MED $e MED3C $f C0004234724 $h PPAFIZZ $k FL VHS/Image 532 $o 2 $r PRETDVD $s FL_VHSIMAGE_532_00000000000000 $w 0 $y 2014-06-30

