01724cam a2200433   4500
001 178719
003 http://www.mediathequederoubaix.fr/ark:/20179/KH178719
010    $a 2-09-182471-2
010    $a 2-09-183058-5 $b réimpr. 2004 $b br. $d 63 F
020    $a FR $b 09920864
033    $a http://catalogue.bnf.fr/ark:/12148/cb370090266
035    $a FRBNF370090260000003
039    $o OPL $a 024302726
090    $a 178719
091    $b 20240517 $c 1 $a 2
099    $t LI $c 2014-06-30 $d 2024-05-17 $x 28
100    $a 19990316d1998    m  y0frey50      ba
101 0  $a fre $a spa
102    $a FR
105    $a a   z   00|y|
106    $a r
181  0 $6 01 $a i  $b xxxe   $a b  $b xb2e  
181    $6 02 $c txt $c sti $2 rdacontent
182  0 $6 01 $a n
182    $6 02 $c n $2 rdamedia
200 1  $a Pratique du vocabulaire espagnol $b Texte imprimé $f Hélène Hernandez
205    $a [Nouv. éd.]
210    $a Paris $c Nathan $d 1998 $e 54-Maxéville $g Impr. Jean-Lamour
215    $a 160 p. $c ill., couv. ill. en coul. $d 21 cm
225    $a Repères pratiques Nathan $v 57
339    $a m
410  0 $0 34247462 $t Repères pratiques Nathan $x 0986-0495 $v 57
606    $3 11931281 $9 31413 $a Espagnol (langue) $3 13162695 $9 306297 $x Vocabulaire $2 rameau
608    $3 11975731 $9 921 $a Problèmes et exercices $2 rameau
686    $a 80  $2 Cadre de classement de la Bibliographie nationale française
700    $3 13000647 $9 275800 $o ISNI0000000117080447 $a Hernandez $b Hélène $f 1962-.... $4 070
801  0 $a FR $b FR-751131015 $c 19990316 $g AFNOR $h FRBNF370090260000003 $2 intermrc
999    $a FRBNF370090260000003
995    $0 3 $2 1 $4 0 $5 2006-10-03 $9 202890 $P 11.00 $b MED $c MED $e MED3A $f C0004377962 $h ACFLALE $k ESP ABC $n 2023-09-22 $o 4 $p 11.00 $r PRETLIV $s ESP_ABC $w 31 $y 2023-09-01 $7 Decitre

