01522cam a22003613  4500
001 178935
003 http://www.mediathequederoubaix.fr/ark:/20179/KH178935
010    $a 2-8040-2361-3 $b br.
033    $a http://catalogue.bnf.fr/ark:/12148/cb402247395
035    $a FRBNF402247390000008
090    $a 178935
091    $a 2 $b 20240517 $c 1
099    $t LI $c 2014-06-30 $d 2024-05-17 $x 1
100    $a 20060913d2006    m  y0frey50      ba
101 0  $a fre
102    $a BE
105    $a ||||z   00|||
106    $a r
181  0 $6 01 $a i  $b xxxe  
181    $6 02 $c txt $2 rdacontent
182  0 $6 01 $a n
182    $6 02 $c n $2 rdamedia
200 1  $a Sentiments inavouables $b Texte imprimé $f Françoise Lalande
210    $a Loverval $c Labor $d 2006
215    $a 1 vol. (149 p.) $d 21 cm
225    $a Grand espace nord
330    $a Lila se demande qui a bien pu tuer Liza Keil décédée à l'âge de quatre-vingt-seize ans. Elle est persuadée que Liza n'est pas morte de mort naturelle. Mais qui se cache derrière ce drame ? Avant de mourir, Liza avait raconté l'histoire de L'homme qui tua sa mère...
339    $a m
410  0 $0 40202514 $t Grand espace nord $x 1783-5909 $d 2006
700    $3 11910744 $9 68050 $o ISNI0000000116413422 $a Lalande $b Françoise $f 1941-.... $4 070
801  0 $a FR $b FR-751131015 $c 20060913 $g AFNOR $h FRBNF402247390000008 $2 intermrc
999    $a FRBNF402247390000008
995    $0 0 $2 0 $4 0 $5 2006-10-05 $9 203111 $P 14.00 $b MED $c MED $e MED1A $f C0004331720 $h ALTROZZ $k R/LAL $o 0 $p 14.00 $r PRETLIV $s RLAL $w 5 $y 2016-08-04 $7 Majuscule

