01591na  a22003611i 4500
001 179088
003 http://www.mediathequederoubaix.fr/ark:/20179/KH179088
005 20240517074211.0
010    $a 2-08-066677-0 $b Coffr. $d 28.00 EUR
035    $a HZ_2000020173
090    $a 179088
091    $a 2 $b 20240517 $c 0 $s http://www.sudoc.fr/148032532 $m 3
099    $t LI $c 2014-06-30 $d 2024-05-17 $x 32
100    $a 20060315d1996    |  |0frey5003||||ba
101    $a fre
102    $a FR
105    $a a       0||y|
106    $a d
200    $a Maus $e Un survivant raconte $h II $i Et c'est la que mes ennuis ont commencé $f Art Spiegelman
205    $a Réimpr.
210    $a Paris $c Flammarion $d 1996
211    $a 19960904
215    $a 2 vol. (312 p.) $c ill. $d 24 x 16 cm
330    $a Le père de l'auteur, Vladek, juif polonais, rescapé d'Auschwitz, raconte sa vie de 1930 à 1944, date de sa déportation. Ce récit est rapporté sous la forme d'une bande dessinée dont les personnages ont une tête d'animal : les juifs sont des souris, les nazis des chats, les Polonais des porcs et les Américains des chiens.
339    $a m
345    $b 9782080666772
517    $a Et c'est là que mes ennuis ont commencé
676    $a 818.2 $v 99
676    $a 806 $v 99a
700    $7 ba0yba0y $8 fre    $a Spiegelman $b Art $f 1948-.... $3 12093705 $4 070 $9 72485
801  3 $a FR $b Electre $c 20060315 $g AFNOR
830    $a ELECTREADU/BdFugue/Intime 20060810
995    $0 0 $2 0 $4 0 $5 2006-10-12 $9 203319 $P 14.00 $b MED $c MED $e MED3H $f C0004364854 $h AAPBDCM $k BD COMICS/SPI $n 2024-04-27 $o 0 $p 14.00 $r PRETLIV $s BD_COMICS_SPI $w 69 $y 2024-04-06

