00855nam a2200241 n 4500
001 179334
003 http://www.mediathequederoubaix.fr/ark:/20179/KH179334
005 20160124231307.0
035    $a HZ_
090    $a 179334
091    $a 0
099    $t LI $c 2014-06-30 $d 2014-06-30 $x 0
100    $a          1821         frey5003    ba
101    $a fre
102    $a   
200    $a Annuaire du Pas-de-Calais $e pour 1820
210    $a Arras $c E. Boutry $d [1821]
215    $a [30]-374 p. $d 22 cm
310    $a Manque la partie supérieure du dos
339    $a m
801    $a FR $b 595126101 $c 20061122 $g AFNOR
930    $5 595126101:c0004325800 $b 595126101 $a MAG L/P 8/115 686 $e Fonds patrimonial
995    $0 0 $2 0 $4 0 $5 2006-10-17 $9 203628 $b MED $c MED $e MED3I $f c0004325800 $h PPEFGZZ $k MAG L/P 8/115 686 $o 2 $r PRETLIV $s MAG_LP_8115_686000000000000 $w 0 $y 2014-06-30 $7 Librairie Raoust Lille

