01711cam a2200385   4500
001 179473
003 http://www.mediathequederoubaix.fr/ark:/20179/KH179473
010    $a 2-7459-2196-7 $b rel. $d 7 EUR
020    $a FR $b 00658522
033    $a http://catalogue.bnf.fr/ark:/12148/cb40934488z
035    $a FRBNF409344880000009
073  0 $a 9782745921963
090    $a 179473
091    $b 20240517 $c 1 $a 2
099    $t LI $c 2014-06-30 $d 2024-05-17 $x 2
100    $a 20061107d2006    a  y0frey50      ba
101 0  $a fre
102    $a FR
105    $a ||||z   00|z|
106    $a r
181  0 $6 01 $a i  $b xxxe  
181    $6 02 $c txt $2 rdacontent
182  0 $6 01 $a n
182    $6 02 $c n $2 rdamedia
200 1  $a Le petit éléphant et la météo $b Texte imprimé $f Édouard Manceau
210    $a Toulouse $c Milan jeunesse $d DL 2006 $e impr. en Chine
215    $a 1 vol. (non paginé [14] p.) $c ill. en coul., couv. ill. en coul. $d 19 cm
330    $a Le petit éléphant a décidé de s'occuper de son jardin. Mais le temps n'est pas de la partie. Un album pour découvrir tous les temps possibles. Avec des onglets pour retrouver facilement les différents temps.
339    $a a
608    $a Albums $2 CNLJ $k Avis critique donné par le Centre national de la littérature pour la jeunesse
686    $a 809 $2 Cadre de classement de la Bibliographie nationale française
700    $3 13550285 $9 69049 $o ISNI0000000009224781 $a Manceau $b Édouard $f 1969-.... $4 070
801  0 $a FR $b FR-751131015 $c 20061107 $g AFNOR $h FRBNF409344880000009 $2 intermrc
999    $a FRBNF409344880000009
995    $0 0 $2 0 $4 0 $5 2006-10-21 $9 203832 $P 7.00 $b MED $c MED $e MED0A $f C0004327666 $h JABPFAF $k EXT PE A/MAN $o 0 $p 7.00 $r PRETLIV $s EXT_PE_AMAN $w 10 $y 2017-06-07

