01999cam a2200457   4500
001 179635
003 http://www.mediathequederoubaix.fr/ark:/20179/KH179635
010    $a 2-08-201535-1 $b rel. $d 40 EUR
020    $a FR $b 00662000
033    $a http://catalogue.bnf.fr/ark:/12148/cb40243455r
035    $a FRBNF402434550000008
073  0 $a 9782082015356
090    $a 179635
091    $b 20240517 $c 1 $a 2
099    $t LI $c 2014-06-30 $d 2024-05-17 $x 6
100    $a 20061010d2006    m  y0frey50      ba
101 1  $a fre $c ita
102    $a FR
105    $a ||||z   00|y|
106    $a r
181  0 $6 01 $a i  $b xxxe  
181    $6 02 $c txt $2 rdacontent
182  0 $6 01 $a n
182    $6 02 $c n $2 rdamedia
200 1  $a Le grand atlas du corps humain $b Texte imprimé $f Pierluigi Diano $g [traduit de l'italien par Frédéric Delacourt]
210    $a Paris $c Flammarion $d impr. 2006 $e impr. en Italie
215    $a 1 vol. (pagination multiple [185] p. dépl.) $c ill. en coul., jaquette ill. en coul. $d 29 cm
225    $a Le grand atlas des
300    $a Bibliogr., 1 p.. Glossaire. Index
330    $a Exploration complète du corps humain grâce à de grandes pages dépliables, chaque organe étant replacé dans un tableau d'ensemble mais aussi vu à l'échelle microscopique.
339    $a m
410  0 $0 40933306 $t Le Grand atlas des $d 2006
606    $3 11930890 $9 11472 $a Anatomie humaine $2 rameau
606    $3 11931793 $9 15929 $a Corps humain $2 rameau
608    $3 11975813 $9 580 $a Ouvrages illustrés $2 rameau
676    $a 611.002 22 $v 23
686    $a 610 $2 Cadre de classement de la Bibliographie nationale française
700    $3 15117670 $9 90141 $o ISNI0000000017964050 $a Diano $b Pierluigi $4 070
801  0 $a FR $b FR-751131015 $c 20061010 $g AFNOR $h FRBNF402434550000008 $2 intermrc
999    $a FRBNF402434550000008
995    $0 3 $2 1 $4 0 $5 2006-10-24 $9 204044 $P 40.00 $b MED $c MED $e MED1A $f C0004328565 $h AAPPLMS $k Doc./612 ANA $n 2018-07-10 $o 4 $p 40.00 $r PRETLIV $s DOC___612_000000000000000_ANA $w 41 $y 2018-05-29 $7 Decitre

