01195nam a2200289 n 4500
001 179821
003 http://www.mediathequederoubaix.fr/ark:/20179/KH179821
005 20220808055752.0
010    $a 2-259-20583-6
033    $a http://catalogue.bnf.fr/ark:/12148/cb40243314w
035    $a HZ_
090    $a 179821
091    $a 0
099    $t LI $c 2014-06-30 $d 2022-08-08 $x 0
100    $a          2006         frey5003    ba
101    $a fre
102    $a   
200    $a Le roman du Figaro $e 1826-2006 $f Bertrand de Saint Vincent $g avec la collab. de Jean-Charles Chapuzet
210    $a Paris $c Plon $c Le Figaro $d 2006
215    $a 228-[16] p. de pl. $c ill. en noir et en coul., couv. ill. $d 21 cm
339    $a m
605    $9 140751 $a Le Figaro $n périodique $x Histoire
700  1 $9 290131 $a Saint Vincent $b Bertrand de
702    $7 ba0yba0y $8 fre    $a Chapuzet $b Jean-Charles $f 1976-.... $4 070 $9 290132
801    $a FR $b 595126101 $c 20070228 $g AFNOR
930    $5 595126101:c0004376916 $b 595126101 $a MAG L/P 8/115 775 $e Fonds patrimonial
995    $0 0 $2 0 $4 0 $5 2006-11-14 $9 204285 $P 20.00 $b MED $c MED $e MED3I $f c0004376916 $h PPEFGZZ $k MAG L/P 8/115 775 $o 2 $p 20.00 $r PRETLIV $s MAG_LP_8115_775000000000000 $w 0 $y 2014-06-30 $7 Decitre

