01638ng  a2200337 n 4500
001 179962
003 http://www.mediathequederoubaix.fr/ark:/20179/KH179962
005 20240517075107.0
035    $a HZ_RbxHzBib280590
090    $a 179962
091    $a 1 $b 20240517 $c 0
099    $t VD $c 2014-06-30 $d 2024-05-17 $x 9
100    $a 20140630 1973         frey50        
101    $f fre
200    $a Les maudits rois fainéants $b DVD $e la drôle histoire de France $f Marion Sarraut, Jacques Brialy, André Flédérick...[et al.], réal. $g Michel Porte, mus.
210    $a France $c Ina $d 1973
215    $a 1 DVD (1 h 12 min) $c coul., sonore
323    $a Interprètes : Roger-Pierre, Jean-Marc Thibault, Sophie Agacinski...[et al.]
327    $a Bonus : Rencontre royale avec Roger-Pierre et Jean-Marc Thibault (20 min) $a Espace découverte Mémoire de la Télévision
339    $a m
345    $a VHS $b 13628
606 0  $a Télévision $x Émissions $y France $z 1970-.... $x DVD $2 rameau
606    $7 ba0yba0y $8 fre    $a Humour français $3 16272527 $9 2806 $x DVD $2 rameau $9 2806
701    $7 ba0yba0y $8 fre    $a Brialy $b Jacques $3 14059626 $9 89297
701    $7 ba0yba0y $8 fre    $a Flédérick $b André $3 13893971 $9 89298
701  1 $7 ba0yba0y $8 fre    $3 14135147 $9 90297 $7 ba0yba0y $8 fre    $a Sarraut $b Marion $f 1938-....
702  1 $a Pierre $b Roger $f 1923-2010
702  1 $a Thibault $b Jean-Marc $f 1923-2017
702    $7 ba0yba0y $8 fre    $a Agacinski $b Sophie $f 1943-.... $3 12149928 $9 90296
801    $a FR $b 595126101 $c 20110520 $g AFNOR
995    $0 0 $2 0 $4 0 $5 2007-01-06 $9 204433 $P 26.60 $b MED $c MED $e MED1A $f C0004493522 $h AAPCIFI $k DVD/F MAU $o 0 $p 26.60 $r PRETDVD $s DVD_F_MAU $w 26 $y 2022-04-13 $7 VHS

