01855cam a2200409   4500
001 180117
003 http://www.mediathequederoubaix.fr/ark:/20179/KH180117
010    $a 2-258-07030-9
010    $a 978-2-258-07030-1 $b br. $d 19 EUR
020    $a FR $b 00708936
033    $a http://catalogue.bnf.fr/ark:/12148/cb40969926m
035    $a FRBNF409699260000007
073  0 $a 9782258070301
090    $a 180117
091    $b 20240517 $c 1 $a 2
099    $t LI $c 2014-06-30 $d 2024-05-17 $x 10
100    $a 20070118d2006    m  y0frey50      ba
101 0  $a fre
102    $a FR
105    $a ||||z   00|a|
106    $a r
181  0 $6 01 $a i  $b xxxe  
181    $6 02 $c txt $2 rdacontent
182  0 $6 01 $a n
182    $6 02 $c n $2 rdamedia
200 1  $a Les fantômes du mur païen $b Texte imprimé $e roman $f Pascal Martin
210    $a [Paris] $c Presses de la Cité $d impr. 2006 $e 18-Saint-Amand-Montrond $g Impr. Bussière
215    $a 1 vol. (297 p.) $c couv. ill. en coul. $d 23 cm
225    $a Terres de France $e roman
330    $a Près du Mont Sainte-Odile, neuf cadavres d'hommes noirs et clandestins sont découverts. Vincent Romain, alias le Bonsaï, mène l'enquête. Il découvre le seul rescapé du massacre, Aga, jeune garçon de 12 ans, qui a vu les meurtriers, mais est muet et ne sait pas écrire. Un vaste complot est alors mis au jour.
339    $a m
410  0 $0 43824813 $t Terres de France (Paris. 2006) $x 2273-8169 $d 2006
686    $a 803 $2 Cadre de classement de la Bibliographie nationale française
700    $3 12270285 $9 76812 $o ISNI0000000044654621 $a Martin $b Pascal $f 1952-.... $4 070
801  0 $a FR $b FR-751131015 $c 20070118 $g AFNOR $h FRBNF409699260000007 $2 intermrc
999    $a FRBNF409699260000007
995    $0 0 $2 0 $4 0 $5 2006-12-15 $9 204695 $P 19.00 $b MED $c MED $e MED1A $f C0004375627 $h ALTROPL $k RP/MAR $o 0 $p 19.00 $r PRETLIV $s RPMAR $w 31 $y 2018-11-15 $7 Majuscule

