01078nam a2200265 n 4500
001 180264
003 http://www.mediathequederoubaix.fr/ark:/20179/KH180264
005 20160125013419.0
035    $a HZ_
090    $a 180264
091    $a 0
099    $t LI $c 2014-06-30 $d 2014-06-30 $x 0
100    $a          1999         frey5003    ba
101    $a fre
102    $a   
200    $a Essai sur les patrons du textile et leur formation $e à Roubaix et Tourcoing (1880-1939) $h vol. 2 $i Annexes $f Melle Estelle Peronne
210    $a [Villeneuve d'Ascq] $c Université Charles de Gaulle (Lille) $d [1999]
215    $a 174 f. $c ill. $d 30 cm
310    $a Rel. spirale
328    $a Mém. : Unité de recherche sur l'histoire sociale du monde industriel : Lille III : 1999
339    $a m
700  1 $9 206918 $a Peronne $b Estelle
801    $a FR $b 595126101 $c 20061207 $g AFNOR
930    $5 595126101:C0004389731 $b 595126101 $a RES 4/5037 $e Fonds patrimonial
995    $0 0 $2 0 $4 0 $5 2006-12-02 $9 204933 $b MED $c MED $e MED3P $f C0004389731 $h PPEFGZZ $k RES 4/5037 $o 2 $r PRETLIV $s RES_45037_000000000000000 $w 0 $y 2014-06-30 $7 Don

