03436cam a2200457   4500
001 180446
003 http://www.mediathequederoubaix.fr/ark:/20179/KH180446
010    $a 2-211-08399-4 $b rel. $d 12,50 EUR
020    $a FR $b 00650407
033    $a http://catalogue.bnf.fr/ark:/12148/cb40233903p
035    $a FRBNF402339030000005
073  0 $a 9782211083997
090    $a 180446
091    $b 20240517 $c 1 $a 2
099    $t LI $c 2014-06-30 $d 2024-05-17 $x 48
100    $a 20060926d2006    a  y0frey50      ba
101 1  $a fre $c eng
102    $a FR
105    $a ||||z   00|a|
106    $a r
181  0 $6 01 $a i  $b xxxe  
181    $6 02 $c txt $2 rdacontent
182  0 $6 01 $a n
182    $6 02 $c n $2 rdamedia
200 1  $a Le bonhomme Kamishibai $b Texte imprimé $f Allen Say $g [traduit de l'anglais (États-Unis) par Agnès Desarthe]
210    $a Paris $c l'École des loisirs $d DL 2006 $e 37-Tours $g Mame impr.
215    $a 1 vol. (35 p.) $c ill. en coul., couv. ill. en coul. $d 28 cm
321    $a La Revue des livres pour enfants $x 0398-8384
329    $c Intéressant $a Dans cet album, Allen Say évoque son enfance au Japon et l'émerveillement que lui procurait le spectacle des kamishibais, à travers l'histoire d'un montreur ambulant qui a pris sa retraite, mais qui, l'espace d'une journée, refait la tournée qu'il effectuait jadis. Tout a changé, mais, quand l'écran s'anime, il y voit les enfants d'autrefois qui accourent vers lui. Le temps a basculé et, de nouveau, réapparaissent progressivement les signes de l'évolution de la société qui a eu raison de son activité. Pourtant, quand il revient au présent, les enfants d'alors, devenus les adultes d'aujourd'hui, l'applaudissent avec émotion. Cette évocation nostalgique s'accompagne d'une dimension documentaire soulignée par la présence d'une postface qui retrace l'histoire de l'art du kamishibai. (C.H.) $d 20070418 $f CH $2 CNLJ $k Avis critique donné par le Centre national de la littérature pour la jeunesse
330    $a Au Japon, vivaient un très vieil homme et sa femme. Bien qu'ils n'eussent jamais eu d'enfants, ils s'appelaient l'un l'autre Jiichan et Baachan, ce qui signifie grand-père et grand-mère. L'homme avait été autrefois un des bonhommes kamishibaï : il racontait des histoires aux enfants avant qu'il n'y ait la télévision. Son métier lui manque, alors il décide de reprendre le chemin de la ville.
339    $a a
454  1 $t Kamishibai man
608    $a Albums $2 CNLJ $k Avis critique donné par le Centre national de la littérature pour la jeunesse
686    $a 809 $2 Cadre de classement de la Bibliographie nationale française
700    $3 12661872 $9 7488 $o ISNI000000038331068X $a Say $b Allen $f 1937-.... $4 070
702    $3 12157159 $9 7384 $o ISNI0000000121484612 $a Desarthe $b Agnès $f 1966-.... $4 730
801  0 $a FR $b FR-751131015 $c 20060926 $g AFNOR $h FRBNF402339030000005 $2 intermrc
999    $a FRBNF402339030000005
995    $0 0 $2 0 $4 0 $5 2006-12-08 $9 205272 $P 12.50 $b MED $c MED $e MED2A $f C0004352263 $h JABEFAE $k E A/SAY $o 0 $p 12.50 $r PRETLIV $s E_A_SAY $w 47 $y 2024-02-29 $7 Bateau Livre
995    $0 0 $2 0 $4 0 $5 2006-12-08 $9 205273 $P 12.50 $b MED $c MED $e MED0A $f C0004353918 $h JABEFAE $k EXT E A/SAY $n 2024-07-11 $o 0 $p 12.50 $r PRETLIV $s EXT_E_ASAY $w 9 $y 2023-09-20 $7 Bateau Livre (office fic. collectivits)
995    $0 0 $2 0 $4 0 $5 2010-06-05 $9 205274 $P 12.50 $b MED $c MED $e MED0A $f C0005283069 $h JABEFAE $k EXT E A/SAY $o 0 $p 12.50 $r PRETLIV $s EXT_E_A_SAY $w 13 $y 2024-02-23 $7 Bateau Livre

