02057cam a2200433   4500
001 180590
003 http://www.mediathequederoubaix.fr/ark:/20179/KH180590
010    $a 2-8001-3860-2 $b rel. $d 8,50 EUR
010    $a 979-10-347-4214-1 $b réimpr. 2019
020    $a FR $b 00706788
033    $a http://catalogue.bnf.fr/ark:/12148/cb40970798z
035    $a FRBNF409707980000008
073  0 $a 9782800138602
073  0 $a 9791034742141 $b réimpr. 2019
090    $a 180590
091    $b 20211219 $c 1 $a 0
099    $t LI $c 2014-06-30 $d 2024-05-03 $x 194
100    $a 20070122d2006    a  y0frey50      ba
101 0  $a fre
102    $a BE
105    $a ||||t   00|a|
106    $a r
200 1  $a Cédric $b Texte imprimé $f dessin, Laudec $g scénario, Cauvin... $h 21 $i On rêvasse ?
210    $a [Marcinelle] $a [Paris] $c Dupuis $d DL 2006 $e impr. en Belgique
215    $a 1 vol. (46 p.) $c ill. en coul., couv. ill. en coul. $d 30 cm
225 19 $a Cédric $v 21
321    $a La Revue des livres pour enfants $x 0398-8384
330    $a De l'astucieux grand-père au bouillant petit-fils, trois générations sont unies pour transformer les petits riens et les gros chagrins de tous les jours en éclats de rire permanents. La charmante madame Nelly a été remplacée par une abominable maîtresse...
333    $a À partir de 6 ans
339    $a a
608    $a Bandes dessinées $2 CNLJ
608    $a Albums $2 CNLJ
676    $a 741.508 3 $v 23
686    $2 Cadre de classement de la Bibliographie nationale française
700    $3 12018211 $7 ba0yba0y $8 fre    $a Laudec $f 1947-.... $4 070 $9 27948
701    $3 11895623 $7 ba0yba0y $8 fre    $a Cauvin $b Raoul $f 1938-2021 $4 070 $9 4512
801  0 $a FR $b FR-751131015 $c 20070122 $g AFNOR $h FRBNF409707980000008 $2 intermrc
995    $0 0 $2 0 $4 0 $5 2013-03-06 $9 205624 $P 10.60 $b MED $c MED $e MED0A $f C0005449859 $h JBDZZZZ $k EXT E BD/CAU $o 0 $p 10.60 $r PRETLIV $s EXT_E_BD_CAU $w 4 $y 2020-06-18 $7 BD fugue
995    $0 0 $2 0 $4 0 $5 2023-09-19 $9 465741 $P 12.50 $b MED $c MED $e MED2A $f C2500033354 $h JBDSRZZ $k E BD/SERIES $n 2024-06-14 $o 0 $p 12.50 $r PRETLIV $s E_BD_SERIES $w 10 $y 2024-05-03

