01751ng  a2200313 n 4500
001 180803
003 http://www.mediathequederoubaix.fr/ark:/20179/KH180803
005 20220807041352.0
035    $a HZ_RbxHzBib281713
090    $a 180803
091    $a 0
099    $t VI $c 2014-06-30 $d 2022-08-07 $x 0
100    $a          2004         frey5003    ba
101    $a fre $a     $a     $a     $a    
200    $a 19/20 en bref $b Vidéocassette $c Le six minutes $c 19/20
210    $a Roubaix $c FR3 Lille Métropole $c M6 Lille $c FR3 Nord - pas - de - Calais $d 2004
215    $a 1 vidéocassette (8 min. 10 sec.) $c coul., sonore $d vhs
323    $a Avec : Bruno Gaudichon, conservateur du musée La Piscine de Roubaix ; Joséphine Matamoros, conservatrice du musée de Céret ; Muriel Chochois, responsable du centre d'appel "Vivacité" de Roubaix ; Jean-Michel Lebrecht de la propreté urbaine de Roubaix ; Jean-Victor Bukowski, chef de service du centre pour personnes agées dépendantes Isabeau de Roubaix
327    $a Prix citoyen $a Lille 2002 $a Amère bière $a A la queue leu leu $a L'émotion $a Tout beau $a Nouveau $a Nouvelle structure $a Dansez maintenant
339    $a m
607 0  $a Roubaix (Nord) $x Bandes vidéos $2 rameau
702  1 $9 207012 $a Chochois $b Muriel
702  1 $9 204396 $a Lebrecht $b Jean-Michel
702  1 $9 207013 $a Bukowski $b Jean-Victor
702    $7 ba0yba0y $8 fre    $a Matamoros $b Joséphine $f 1947-.... $9 71989
702    $7 ba0yba0y $8 fre    $a Gaudichon $b Bruno $f 1956-.... $9 2672
801    $a FR $b 595126101 $c 20070831 $g AFNOR
930    $5 595126101:C0004235241 $b 595126101 $a FL VHS/Image 584 $e Fonds local image
995    $0 0 $2 0 $4 0 $5 2006-12-19 $9 205884 $b MED $c MED $e MED3C $f C0004235241 $h PPAFIZZ $k FL VHS/Image 584 $o 2 $r PRETDVD $s FL_VHSIMAGE_584_00000000000000 $w 0 $y 2014-06-30

