01520ng  a2200325 n 4500
001 181008
003 http://www.mediathequederoubaix.fr/ark:/20179/KH181008
005 20240518020119.0
035    $a HZ_RbxHzBib282066
090    $a 181008
091    $a 1 $b 20240518 $c 0
099    $t VD $c 2014-06-30 $d 2024-05-18 $x 23
100    $a 20140630 2005         frey50        
101    $a eng
200    $a Mysterious skin $b DVD $e L'été de mes huit ans, 5 heures de ma vie ont disparu... $f Gregg Araki, réal. $g D'après le roman éponyme de Scott Heim $g Robin Guthrie, mus.
210    $a Etats-Unis $c Antidote Films $c Desperate Pictures $d 2005
215    $a 1 DVD (1 h 41 min) $c coul., sonore
305    $a Version en anglais, sous-titré en français
323    $a Interprètes : Joseph Gordon-Levitt, Brady Corbet, Michelle Trachtenberg...[et al.]
327    $a Contient aussi : Interview de Gregg Araki
339    $a m
345    $a VHS $b 05242 $d P
606 0  $a Cinéma $y États-Unis $z 1990-.... $2 rameau
702  1 $a Corbet $b Brady $f 1988-....
702  1 $7 ba0yba0y $8 fre    $3 15010235 $9 90746 $4 100 $7 ba0yba0y $8 fre    $a Heim $b Scott $f 1966-....
702    $7 ba0yba0y $8 fre    $a Guthrie $b Robin $f 1962-.... $3 14004344 $4 230 $9 90747
702    $7 ba0yba0y $8 fre    $a Gordon-Levitt $b Joseph $f 1981-.... $3 14182517 $9 90745
700  1 $a Araki $b Gregg $f 1959-.... $4 300
801    $a FR $b 595126101 $c 20091106 $g AFNOR
995    $0 0 $2 0 $4 0 $5 2007-01-06 $9 206098 $P 51.30 $b MED $c MED $e MED1A $f C0004493182 $h AAPCIFI $k DVD/F ARA $o 0 $p 51.30 $r PRETDVD $s DVD_F_ARA $w 82 $y 2024-03-17 $7 VHS

