00744nj  a2200205 n 4500
001 181135
003 http://www.mediathequederoubaix.fr/ark:/20179/KH181135
005 20240518020154.0
035    $a HZ_
090    $a 181135
091    $a 1 $b 20240518 $c 0
099    $t DC $c 2014-06-30 $d 2024-05-18 $x 0
100    $a 20140630              frey50        
101    $a fre
200    $a Philosophie $b Enr. sonore $f Rugisound
339    $a m
710  1 $a Rugisound
801    $a FR $b 595126101 $c 20070110 $g AFNOR
930    $5 595126101:C0004493792 $b 595126101 $a FLRSON DC/1945 $e Fonds local et régional sonore
995    $0 0 $2 0 $4 0 $5 2007-01-12 $9 206259 $P 10.00 $b MED $c MED $e MED3C $f C0004493792 $h PENRSZZ $k FLRSON DC/1945 $o 0 $p 10.00 $r PRETSON $s FLRSON_DC1945 $w 0 $y 2014-06-30 $7 Hybrid'music

