01071ng  a2200265 n 4500
001 181303
003 http://www.mediathequederoubaix.fr/ark:/20179/KH181303
005 20160125013429.0
035    $a HZ_RbxHzBib282477
090    $a 181303
091    $a 0
099    $t VI $c 2014-06-30 $d 2014-06-30 $x 0
100    $a          2001         frey5003    ba
101    $a fre $a     $a     $a     $a    
200    $a Le 19/20 $b Vidéocassette
210    $a Roubaix $c FR3 Lille Métropole $d 2001
215    $a 1 vidéocassette (6 min.) $c coul., sonore $d vhs
323    $a Avec : Rabah Chalbi, porte parole A.F.R.A.N
327    $a Gros problème urbain $a 4 à Edmonton $a Reconnaissance $a Ecran de fumée $a Ascension
339    $a m
607    $9 141796 $a Roubaix (Nord) $x Bandes vidéos
702  1 $9 207149 $a Chalbi $b Rabah
801    $a FR $b 595126101 $c 20070831 $g AFNOR
930    $5 595126101:C0003609772 $b 595126101 $a FL VHS/image 624 $e Fonds local image
995    $0 0 $2 0 $4 0 $5 2007-01-16 $9 206480 $b MED $c MED $e MED3C $f C0003609772 $h PPAFIZZ $k FL VHS/image 624 $o 2 $r PRETDVD $s FL_VHSIMAGE_624_00000000000000 $w 0 $y 2014-06-30

