01091nam a2200289 n 4500
001 181474
003 http://www.mediathequederoubaix.fr/ark:/20179/KH181474
005 20240505074111.0
010    $a 978-2-8011-1045-4
035    $a HZ_RbxHzBib282764
090    $a 181474
091    $a 2 $b 20240505 $c 0
099    $t LI $c 2014-06-30 $d 2024-05-05 $x 0
100    $a          2006         frey5003    ba
101    $a fre
102    $a   
200    $a Le bon usage $e grammaire française $f Maurice Grevisse $g refondue par André Goosse
205    $a 13e éd. rev.
210    $a [Paris] $c Duculot $d 2006
215    $a XXXVIII-1762 p. $d 22 cm
320    $a Index
339    $a m
606 0  $2 rameau $7 ba0yba0y $8 fre    $a Français (langue) $x Grammaire
700    $7 ba0yba0y $8 fre    $a Grevisse $b Maurice $f 1895-1980 $3 11905890 $9 27190
702    $7 ba0yba0y $8 fre    $a Goosse $b André $f 1926-2019 $3 11905407 $4 070 $9 27770
801    $a FR $b 595126101 $c 20120919 $g AFNOR
995    $0 0 $2 0 $4 0 $5 2007-02-02 $9 206654 $P 81.00 $b MED $c MED $e MED2B $f C0004379883 $h ACFUEZZ $k U ETUD/445 GRE $o 2 $p 81.00 $r PRETLIV $s U_ETUD445_GRE $w 0 $y 2014-06-30 $7 Decitre

