02111cam a2200433   4500
001 181700
003 http://www.mediathequederoubaix.fr/ark:/20179/KH181700
010    $a 2-212-11772-8 $b br. $d 26 EUR
020    $a FR $b 00716414
033    $a http://catalogue.bnf.fr/ark:/12148/cb40211157h
035    $a FRBNF402111570000006
073  0 $a 9782212117721
090    $a 181700
091    $b 20240505 $c 1 $a 2
099    $t LI $c 2014-06-30 $d 2024-05-05 $x 11
100    $a 20060811d2006    m  y0frey50      ba
101 1  $a fre $c eng
102    $a FR
105    $a ||||z   00|y|
106    $a r
181  0 $6 01 $a i  $b xxxe  
181    $6 02 $c txt $2 rdacontent
182  0 $6 01 $a n
182    $6 02 $c n $2 rdamedia
200 1  $a Mettre en scène pour le cinéma $b Texte imprimé $e mouvements d'acteurs et de caméras $f Steven D. Katz $g traduction et adaptation, Bertrand Perrotin
210    $a Paris $c Eyrolles $d DL 2006 $e Paris $g Impr. Jouve
215    $a 1 vol. (XIV-281 p.) $c ill., couv. ill. en coul. $d 26 cm
300    $a Webliogr. p. 277. Glossaire
330    $a Cet ouvrage dédié aux apprentis réalisateurs, cinéma ou vidéo, propose un catalogue d'idées de mise en scène couvrant un vaste champ de situations dramatiques et de styles de cadrage. Des story-boards très détaillés et commentés décrivent les mouvements des caméras et des acteurs, ainsi que les diagrammes des décors et d'espaces de jeu, etc.
339    $a m
454  1 $t Cinematic motion, 2nd edition
606    $3 13162764 $9 8881 $a Cinéma $x Production et réalisation $2 rameau
676    $a 791.430 233 $v 23
686    $a 791 $2 Cadre de classement de la Bibliographie nationale française
700    $3 15026938 $9 91040 $o ISNI0000000109974571 $a Katz $b Steven D. $f 1950-.... $4 070
702    $3 15036075 $9 91041 $o ISNI0000000002144295 $a Perrotin $b Bertrand $4 730
801  0 $a FR $b FR-751131015 $c 20060811 $g AFNOR $h FRBNF402111570000006 $2 intermrc
999    $a FRBNF402111570000006
995    $0 0 $2 0 $4 0 $5 2007-02-07 $9 206883 $P 26.00 $b MED $c MED $e MED1A $f C0004433857 $h AAPCIDC $k Doc./792 TOU $o 0 $p 26.00 $r PRETLIV $s DOC___792_000000000000000_TOU $w 26 $y 2024-02-02 $7 Decitre

