02380cam a2200457   4500
001 181883
003 http://www.mediathequederoubaix.fr/ark:/20179/KH181883
010    $a 978-2-7560-0358-0 $b rel. $d 8,90 EUR
020    $a FR $b 00709236
033    $a http://catalogue.bnf.fr/ark:/12148/cb40971009t
035    $a FRBNF409710090000004
073  0 $a 9782756003580
090    $a 181883
091    $b 20240505 $c 1 $a 2
099    $t LI $c 2014-06-30 $d 2024-05-05 $x 30
100    $a 20070122d2006    a  y0frey50      ba
101 0  $a fre
102    $a FR
105    $a ||||t   00|a|
106    $a r
181  0 $6 01 $a i  $b xxxe   $a b  $b xb2e  
181    $6 02 $c txt $c sti $2 rdacontent
182  0 $6 01 $a n
182    $6 02 $c n $2 rdamedia
200 1  $a Les jambons d'Ysengrin $b Texte imprimé $f scénario, Jean-Marc Mathis $g dessin & couleur, Thierry Martin
210    $a [Paris] $c Delcourt jeunesse $d impr. 2006 $e impr. en Belgique
215    $a 1 vol. (31 p.) $c ill. en coul., couv. ill. en coul. $d 30 cm
225 19 $a Le roman de Renart $v 1
330    $a Cinq histoires courtes inspirées du poème médiéval. Afin de subvenir aux besoins de sa famille dans un univers sans pitié, Renart le goupil utilise sa ruse et son audace. Il prend plaisir à manipuler son compère Ysengrin, loup ignare et cruel, qui fait souvent les frais de ses farces.
339    $a a
500 10 $3 12008358 $9 1382 $a Roman de Renart $m français $l Adaptation $k 2006
608    $a Albums $2 CNLJ $k Avis critique donné par le Centre national de la littérature pour la jeunesse
608    $a Bandes dessinées $2 CNLJ $k Avis critique donné par le Centre national de la littérature pour la jeunesse
676    $a 741.508 3 $v 23
686    $a 809 $2 Cadre de classement de la Bibliographie nationale française
700    $3 13206117 $9 51665 $o ISNI0000000072488042 $a Mathis $b Jean-Marc $f 1965-.... $4 070
701    $3 14627312 $9 82308 $o ISNI0000000001268886 $a Martin $b Thierry $f 1966-.... $4 070
801  0 $a FR $b FR-751131015 $c 20070122 $g AFNOR $h FRBNF409710090000004 $2 intermrc
999    $a FRBNF409710090000004
995    $0 0 $2 0 $4 0 $5 2007-02-10 $9 207088 $P 8.90 $b MED $c MED $e MED2A $f C0004357124 $h JBDCLZZ $k E BD/LITT $n 2024-05-07 $o 0 $p 8.90 $r PRETLIV $s E_BD_LITT $w 62 $y 2024-03-26 $7 BD fugue $8  $A  $m  $z 
995    $0 0 $2 0 $4 0 $5 2007-02-10 $9 207089 $P 8.90 $b MED $c MED $e MED0A $f C0004438962 $h JBDZZZZ $k EXT E BD/MAT $o 0 $p 8.90 $r PRETLIV $s EXT_E_BDMAT $w 9 $y 2021-11-17 $7 BD fugue

