01764cam a2200409   4500
001 182235
003 http://www.mediathequederoubaix.fr/ark:/20179/KH182235
010    $a 978-2-84801-219-3 $b rel. $d 4,95 EUR
020    $a FR $b 00804239
033    $a http://catalogue.bnf.fr/ark:/12148/cb41149887w
035    $a FRBNF41149887000000X
073  0 $a 9782848012193
090    $a 182235
091    $b 20240506 $c 1 $a 2
099    $t LI $c 2014-06-30 $d 2024-05-06 $x 39
100    $a 20071107d2007    a  y0frey50      ba
101 1  $a fre $c dut
102    $a FR
105    $a ||||z   00|a|
106    $a r
181  0 $6 01 $a i  $b xxxe  
181    $6 02 $c txt $2 rdacontent
182  0 $6 01 $a n
182    $6 02 $c n $2 rdamedia
200 1  $a Coucou Miffy ! $b Texte imprimé $e cache-cache à la ferme $f Dick Bruna
210    $a Paris $c Tourbillon $d DL 2007 $e impr. en Allemagne
215    $a 1 vol. (non paginé [18] p.) $c ill. en coul., couv. ill. en coul. $d 12 cm
330    $a Les animaux de la ferme se cachent, mais Miffy va les découvrir l'un après l'autre : le mouton, le canard, la vache, le cochon, etc.
339    $a a
454  1 $t Kiekeboe ! wie zit daar, nijntje ?
608    $a Albums $2 CNLJ $k Avis critique donné par le Centre national de la littérature pour la jeunesse
609 0  $7 ba0yba0y $8 fre    $a Livres de bébé
686    $a 809 $2 Cadre de classement de la Bibliographie nationale française
700    $3 11894300 $9 13905 $o ISNI0000000121355431 $a Bruna $b Dick $f 1927-2017 $4 070
801  0 $a FR $b FR-751131015 $c 20071107 $g AFNOR $h FRBNF41149887000000X $2 intermrc
999    $a FRBNF41149887000000X
995    $0 0 $2 1 $4 0 $5 2007-05-09 $9 207506 $P 4.50 $b MED $c MED $e MED0A $f C0004461452 $h JABPFAF $k EXT PE A/BRU $n 2017-08-31 $o 0 $p 4.50 $r PRETLIV $s EXT_PE_ABRU $w 10 $y 2017-01-14 $7 Bateau Livre

