01797cam a2200397   4500
001 182411
003 http://www.mediathequederoubaix.fr/ark:/20179/KH182411
010    $a 2-86274-638-X $b br. $d 92 F
020    $a FR $b 00017284
033    $a http://catalogue.bnf.fr/ark:/12148/cb37049914h
035    $a FRBNF370499140000006
039    $o OPL $a 024786693
090    $a 182411
091    $b 20240506 $c 1 $a 2
099    $t LI $c 2014-06-30 $d 2024-05-06 $x 2
100    $a 19991013d1999    m  y0frey50      ba
101 0  $a fre
102    $a FR
105    $a ||||z   00|a|
106    $a r
181  0 $6 01 $a i  $b xxxe  
181    $6 02 $c txt $2 rdacontent
182  0 $6 01 $a n
182    $6 02 $c n $2 rdamedia
200 1  $a Nil rouge $b Texte imprimé $f Gérard Oberlé
210    $a Paris $c le Cherche Midi éd. $d 1999 $e 27-Mesnil-sur-l'Estrée $g Impr. Firmin-Didot
215    $a 206 p. $c couv. ill. $d 21 cm
225    $a Roman
330    $a Claude Chassignet aime à penser qu'il a pour ancêtre improbable le poète baroque du XVIe siècle, Jean-Baptiste Chassignet. Epicurien et bibliophile, il dévore la vie avec frénésie. La disparition de son ami le pianiste Denis Versenna en Egypte va le conduire à mener une enquête riche en péripéties dans des lieux peu fréquentés par les touristes.
339    $a m
410  0 $0 34290524 $t Roman (Paris. 1995) $x 1272-4408 $d 1999
686    $a 823 $2 Cadre de classement de la Bibliographie nationale française
700    $3 12076830 $9 51690 $o ISNI0000000121478650 $a Oberlé $b Gérard $f 1945-.... $c éditeur $4 070
801  0 $a FR $b FR-751131015 $c 19991013 $g AFNOR $h FRBNF370499140000006 $2 intermrc
999    $a FRBNF370499140000006
995    $0 0 $2 0 $4 0 $5 2007-02-24 $9 207731 $P 14.00 $b MED $c MED $e MED1A $f C0004455671 $h ALTROZZ $k R/OBE $o 0 $p 14.00 $r PRETLIV $s ROBE $w 7 $y 2017-08-24 $7 Majuscule

