01500nj  a22003012  4500
001 182582
003 http://www.mediathequederoubaix.fr/ark:/20179/KH182582
005 20240506020236.0
035    $a HZ_CDM714926
071 01 $a 88697050902 $b M6 Interactions sauf titres 3 et 6 : EMI
090    $a 182582
091    $a 1 $b 20240506 $c 0
099    $t DC $c 2014-06-30 $d 2024-05-06 $x 4
100    $a 20070301f20072007m  y0frey5003    ba
101    $a fre
200    $a Rap stories $b Enr. sonore $f Faf Larage
210    $d P 2007 sauf titres 3 et 6 : P 2006
215    $a 1 d.c. $e 1 livret (n.p. ; 12 cm)
327    $a La soul dans le sang $a Millionaire $a Pas le temps $a Ta meuf (la caille) $a Rapstory Part 1 $a Demande pardon $a C'est pas ma faute $a C'est de l'or / avec Taïro $a Prise d'otages $a Une faveur / avec Piero Battery $a Rapstory Part 2 $a Le brancheur $a Qui on est ?!(le marketing du diable) $a On and on / avec Cut Killer
339    $a m
345    $a CDMAIL $b 0886970509022
606 0  $a Rap (musique) $y France $x Disques $2 rameau
679    $a 2 $c 90.2
700    $7 ba0yba0y $8 fre    $a Larage $b Faf $f 1971-.... $3 14021626 $9 44510
702  1 $7 ba0yba0y $8 fre    $3 14044913 $9 91359 $7 ba0yba0y $8 fre    $a Taïro $f 1978-....
702  1 $7 ba0yba0y $8 fre    $3 14007665 $9 33374 $7 ba0yba0y $8 fre    $a Cut Killer $f 1971-....
801  0 $a FR $b CDMAIL $c 20070831 $g AFNOR
995    $0 0 $2 0 $4 0 $5 2007-03-01 $9 207912 $P 17.80 $b MED $c MED $e MED1A $f C0004497738 $h AMV15ZZ $k DC/2 FAF 90.2 $o 0 $p 17.80 $r PRETSON $s DC_2_FAF_900000000000000_2 $w 31 $y 2019-10-03 $7 Le temple du disque

