01683cg  a2200361   4500
001 182780
003 http://www.mediathequederoubaix.fr/ark:/20179/KH182780
005 20240506020300.0
035    $a HZ_ADAV46037
090    $a 182780
091    $a 1 $b 20240506 $c 0
099    $t VD $c 2014-06-30 $d 2024-05-06 $x 28
100    $a 20060407d2000    b-ey0frey5003    ba
101    $a vie $c fre
102    $a   
115    $a c   baho|b|||||cb|||
200    $a A la verticale de l'été $b DVD $f Tran Anh Hung, réal., scénario $g Ton That Tiét, mus.
210    $a Vietnam $a France $c Les productions Lazennec $c Les studio canal + $d 2000
215    $a 1 DVD (1h 48min) $c coul., sonore
305    $a Version en français et Vietnamien
323    $a Interprètes : Tran Nu Yen-Khe, Nguyen Nhu Quynh, Le Khanh...[et al.]
327    $a Bonus : making-of
330    $a L’hommage à la mère défunte est prétexte à se retrouver en famille. Sérénité, échange sont les maîtres mots de trois soeurs qui semblent intimement liées. Mais qu’en est-il du quotidien de chacune ? L’auteur évoque les traditions familiales, le couple, ses joies et ses désillusions.
339    $a m
606 0  $a Cinéma $y Vietnam $z 1990-.... $2 rameau
700  1 $4 370 $4 690 $a Hung $b Tran Anh
702  1 $4 590 $a Yen-Khe $b Tran Nu
702  1 $a Nguyen $b Nhu Quynh $4 590
702  1 $4 690 $a Hung $b Tran Anh
702  1 $4 230 $a That Tiét $b Ton
702  1 $7 ba0yba0y $8 fre    $3 12489187 $9 91418 $4 590 $7 ba0yba0y $8 fre    $a Khánh $b Lê $f 19..-....
801  0 $a FR $b ADAV $c 20060407 $g AFNOR
995    $0 0 $2 0 $4 0 $5 2007-03-30 $9 208117 $P 56.70 $b MED $c MED $e MED1A $f C0004499049 $h AAPCIFI $k DVD/F HUN $o 0 $p 56.70 $r PRETDVD $s DVD_F_HUN $w 61 $y 2023-11-15 $7 ADAV

