03782nam a2200481   4500
001 182915
003 http://www.mediathequederoubaix.fr/ark:/20179/KH182915
010    $d 22 Eur $z 978-2-930223-73-5
033    $a http://catalogue.bnf.fr/ark:/12148/cb433929754
035    $a FRBNF43392975000000X
039    $o ALS $a 0863723
090    $a 182915
091    $a 2 $b 20240506 $c 1
099    $t LI $c 2014-06-30 $d 2024-05-06 $x 45
100    $a 20061120d2006    m  y0frey50      ba
101 0  $a fre
102    $a BE
105    $a y   z   000||
106    $a r
181  0 $6 01 $a i  $b xxxe  
181    $6 02 $c txt $2 rdacontent
182  0 $6 01 $a n
182    $6 02 $c n $2 rdamedia
200 1  $a De temps en temps $b Texte imprimé $f Anne Herbauts
210    $a Noville-sur-Mehaigne $b 9 rue de Noville $c Esperluète $d 2006
215    $a np. $d 28 cm
321    $a La Revue des livres pour enfants $x 0398-8384
321    $a La Revue des livres pour enfants. Sélection annuelle
329    $c Bravo ! $a Dans ce très bel album, fabriqué avec un soin tout méticuleux, Anne Herbauts convie le lecteur à découvrir ses " petites météorologies ", les secrets des processus de sa créativité. Ainsi, dans une prose poétique utilisant des mots simples et forts, elle va de son enfance solitaire et douloureuse à son présent d'artiste où la création rend " tout possible ", donne des plaisirs fulgurants, même si le fil retrouvé, de temps en temps, s'effiloche. Toutes ces réflexions liées à des sensations, l'auteur parvient à les transmettre aussi par les images : des images qui jouent sur le vide et le plein, le brillant et le mat, le concret et l'abstrait, le cadre et le hors-cadre, l'ellipse et le détail. Un grand livre qui mérite qu'on lui consacre un long temps ! (N.B.) $d 20061127 $f NBE $2 CNLJ $k Avis critique donné par le Centre national de la littérature pour la jeunesse
329    $a Dans une prose poétique utilisant des mots simples et forts, Anne Herbauts va de son enfance solitaire et douloureuse à son présent d'artiste où la création rend " tout possible ", donne des plaisirs fulgurants, même si le fil retrouvé, de temps en temps, s'effiloche. Toutes ces réflexions liées à des sensations, l'auteur parvient à les transmettre aussi par les images qui jouent sur le vide et le plein, le brillant et le mat, le concret et l'abstraità Un grand livre qui mérite qu'on lui consacre un long temps !
330    $a Livre d'artiste illustré dans le style des livres pour enfants, dans lequel l'auteure interroge la créativité et le travail du temps.
333    $a À partir de 13 ans $2 CNLJ $k Avis critique donné par le Centre national de la littérature pour la jeunesse
339    $a a
608    $a Albums $2 CNLJ $k Avis critique donné par le Centre national de la littérature pour la jeunesse
609    $a temps (philosophie) $x ouvrages illustrés $2 rameau
609    $a Créativité $x Ouvrages illustrés $2 rameau
700    $3 13174395 $9 6443 $o ISNI0000000113441006 $a Herbauts $b Anne $4 070
801  0 $a FR $b FR-751131015 $c 20061120 $g AFNOR $h FRBNF43392975000000X $2 intermrc
999    $a FRBNF43392975000000X
995    $0 0 $2 0 $4 0 $5 2007-03-16 $9 208259 $P 22.00 $b MED $c MED $e MED2A $f C0004436554 $h JABEFAE $k E A/HER $o 0 $p 22.00 $r PRETLIV $s E_A_HER $w 20 $y 2024-03-15 $7 COLLINES DIFFUSION
995    $0 0 $2 0 $4 0 $5 2007-07-04 $9 208260 $P 22.00 $b MED $c MED $e MED0A $f C0004485294 $h JABEFAE $k EXT E A/HER $o 0 $p 22.00 $r PRETLIV $s EXT_E_A_HER $w 34 $y 2024-02-24 $8 MA078
995    $0 0 $2 0 $4 0 $5 2007-04-21 $9 208261 $P 22.00 $b MED $c MED $e MED0A $f C0004457673 $h JABEFAE $k EXT E A/HER $o 0 $p 22.00 $r PRETLIV $s EXT_E_AHER $w 12 $y 2019-12-21 $7 Bateau Livre
995    $0 0 $2 0 $4 0 $5 2007-03-15 $9 208262 $P 22.00 $b MED $c MED $e MED0A $f C0004447945 $h JABEFAE $k EXT E A/HER $o 0 $p 22.00 $r PRETLIV $s EXT_E_A_HER $w 13 $y 2020-09-29 $7 COLLINES DIFFUSION

