02006cam a2200421   4500
001 183087
003 http://www.mediathequederoubaix.fr/ark:/20179/KH183087
010    $a 2-283-02166-9
010    $a 978-2-283-02166-8 $b br. $d 25 EUR
020    $a FR $b 00655138
033    $a http://catalogue.bnf.fr/ark:/12148/cb40933055n
035    $a FRBNF409330550000001
073  0 $a 9782283021668
090    $a 183087
091    $b 20240506 $c 1 $a 2
099    $t LI $c 2014-06-30 $d 2024-05-06 $x 3
100    $a 20061106d2006    m  y0frey50      ba
101 1  $a fre $c eng
102    $a FR
105    $a ||||z   00|a|
106    $a r
181  0 $6 01 $a i  $b xxxe  
181    $6 02 $c txt $2 rdacontent
182  0 $6 01 $a n
182    $6 02 $c n $2 rdamedia
200 1  $a Bombay, maximum city $b Texte imprimé $f Suketu Mehta $g traduit de l'anglais par Oristelle Bonis
210    $a Paris $c Buchet-Chastel $d impr. 2006 $e 27-Mesnil-sur-l'Estrée $g Impr. Firmin-Didot
215    $a 1 vol. (775 p.) $c carte, couv. ill. en coul. $d 23 cm
300    $a Glossaire
330    $a Ecrivain et journaliste, S. Mehta dresse le portrait de Bombay, la plus grande ville de l'Inde. Pour comprendre les métamorphoses de la ville de son enfance, il aborde la mégapole par une enquête sur les sanglantes manifestations entre hindous et musulmans en 1992-1993, fréquente les parrains mafieux, les déshérités des bidonvilles, les studios de Bollywood.
339    $a m
454  1 $t Maximum city, Bombay lost and found
686    $a 803 $2 Cadre de classement de la Bibliographie nationale française
700    $3 15112226 $9 91550 $o ISNI000000007848443X $a Mehta $b Suketu $f 1963-.... $4 070
702    $3 12147731 $9 3624 $o ISNI0000000042955690 $a Bonis $b Oristelle $4 730
801  0 $a FR $b FR-751131015 $c 20061106 $g AFNOR $h FRBNF409330550000001 $2 intermrc
999    $a FRBNF409330550000001
995    $0 0 $2 0 $4 0 $5 2007-05-18 $9 208483 $P 25.00 $b MED $c MED $e MED3A $f C0004465252 $h ACFHSZZ $k Doc./975 IND $o 0 $p 25.00 $r PRETLIV $s DOC___975_000000000000000_IND $w 15 $y 2022-04-02 $7 Decitre

