01836cam a2200457   4500
001 183267
003 http://www.mediathequederoubaix.fr/ark:/20179/KH183267
010    $a 978-2-84902-282-5 $b rel $d 18,50 EUR
020    $a FR $b 00712949
033    $a http://catalogue.bnf.fr/ark:/12148/cb40984461z
035    $a FRBNF409844610000003
073  0 $a 9782849022825
090    $a 183267
091    $b 20240506 $c 1 $a 2
099    $t LI $c 2014-06-30 $d 2024-05-06 $x 4
100    $a 20070219d2007    m  y0frey50      ba
101 0  $a fre $a ger
102    $a FR
105    $a ||||e   00|y|
106    $a r
181  0 $6 01 $a i  $b xxxe  
181    $6 02 $c txt $2 rdacontent
182  0 $6 01 $a n
182    $6 02 $c n $2 rdamedia
200 1  $a Le Robert & Collins, allemand $b Texte imprimé $e français-allemand, allemand-français
210    $a Paris $c Le Robert $a Glasgow $c Collins $d impr. 2007 $e impr. en Italie
215    $a 1 vol. (XXVI-471-455-66 p.) $d 21 cm
225    $a Les pratiques maxi
327    $a L' allemand en situation
339    $a m
410  0 $0 40988417 $t Les Pratiques maxi $x 1960-6680 $d 2007
606    $3 11935375 $9 3663 $a Français (langue) $3 12011953 $9 22312 $x Dictionnaires allemands $2 rameau
606    $3 11975672 $9 6209 $a Allemand (langue) $3 12037583 $9 5279 $x Dictionnaires français $2 rameau
676    $a 443.31 $v 23
676    $a 433.41 $v 23
686    $a 400 $2 Cadre de classement de la Bibliographie nationale française
710    $3 11878465 $9 5909 $o ISNI0000000123085527 $a Le Robert $4 070
711    $3 13971196 $9 64813 $o ISNI0000000123646136 $a HarperCollins $c Éditions $4 070
801  0 $a FR $b FR-751131015 $c 20070219 $g AFNOR $h FRBNF409844610000003 $2 intermrc
999    $a FRBNF409844610000003
995    $0 0 $2 0 $4 0 $5 2007-03-20 $9 208688 $P 19.00 $b MED $c MED $e MED3A $f C0004398706 $h ACFLALE $k ALL ABC $o 0 $p 19.00 $r PRETLIV $s ALL_ABC $w 4 $y 2023-03-25 $7 Decitre

