01275nam a2200301 n 4500
001 183406
003 http://www.mediathequederoubaix.fr/ark:/20179/KH183406
005 20180724130716.0
010    $a 978-2-9523173-7-5
033    $a http://catalogue.bnf.fr/ark:/12148/cb40991942j
035    $a HZ_RbxHzBib285325
090    $a 183406
091    $a 0
099    $t LI $c 2014-06-30 $d 2014-06-30 $x 0
100    $a          2007         frey5003    ba
101    $a fre
102    $a   
200    $a Mots d'elles $e paroles de cheminotes en Nord-Pas-de-Calais $f par Marie Moinard $g [préf. de Catherine Génisson]
210    $a [Vincennes] $c Des ronds dans l'O $d 2007
215    $a 64 p. $c ill. en coul., couv. ill. $d 19 cm
339    $a m
606 0  $9 257380 $a Transports ferroviaires $y France $y Nord -Pas-de-Calais (France) $x Anecdotes
606 0  $9 257381 $a Transports ferroviaires $x Personnel
700  1 $9 290217 $a Moinard $b Marie $f 1960-....
702  1 $9 207616 $4 080 $a Genisson $b Catherine
801    $a FR $b 595126101 $c 20070831 $g AFNOR
930    $5 595126101:C0004402880 $b 595126101 $a MAG L/P 8/115 860 $e Fonds patrimonial
995    $0 0 $2 0 $4 0 $5 2007-03-24 $9 208843 $P 17.00 $b MED $c MED $e MED3J $f C0004402880 $h PPEFGZZ $k MAG L/P 8/115 860 $o 2 $p 17.00 $r PRETLIV $s MAG_LP_8115_860000000000000 $w 0 $y 2014-06-30 $7 Decitre

