01476ng  a2200325 n 4500
001 183593
003 http://www.mediathequederoubaix.fr/ark:/20179/KH183593
005 20240506022647.0
035    $a HZ_RbxHzBib285574
090    $a 183593
091    $a 1 $b 20240506 $c 0
099    $t VD $c 2014-06-30 $d 2024-05-06 $x 8
100    $a 20140630 1947         frey50        
101    $a eng $a ita $a spa
200    $a L'homme de mes rêves $b DVD $d It had to be you $f Don Hartman, Rudolph Maté, réal.
210    $a Etats-Unis $c Columbia Pictures $d 1947
215    $a 1 DVD (1 h 34 min) $c n.b., sonore
305    $a Version en anglais, italien, espagnol sous-titré français
323    $a Interprètes : Ginger Rogers, Cornel Wilde, Percy Waram...[et al.]
339    $a m
345    $a VHS $b 14176 $d P
510    $a It had to be you
606 0  $a Cinéma $y États-Unis $z 1945-1960 $2 rameau
701    $7 ba0yba0y $8 fre    $a Maté $b Rudolph $f 1898-1964 $3 13940151 $4 370 $9 81715
701  1 $7 ba0yba0y $8 fre    $3 14050418 $9 91804 $4 370 $7 ba0yba0y $8 fre    $a Hartman $b Don $f 1900-1958
702  1 $7 ba0yba0y $8 fre    $3 15542765 $9 91803 $7 ba0yba0y $8 fre    $a Waram $b Percy $f 1880-1961
702    $7 ba0yba0y $8 fre    $a Wilde $b Cornel $f 1915-1989 $3 13951455 $9 89241
702    $7 ba0yba0y $8 fre    $a Rogers $b Ginger $f 1911-1995 $3 12461107 $9 32708
801    $a FR $b 595126101 $c 20070831 $g AFNOR
995    $0 0 $2 0 $4 0 $5 2007-04-19 $9 209062 $P 42.00 $b MED $c MED $e MED1A $f C0004501082 $h AAPCIFI $k DVD/F HAR $o 0 $p 42.00 $r PRETDVD $s DVDF_HAR $w 21 $y 2023-07-26 $7 VHS

