01093nj  a2200253 n 4500
001 183796
003 http://www.mediathequederoubaix.fr/ark:/20179/KH183796
005 20240506022731.0
035    $a HZ_
071 01 $a OVED 59 $b Virgin
090    $a 183796
091    $a 1 $b 20240506 $c 0
099    $t DV $c 2014-06-30 $d 2024-05-06 $x 0
100    $a 20140630              frey50        
101    $a fre
200    $a Alles is gut $b Enr. sonore $f Deutsch Amerikanische Freundschaft
215    $a 1 disque
327    $a Face A : Sato-sato $a Der Mussolini $a Rote Lippen $a Mein Herz macht Bum $a Der Raüber und der Prinz $a Face B : Ich und die Wirklichkeit $a Als Wär's das letze Mal $a Verlier nicht den Kopf $a Alle gegen alle $a Alles is gut
339    $a m
710 02 $a D.A.F. $c groupe musical
801    $a FR $b 595126101 $c 20070406 $g AFNOR
930    $5 595126101:F DESD 30/2931 $b 595126101 $a F DESD 30/2931 $e Fonds Patrice Desdoit
317    $a Collection de Patrice Desdoit
995    $0 0 $2 0 $4 0 $5 2007-04-06 $9 209273 $b MED $c MED $e MED2D $f F DESD 30/2931 $h PENPDZZ $k F DESD 30/2931 $o 0 $r PRETSON $s F_DESD_30_293100000000000 $w 0 $y 2014-06-30

