03200cam a2200481   4500
001 183951
003 http://www.mediathequederoubaix.fr/ark:/20179/KH183951
010    $a 978-2-7470-2104-3 $b rel. $d 6,90 EUR
020    $a FR $b 00712390
033    $a http://catalogue.bnf.fr/ark:/12148/cb40974205q
035    $a FRBNF40974205000000X
073  0 $a 9782747021043
090    $a 183951
091    $b 20240506 $c 1 $a 2
099    $t LI $c 2014-06-30 $d 2024-05-06 $x 13
100    $a 20070129d2007    a  y0frey50      ba
101 0  $a fre
102    $a FR
105    $a ||||z   00|y|
106    $a r
181  0 $6 01 $a i  $b xxxe  
181    $6 02 $c txt $2 rdacontent
182  0 $6 01 $a n
182    $6 02 $c n $2 rdamedia
200 1  $a Le petit livre pour mieux vivre les secrets en famille $b Texte imprimé $f textes et dessins, Serge Tisseron
210    $a [Paris] $c Bayard jeunesse $d DL 2007 $e impr. en Italie
215    $a 1 vol. (51 p.) $c ill. en noir et en coul., couv. ill. en coul. $d 20 cm
225    $a La collection des petits guides pour comprendre la vie $v 11
321    $a La Revue des livres pour enfants $x 0398-8384
329    $c Intéressant $a Serge Tisseron est psychologue, psychiatre et psychanalyste. L'ouvrage, selon le modèle de la collection, est découpé en cinq chapitres et cet éclatement, s'il gêne l'exposé construit, offre en revanche des approches diversifiées qui permettent à l'auteur de prendre en compte différentes situations que peut vivre un enfant confronté à cette problématique. Il s'attache également à montrer qu'il s'agit là d'histoires familiales où chacun a ses raisons, suppléant ainsi au silence ou aux mensonges des adultes. L'auteur a également illustré l'ouvrage et cela nous vaut une très amusante séquence en bande dessinée : " La légende de Perceval, le chevalier qui ne posait jamais de questions " $d 20070502 $f CH $2 CNLJ $k Avis critique donné par le Centre national de la littérature pour la jeunesse
330    $a L'auteur, psychanalyste, indique que des secrets cachés parfois depuis des générations peuvent avoir une influence négative sur la vie de l'enfant. Il explique comment aller à la rencontre des non-dits afin d'éviter qu'ils ne pèsent sur les plus jeunes.
339    $a a
410  0 $0 39189909 $t Les Petits guides pour dire non $v 11
606    $3 12497414 $9 65293 $7 ba0yba0y $8 fre    $a Secrets de famille $3 12042408 $9 314947 $x Ouvrages pour la jeunesse $2 rameau $9 65293
606    $3 12497414 $9 65293 $a Secrets de famille $2 rameau
608    $3 12042408 $9 314947 $a Ouvrages pour la jeunesse $2 rameau
608    $a Documentaires : sciences humaines $2 CNLJ $k Avis critique donné par le Centre national de la littérature pour la jeunesse
676    $a 158.240 83 $v 23
686    $a 150 $2 Cadre de classement de la Bibliographie nationale française
700    $3 11926702 $9 29510 $o ISNI0000000121287862 $a Tisseron $b Serge $f 1948-.... $4 070
801  0 $a FR $b FR-751131015 $c 20070129 $g AFNOR $h FRBNF40974205000000X $2 intermrc
999    $a FRBNF40974205000000X
995    $0 0 $2 0 $4 0 $5 2009-06-30 $9 209518 $P 6.90 $b MED $c MED $e MED0A $f C0004556867 $h JDT30ZZ $k EXT E/309 FAM $o 0 $p 6.90 $r PRETLIV $s EXT_E_309_000000000000000_FAM $w 12 $y 2022-04-28 $7 Bateau Livre $8  $A  $m  $z 

