01761nj  a22002772  4500
001 184084
003 http://www.mediathequederoubaix.fr/ark:/20179/KH184084
005 20240506023905.0
035    $a HZ_CDM234375
071 01 $a 5109982 $b Sony Music
090    $a 184084
091    $a 1 $b 20240506 $c 0
099    $t DC $c 2014-06-30 $d 2024-05-06 $x 38
100    $a 20070413f20032003m  y0frey5003    ba
101    $a fre
200    $a The essential $b enr. sonore $f The Clash
210    $d 2003
215    $a 2 d.c. $d 12 cm $e 1 dépl. (6 plis ; 12 cm)
327    $a CD 1 : White riot $a 1977 $a London's burning $a Complete control $a Clash city rockers $a I'm so bored with the Usa $a Career opportunities $a Hate & war $a Cheat $a Police & thieves $a Janie Jones $a Garageland $a Capital radio one $a (white man) in hammersmith palais $a English civil war $a Tommy gun $a Safe european home $a Julie's been working for the drug squad $a Stay free $a Groovy times $a I fought the law $a CD 2 : London calling $a The guns of Brixton $a Clampdown $a Rudie can't fail $a Lost in the supermarket $a Jimmy Jazz $a Train in vain $a Bankrobber $a The magnificent seven $a Ivan meets G.I. Joe $a Stop the world $a Somebody got murdered $a The street parade $a Broadway $a This is Radio Clash $a Ghetto defendant $a Rock the casbah $a Straight to hell $a Should I stay or should I go $a This is england
339    $a m
345    $a CDMAIL $b 5099751099826
606 0  $a Musique punk $y Grande-Bretagne $y Angleterre (GB) $x Disques $2 rameau
679    $a 2 $c 60
710    $7 ba0yba0y $8 fre    $a The Clash $c Groupe de rock) $3 13902527 $9 9067
801  0 $a FR $b CDMAIL $c 20070831 $g AFNOR
995    $0 0 $2 0 $4 0 $5 2007-04-14 $9 209779 $P 21.90 $b MED $c MED $e MED1A $f C0004501985 $h AMV20ZZ $k DC/2 CLA 60 $l Contient 2 CDs $o 0 $p 21.90 $r PRETSON $s DC_2_000000000000000_CLA_60 $w 113 $y 2023-11-21 $7 Le temple du disque

