02018cam a2200421   4500
001 184246
003 http://www.mediathequederoubaix.fr/ark:/20179/KH184246
010    $a 2-7373-0264-1 $b rel. $d 85 F
033    $a http://catalogue.bnf.fr/ark:/12148/cb35042739b
035    $a FRBNF350427390000009
039    $o OPL $a 00737827X
090    $a 184246
091    $b 20240506 $c 1 $a 2
099    $t LI $c 2014-06-30 $d 2024-05-06 $x 109
100    $a 19891130d1989    a  y0frey50      ba
101 0  $a fre
102    $a FR
105    $a a   z   00|a|
106    $a r
181  0 $6 01 $a i  $b xxxe   $a b  $b xb2e  
181    $6 02 $c txt $c sti $2 rdacontent
182  0 $6 01 $a n
182    $6 02 $c n $2 rdamedia
200 1  $a La Chasse à l'ours $b Texte imprimé $f racontée par Michael Rosen $g ill. par Helen Oxenbury
210    $a Rennes $c Éd. "Ouest-France" $d 1989 $e Impr. en Italie
215    $a 34 p. $c ill. en coul., couv. ill. en coul. $d 26x29 cm
330    $a Une petite famille part à la chasse à l'ours, surmontant de nombreux obstacles.
339    $a a
454  1 $t We're going on a bear hunt
608    $a Albums $2 CNLJ $k Avis critique donné par le Centre national de la littérature pour la jeunesse
686    $a 823 $2 Cadre de classement de la Bibliographie nationale française
700    $3 12133000 $9 18193 $o ISNI0000000121420512 $a Rosen $b Michael $f 1946-.... $4 070
702    $3 11918322 $9 13821 $o ISNI0000000121414470 $a Oxenbury $b Helen $f 1938-.... $4 440
801  0 $a FR $b FR-751131015 $c 19891130 $g AFNOR $h FRBNF350427390000009 $2 intermrc
999    $a FRBNF350427390000009
995    $0 0 $2 0 $4 0 $5 2008-09-26 $9 209951 $P 14.48 $b MED $c MED $e MED0A $f C0004166230 $h JABPFAF $k EXT PE A/ROS $o 0 $p 14.48 $r PRETLIV $s EXT_PE_A_ROS $w 18 $y 2023-06-22
995    $0 0 $2 0 $4 1 $5 2016-06-30 $9 344093 $P 14.48 $b MED $c MED $e MED2A $f C1300002886 $h JABPFAF $k PE A/OXE $o -4 $p 14.48 $r PRETLIV $s PE_A_OXE $w 50 $y 2022-06-14
995    $0 0 $2 0 $4 0 $5 2018-12-13 $9 386544 $b MED $c MED $e MED0A $f C3500008500 $h JABPFAF $k EXT PE A/ROS $n 2024-10-11 $o 0 $p 13.80 $r PRETLIV $s EXT_PE_A_ROS $u HIVER/NOËL $w 8 $y 2024-02-14

