02129cam a2200421   4500
001 184416
003 http://www.mediathequederoubaix.fr/ark:/20179/KH184416
010    $a 2-87129-890-4 $b br. $d 5,75 EUR
020    $a FR $b 00616262
033    $a http://catalogue.bnf.fr/ark:/12148/cb40109585d
035    $a FRBNF401095850000002
073  0 $a 9782871298908
090    $a 184416
091    $b 20240506 $c 1 $a 2
099    $t LI $c 2014-06-30 $d 2024-05-06 $x 208
100    $a 20060208d2006    m  y0frey50      ba
101 1  $a fre $c jpn
102    $a BE
105    $a ||||t   00|a|
106    $a r
181  0 $6 01 $a i  $b xxxe   $a b  $b xb2e  
181    $6 02 $c txt $c sti $2 rdacontent
182  0 $6 01 $a n
182    $6 02 $c n $2 rdamedia
200 1  $a Naruto $h 21 $b Texte imprimé $f Masashi Kishimoto $g [traduit et adapté du japonais par Sébastien Bigini]
210    $a Bruxelles $a [Paris] $c Dargaud Bénélux-Kana $d DL 2006 $e impr. en Italie
215    $a 1 vol. (209 p.) $c ill., couv. ill., jaquette ill. en coul. $d 18 cm
330    $a Sasuke abandonne ses compagnons et quitte Konoka. Le nouveau Hokage ordonne à Shikamaru, récemment promu ninja, de convoquer Naruto, Neji, Kiba et Chôji pour former un commando. Ces cinq combattants et un chien se lancent donc à la poursuite de Sasuke.
339    $a a
608    $a Bandes dessinées $2 CNLJ $k Avis critique donné par le Centre national de la littérature pour la jeunesse
676    $a 741.5 $v 23
686    $a 803 $2 Cadre de classement de la Bibliographie nationale française
700    $3 14436258 $9 9672 $o ISNI0000000122843920 $a Kishimoto $b Masashi $f 1974-.... $4 070
702    $3 14520798 $9 59207 $o ISNI0000000001011386 $a Bigini $b Sébastien $4 730
801  0 $a FR $b FR-751131015 $c 20060208 $g AFNOR $h FRBNF401095850000002 $2 intermrc
999    $a FRBNF401095850000002
995    $0 3 $2 1 $4 0 $5 2010-06-04 $9 210187 $P 6.25 $V 21 $b MED $c MED $e MED2A $f C0005125643 $h JBDMGZZ $k E BD/MANGAS $n 2022-09-29 $o 4 $p 6.25 $r PRETLIV $s E_BD_MANGAS $w 132 $y 2022-09-08 $7 BD fugue
995    $0 0 $2 1 $4 0 $5 2022-01-18 $9 438487 $P 6.85 $b MED $c MED $e MED2A $f C2500026262 $h JBDMGZZ $k E BD/MANGAS $n 2024-03-16 $o 0 $p 6.85 $r PRETLIV $s E_BD_MANGAS $w 35 $y 2024-02-24

