02521cj  a22003012  4500
001 184599
003 http://www.mediathequederoubaix.fr/ark:/20179/KH184599
005 20240506024901.0
035    $a HZ_CDM709774
071 01 $a OP 30425 $b Naïve
090    $a 184599
091    $a 1 $b 20240506 $c 0
099    $t DC $c 2014-06-30 $d 2024-05-06 $x 3
100    $a 20070625f20062006m  y0frey5003    ba
101    $a fre
200    $a Madrigali guerrieri et amorosi $b Enr. sonore $e Ottavo libro $f Claudio Monteverdi, comp. $g Concerto Italiano $g Rinaldo Alessandrini, dir.
210    $d P 2006
215    $a 3 d.c. $e 1 livre (120 p.; 22 cm)
327    $a CD 1 :  Combattimento di Tancredi e Clorinda $a Il ballo delle ingrate $a CD 2 :  Sinfonia a doi violini e una viola di brazzo $a Altri canti d'Amor, tenero arciero, a sei voci con quattro viole e doi violini $a Lamento de la ninfa $a Vago augelletto, che cantando vai, a sei et sette voci con doi violini e un contrabasso $a Perchè t'en fuggi, o fillide ? a tre $a Altri canti di marte, a sei voci et doi violini $a Ogni amante è guerrier $a Hor che'l ciel e la terra e'l vento tace, a sei voci con doi violini $a Gira il nemico, insidioso amore $a Dolcissimo uscignolo, a cinque voci, cantato a voce piena, alla francese $a Ardo, ardo, avvampo, mi struggo, a otto voci con doi violini $a CD 3 :  Introduzione e Ballo : "Volgendo il ciel per l'immortal sentiero" $a Ballo : "Movete al mio bel suon le piante snelle" $a Tarquinio merula : Sonata XXIV ballo detto pollicio (Canzoni overo sonate..., Venezia, 1637) $a Ballo (parte seconda) $a Se vittorie si belle, a doi tenori $a Su, su, su, pastorelli vezzosi, a tre, doi canti e alto $a Ardo e scoprir, ahi lasso, io non ardisco, a doi tenori $a Chi vol aver felice il core, a cinque voci, cantato a voce piena, alla francese $a Armato il cor d'adamantina fede, a doi tenori $a Mentre vaga angioletta, a doi tenori $a Ninfa che, scalza il piede
339    $a m
345    $a CDMAIL $b 0709861304257
606 0  $7 ba0yba0y $8 fre    $3 12289887 $9 266367 $a Madrigaux (musique) italiens $x Disques $2 rameau
679    $a 3 $c 32
700    $7 ba0yba0y $8 fre    $a Monteverdi $b Claudio $f 1567-1643 $3 13897646 $9 2251
702    $7 ba0yba0y $8 fre    $a Alessandrini $b Rinaldo $f 1960-.... $3 13960146 $9 12001
712    $7 ba0yba0y $8 fre    $a Concerto italiano $3 13980951 $9 29666
801  0 $a FR $b CDMAIL $c 20110616 $g AFNOR
995    $0 0 $2 0 $4 0 $5 2007-07-04 $9 210444 $P 33.92 $b MED $c MED $e MED1A $f C0004710186 $h AMV30ZZ $k DC/3 MON 32 $l Contient 3 dc dans un livre $o 0 $p 33.92 $r PRETSON $s DC_3_000000000000000_MON_32 $w 10 $y 2024-03-29 $7 CDMail

