01075nj  a2200253 n 4500
001 184714
003 http://www.mediathequederoubaix.fr/ark:/20179/KH184714
005 20240506024919.0
035    $a HZ_
071 01 $a 2394 169 $b RSO
090    $a 184714
091    $a 1 $b 20240506 $c 0
099    $t DV $c 2014-06-30 $d 2024-05-06 $x 0
100    $a 20140630              frey50        
101    $a fre
200    $a Children of the world $b Enr. sonore $f Bee Gees
215    $a 1 disque
327    $a Face 1 : You should be dancing $a You stepped into my life $a Love so right $a Lovers $a Can't keep a good man down $a Face 2 : Boogie child $a Love me $a Subway $a The way it was $a Children of the world
339    $a m
710    $7 ba0yba0y $8 fre    $a The Bee Gees $3 13901898 $9 45903
801    $a FR $b 595126101 $c 20070509 $g AFNOR
930    $5 595126101:F DESD 30/3009 $b 595126101 $a F DESD 30/3009 $e Fonds Patrice Desdoit
317    $a Collection de Patrice Desdoit
995    $0 0 $2 0 $4 0 $5 2007-05-09 $9 210558 $b MED $c MED $e MED2D $f F DESD 30/3009 $h PENPDZZ $k F DESD 30/3009 $o 0 $r PRETSON $s F_DESD_30_300900000000000 $w 0 $y 2014-06-30

