01221ncm a2200313 n 4500
001 184831
003 http://www.mediathequederoubaix.fr/ark:/20179/KH184831
005 20220911073036.0
035    $a HZ_
071 01 $a 4954 $b E. & C.
090    $a 184831
091    $a 0
099    $t PA $c 2014-06-30 $d 2022-09-11 $x 0
100    $a                       frey5003    ba
101    $a fre
102    $a   
200    $a J'ai rêvé de t'aimer $b Musique imprimée $f musique de Gustave Goublier $g poésie de Charles Fallot
210    $a Paris $c Enoch $d [ca 192-?]
215    $a 1 partition ([2] f.) $c couv. ill. $d 27 cm
300    $a Cachet de l'éditeur
307    $a Les deux feuillets sont presque détachés
339    $a m
606    $7 ba0yba0y $8 fre    $a Musique imprimée $9 20398
606 0  $a Chansons françaises $x Partitions $2 rameau
701  1 $9 176614 $4 230 $a Goublier $b Gustave
701    $7 ba0yba0y $8 fre    $a Fallot $b Charles $f 1874-1939 $4 070 $9 59892
801    $a FR $b 595126101 $c 20110819 $g AFNOR
930    $5 595126101:C0004014938 $b 595126101 $a BR 4/2824 $e Fonds patrimonial
995    $0 0 $2 0 $4 0 $5 2007-05-11 $9 210680 $P 5.00 $b MED $c MED $e MED3N $f C0004014938 $h PPEPMZZ $k BR 4/2824 $o 2 $p 5.00 $r PRETLIV $s BR_42824_000000000000000 $w 0 $y 2014-06-30 $7 Don

