01113nj  a2200253 n 4500
001 184961
003 http://www.mediathequederoubaix.fr/ark:/20179/KH184961
005 20240506025009.0
035    $a HZ_
071 01 $a 70240 PM 261 $b Virgin
090    $a 184961
091    $a 1 $b 20240506 $c 0
099    $t DV $c 2014-06-30 $d 2024-05-06 $x 0
100    $a 20140630              frey50        
101    $a fre
200    $a The East is red $b Enr. sonore $f Holger Czukay
215    $a 1 disque
327    $a Face 1 : The photo song $a Bänkel rap $a Michy $a Rhönrad $a Collage $a Esperanto Socialiste $a Face 2 : Der Osten ist rot (The East is red) $a Das Massenmedium $a Schaue vertrauensvoll in die Zukunft $a Träum mal wieder
339    $a m
700  1 $7 ba0yba0y $8 fre    $a Czukay $b Holger $f 1938-2017 $3 13892903 $9 54431
801    $a FR $b 595126101 $c 20070511 $g AFNOR
930    $5 595126101:F DESD 30/3047 $b 595126101 $a F DESD 30/3047 $e Fonds Patrice Desdoit
317    $a Collection de Patrice Desdoit
995    $0 0 $2 0 $4 0 $5 2007-05-11 $9 210813 $b MED $c MED $e MED2D $f F DESD 30/3047 $h PENPDZZ $k F DESD 30/3047 $o 0 $r PRETSON $s F_DESD_30_304700000000000 $w 0 $y 2014-06-30

