00934nj  a2200253 n 4500
001 185117
003 http://www.mediathequederoubaix.fr/ark:/20179/KH185117
005 20240506025906.0
035    $a HZ_
071 01 $a 883 270-1 $b Ficsx22
090    $a 185117
091    $a 1 $b 20240506 $c 0
099    $t DV $c 2014-06-30 $d 2024-05-06 $x 0
100    $a 20140630              frey50        
101    $a fre
200    $a In Between days $b Enr. sonore $f The Cure
215    $a 1 disque
327    $a Face B : The exploding boy $a A few hours after this
339    $a m
710    $7 ba0yba0y $8 fre    $a The Cure $3 13902801 $9 11374
801    $a FR $b 595126101 $c 20070519 $g AFNOR
930    $5 595126101:F DESD 30/3075 $b 595126101 $a F DESD 30/3075 $e Fonds Patrice Desdoit
317    $a Collection de Patrice Desdoit
995    $0 0 $2 0 $4 0 $5 2007-05-19 $9 210965 $b MED $c MED $e MED2D $f F DESD 30/3075 $h PENPDZZ $k F DESD 30/3075 $o 0 $r PRETSON $s F_DESD_30_307500000000000 $w 0 $y 2014-06-30

