01478nj  a2200313 n 4500
001 185428
003 http://www.mediathequederoubaix.fr/ark:/20179/KH185428
005 20240506025951.0
035    $a HZ_CDM750062                              
071 01 $a ENJ-9499 2 DEA 590709900 $b Enja
090    $a 185428
091    $a 1 $b 20240506 $c 0
099    $t DC $c 2014-06-30 $d 2024-05-06 $x 7
100    $a 20140630 2007         frey50        
101    $a fre
200    $a Zamazu $b Enr. sonore $f Roberto Fonseca, p
210    $d P 2007
215    $a 1 d.c. $e 1 livret (n.p. ; 12 cm)
323    $a Aussi interprété par : Cachaito Lopez, Vicente Amigo, Carlinhos Brown, Omara Portuondo
327    $a Misa popular $a Tierra en mano $a Clandestino $a Llego cachaito $a Asi baila mi madre $a Congo arabe $a Zamazu $a Suspiro $a Ishmael $a El niejo $a Mil congojas $a Triste alegria $a Zamazamazu $a Dime que no
339    $a m
606 0  $a Jazz $y Cuba $x Disques $2 rameau
679    $a 1
700    $7 ba0yba0y $8 fre    $a Fonseca $b Roberto $f 1975-.... $3 15544627 $9 92450
702  1 $7 ba0yba0y $8 fre    $3 16711497 $9 1856 $7 ba0yba0y $8 fre    $a Amigo $b Vincente $f 1967-....
702    $7 ba0yba0y $8 fre    $a Portuondo $b Omara $f 1930-.... $3 14023405 $9 15726
702    $7 ba0yba0y $8 fre    $a Brown $b Carlinhos $f 1962-.... $3 13981292 $9 44369
801    $a FR $b 595126101 $c 20090917 $g AFNOR
995    $0 0 $2 0 $4 0 $5 2007-06-27 $9 211287 $P 26.35 $b MED $c MED $e MED3C $f C0004708935 $h AMV13ZZ $k DC/1 FON $o 0 $p 26.35 $r PRETSON $s DC_1_000000000000000_FON $w 22 $y 2020-02-12 $7 CDMail

