01074nj  a2200253 n 4500
001 185628
003 http://www.mediathequederoubaix.fr/ark:/20179/KH185628
005 20240506030959.0
035    $a HZ_
071 01 $a Rose 182 $b New Rose
090    $a 185628
091    $a 1 $b 20240506 $c 0
099    $t DV $c 2014-06-30 $d 2024-05-06 $x 0
100    $a 20140630              frey50        
101    $a fre
200    $a What kind of dreams are these $b Enr. sonore $f Snake Farm
215    $a 1 disque
327    $a Face A : Before the summers over $a A nother's blowin in $a My hearts gone crazy $a Sidewinder strikes $a Sweet tooth $a Face B : Father's house $a Spite, sport, mercy, or love $a This old town $a Be my baby $a Only survivors
339    $a m
710 02 $a Snake Farm
801    $a FR $b 595126101 $c 20070602 $g AFNOR
930    $5 595126101:F DESD 30/3236 $b 595126101 $a F DESD 30/3236 $e Fonds Patrice Desdoit
317    $a Collection de Patrice Desdoit
995    $0 0 $2 0 $4 0 $5 2007-06-02 $9 211530 $b MED $c MED $e MED2D $f F DESD 30/3236 $h PENPDZZ $k F DESD 30/3236 $o 0 $r PRETSON $s F_DESD_30_323600000000000 $w 0 $y 2014-06-30

