03345cam a2200529   4500
001 185766
003 http://www.mediathequederoubaix.fr/ark:/20179/KH185766
010    $a 978-2-215-09293-3 $b rel. $d 6,50 EUR
020    $a FR $b 00739685
033    $a http://catalogue.bnf.fr/ark:/12148/cb41047275k
035    $a FRBNF410472750000004
073  0 $a 9782215092933
090    $a 185766
091    $b 20240506 $c 1 $a 2
099    $t LI $c 2014-06-30 $d 2024-05-06 $x 39
100    $a 20070612d2007    a  y0frey50      ba
101 0  $a fre
102    $a FR
105    $a ||||z   00|y|
106    $a r
181  0 $6 01 $a i  $b xxxe  
181    $6 02 $c txt $2 rdacontent
182  0 $6 01 $a n
182    $6 02 $c n $2 rdamedia
200 1  $a Rouleaux et carton $b Texte imprimé $f Denis Cauquetoux
210    $a Paris $c Fleurus $d DL 2007 $e impr. en Belgique
215    $a 1 vol. (37 p.) $c ill. en coul., couv. ill. en coul. $d 24 cm
225    $a Les Petits créateurs $v 17
321    $a La Revue des livres pour enfants $x 0398-8384
329    $c Pourquoi pas ? $a Voici un nouvel ouvrage de Denis Cauquetoux dans la collection " Les Petits créateurs ", avec sa maquette toujours aussi vive et colorée et ses explications claires agrémentées de croquis et de photos. Celui-ci porte cette fois sur les réalisations à faire avec du carton et des rouleaux. Ronds de serviette, jeux d'adresse, dragons, décor de Mille et Une Nuits, théâtre, marionnette : tout ceci pourra naître des mains des petits bricoleurs en herbe et leur faire imaginer d'autres projets. $d 20071011 $f NB $2 CNLJ $k Avis critique donné par le Centre national de la littérature pour la jeunesse
330    $a Des réalisations variées pour jouer ou décorer sa chambre à partir de matériaux à portée de main comme les rouleaux de papier-toilette, les cartons d'emballage ou autres paquets de céréales.
333    $a À partir de 6 ans $2 CNLJ $k Avis critique donné par le Centre national de la littérature pour la jeunesse
339    $a a
410  0 $0 37721486 $t Les Petits créateurs $x 1631-5820 $v 17
606    $3 12138082 $9 20916 $7 ba0yba0y $8 fre    $a Cartonnages $3 12042408 $9 314947 $x Ouvrages pour la jeunesse $2 rameau $9 20916
606    $3 11935477 $9 17578 $7 ba0yba0y $8 fre    $a Activités créatrices et manuelles $3 12042408 $9 314947 $x Ouvrages pour la jeunesse $2 rameau $9 17578
606    $3 11935477 $9 17578 $a Activités créatrices et manuelles $2 rameau
606    $3 12138082 $9 20916 $a Cartonnages $2 rameau
608    $3 12042408 $9 314947 $a Ouvrages pour la jeunesse $2 rameau
608    $a Documentaires : activités, loisirs et divers $2 CNLJ $k Avis critique donné par le Centre national de la littérature pour la jeunesse
676    $a 745.540 83 $v 23
686    $a 740 $2 Cadre de classement de la Bibliographie nationale française
700    $3 13560499 $9 57646 $o ISNI0000000355996143 $a Cauquetoux $b Denis $f 1974?-.... $4 070
801  0 $a FR $b FR-751131015 $c 20070612 $g AFNOR $h FRBNF410472750000004 $2 intermrc
999    $a FRBNF410472750000004
995    $0 0 $2 0 $4 0 $5 2007-06-05 $9 211704 $P 6.50 $b MED $c MED $e MED2A $f C0004475930 $h JDT70ZZ $k E/706 PAP $n 2024-05-15 $o 0 $p 6.50 $r PRETLIV $s E_706_000000000000000_PAP $w 71 $y 2024-04-24 $7 Bateau Livre
995    $0 0 $2 0 $4 0 $5 2007-06-19 $9 211705 $P 6.50 $b MED $c MED $e MED0A $f C0004482181 $h JDT70ZZ $k EXT E/706 PAP $n 2024-07-10 $o 0 $p 6.50 $r PRETLIV $s EXT_E706_PAP $w 14 $y 2023-09-21 $7 Bateau Livre

