01140nj  a2200289 n 4500
001 185917
003 http://www.mediathequederoubaix.fr/ark:/20179/KH185917
005 20240506031127.0
035    $a HZ_
071 01 $a 0025218853026 $b Entreprise
090    $a 185917
091    $a 1 $b 20240506 $c 0
099    $t DC $c 2014-06-30 $d 2024-05-06 $x 4
100    $a 20140630 1973         frey50        
101    $a fre
200    $a Joy $b Enr. sonore $f Isaac Hayes
210    $d P 1973
215    $a 1 d.c. $e 1 dépl.
323    $a Aussi interprété par : Movement Horns ; Memphis Strings ; Hot buttered soul unlimited, choeurs
327    $a Joy $a I love you that's all $a A man will be a man $a The feeling keeps on coming $a I'm gonna make it (without you)
339    $a m
345    $a CDmail
606 0  $7 ba0yba0y $8 fre    $3 11933300 $9 225 $a Soul music $x Disques $y Etats-Unis $2 rameau
679    $a 180
700  1 $a Hayes $b Isaac $f 1942-2008
801    $a FR $b 595126101 $c 20070912 $g AFNOR
995    $0 0 $2 0 $4 0 $5 2007-06-09 $9 211928 $P 13.70 $b MED $c MED $e MED3C $f C0004508466 $h AMV14ZZ $k DC/180 HAY $o 0 $p 13.70 $r PRETSON $s DC_180_000000000000000_HAY $w 32 $y 2021-04-03 $7 Le temple du disque

