03527cam a2200505   4500
001 186075
003 http://www.mediathequederoubaix.fr/ark:/20179/KH186075
010    $a 978-2-87833-413-5 $b rel. $d 12 EUR
020    $a FR $b 00730281
033    $a http://catalogue.bnf.fr/ark:/12148/cb41012214j
035    $a FRBNF410122140000005
073  0 $a 9782878334135
090    $a 186075
091    $b 20240506 $c 1 $a 2
099    $t LI $c 2014-06-30 $d 2024-05-06 $x 59
100    $a 20070412d2007    a  y0frey50      ba
101 1  $a fre $c eng
102    $a FR
105    $a ||||z   00|a|
106    $a r
181  0 $6 01 $a i  $b xxxe  
181    $6 02 $c txt $2 rdacontent
182  0 $6 01 $a n
182    $6 02 $c n $2 rdamedia
200 1  $a Le coq et le renard $b Texte imprimé $f Chris Wormell $g [traduction de l'anglais par Catherine Bonhomme]
210    $a [Paris] $c Circonflexe $d DL 2007 $e impr. à Singapour
215    $a 1 vol. (non paginé [32] p.) $c ill. en coul., couv. ill. en coul. $d 27 cm
225    $a Albums Circonflexe
321    $a La Revue des livres pour enfants $x 0398-8384
321    $a La Revue des livres pour enfants. Sélection annuelle
329    $c Intéressant $a Bien différents d'autres titres de cet auteur qui nous a davantage habitués à sa technique d'illustration proche de la gravure sur bois, Chris Wormell utilise cette fois l'aquarelle pour illustrer cette histoire très classique de ruse et de prise de confiance en soi. Un jeune coq peureux est la risée de la basse-cour jusqu'au jour où sa seule amie Fifi, la poule naine, lui propose de ruser en fabricant un faux renard qu'il pourrait affronter sans crainte devant les autres, mais Rosa a tout entendu et un vrai renard rôdeà Album, certes, des plus traditionnels, sur le fond comme dans la forme, mais qui nous offre une vraie histoire à lire aux petits avec ce qu'il faut d'humour, de suspense et d'émotion. $d 20070531 $f BA $2 CNLJ $k Avis critique donné par le Centre national de la littérature pour la jeunesse
330    $a Le coq Henry est tellement craintif qu'il a peur des oies, des cochons, des souris... Son amie la poule Fifi lui propose de montrer son courage aux autres animaux de la basse-cour, en fabriquant un faux renard et en lui tenant tête. Sur le manque de confiance en soi.
333    $a À partir de 3 ans $2 CNLJ $k Avis critique donné par le Centre national de la littérature pour la jeunesse
339    $a a
410  0 $0 34285562 $t Albums Circonflexe (Paris) $x 1258-3146 $d 2007
454  1 $t Henry and the fox
608    $a Albums $2 CNLJ $k Avis critique donné par le Centre national de la littérature pour la jeunesse
686    $a 809 $2 Cadre de classement de la Bibliographie nationale française
700    $3 12726230 $9 19056 $o ISNI0000000121345137 $a Wormell $b Christopher $f 1955-.... $4 070
702    $3 11892746 $9 4291 $o ISNI0000000121371546 $a Bonhomme $b Catherine $f 1947-.... $4 730
801  0 $a FR $b FR-751131015 $c 20070412 $g AFNOR $h FRBNF410122140000005 $2 intermrc
999    $a FRBNF410122140000005
995    $0 0 $2 0 $4 0 $5 2007-06-19 $9 212103 $P 12.00 $b MED $c MED $e MED0A $f C0004482848 $h JABEFAE $k EXT E A/WOR $n 2024-07-11 $o 0 $p 12.00 $r PRETLIV $s EXT_E_A_WOR $w 12 $y 2023-09-26 $7 Bateau Livre
995    $0 0 $2 0 $4 0 $5 2008-03-21 $9 212104 $P 12.50 $b MED $c MED $e MED0A $f C0004681086 $h JABEFAE $k EXT E A/WOR $n 2024-07-11 $o 0 $p 12.50 $r PRETLIV $s EXT_E_A_WOR $w 16 $y 2023-08-31 $7 Bateau Livre
995    $0 0 $2 0 $4 0 $5 2010-06-04 $9 212105 $P 12.00 $b MED $c MED $e MED0A $f C0005282796 $h JABEFAE $k EXT E A/WOR $n 2024-07-11 $o 0 $p 12.00 $r PRETLIV $s EXT_E_A_WOR $w 39 $y 2023-09-01 $7 Bateau Livre

