02862cam a2200469   4500
001 186265
003 http://www.mediathequederoubaix.fr/ark:/20179/KH186265
010    $a 978-2-211-08730-8 $d 8,50 EUR
020    $a FR $b 00719146
033    $a http://catalogue.bnf.fr/ark:/12148/cb40992293r
035    $a FRBNF409922930000000
073  0 $a 9782211087308
090    $a 186265
091    $b 20240506 $c 1 $a 2
099    $t LI $c 2014-06-30 $d 2024-05-06 $x 4
100    $a 20070306d2007    a  y0frey50      ba
101 0  $a fre
102    $a FR
105    $a ||||z   00|a|
106    $a r
181  0 $6 01 $a i  $b xxxe  
181    $6 02 $c txt $2 rdacontent
182  0 $6 01 $a n
182    $6 02 $c n $2 rdamedia
200 1  $a La poule prend le train $b Texte imprimé $f Christian Oster $g illustrations de Pascal Lemaître
210    $a Paris $c l'École des loisirs $d DL 2007 $e 18-Saint-Amand-Montrond $g Bussière Camedan impr.
215    $a 1 vol. (95 p.) $c ill., couv. ill. en coul. $d 19 cm
225    $a Neuf
321    $a La Revue des livres pour enfants $x 0398-8384
329    $c Bravo ! $a Avec ce nouveau recueil d'histoires courtes, Christian Oster continue à jouer avec les conventions, les personnages et les schémas des contes : des récits pleins d'humour et d'invention, des dialogues savoureux et volontiers absurdes qui réjouiront les amateurs. (F.B.) $d 20070515 $f FB $2 CNLJ $k Avis critique donné par le Centre national de la littérature pour la jeunesse
330    $a Agnès s'est précipitée en train jusqu'à la ferme Boignon à Montigny-le-Chartif, après avoir reçu un mot de sa cousine Rodolphine. Clotilde, une autre poule, a reçu un message similaire de sa nièce, qui habite au même endroit. Or la ferme est silencieuse et semble déserte. Recueil de contes contenant aussi l'histoire du bûcheron au pas-de-porte sans porte, du loup qui voulait devenir comédien...
333    $a À partir de 9 ans $2 CNLJ $k Avis critique donné par le Centre national de la littérature pour la jeunesse
339    $a a
410  0 $0 34229696 $t Neuf (Paris.1984) $x 0295-7191 $d 2007
608    $a Romans $2 CNLJ $k Avis critique donné par le Centre national de la littérature pour la jeunesse
686    $a 809 $2 Cadre de classement de la Bibliographie nationale française
700    $3 12013939 $9 2253 $o ISNI0000000108590103 $a Oster $b Christian $f 1949-.... $4 070
702    $3 12243540 $9 42195 $o ISNI0000000117765729 $a Lemaître $b Pascal $f 1967-.... $4 440
801  0 $a FR $b FR-751131015 $c 20070306 $g AFNOR $h FRBNF409922930000000 $2 intermrc
999    $a FRBNF409922930000000
995    $0 0 $2 0 $4 0 $5 2007-06-15 $9 212373 $P 8.50 $b MED $c MED $e MED2A $f C0004467822 $h JABCTEF $k E C/OST $o 0 $p 8.50 $r PRETLIV $s E_COST $w 8 $y 2021-10-09 $7 Bateau Livre
995    $0 0 $2 0 $4 0 $5 2007-06-16 $9 212374 $P 8.50 $b MED $c MED $e MED0A $f C0004483608 $h JABCTEF $k EXT E C/OST $o 0 $p 8.50 $r PRETLIV $s EXT_E_COST $w 8 $y 2017-03-14 $7 Bateau Livre

