01048nj  a2200253 n 4500
001 186403
003 http://www.mediathequederoubaix.fr/ark:/20179/KH186403
005 20240506032233.0
035    $a HZ_
071 01 $a 6360 071 $b Phonogram
090    $a 186403
091    $a 1 $b 20240506 $c 0
099    $t DV $c 2014-06-30 $d 2024-05-06 $x 0
100    $a 20140630              frey50        
101    $a fre
200    $a Black Sabbath $b Enr. sonore $v Vol. 4 $f Black Sabbath
215    $a 1 disque
327    $a Face 1 : Wheels of confusion $a Tomorrow dream $a Changes $a FX $a Supernaut $a Face 2 : Snowblind $a Cornucopia $a Laguna sunrise $a St. Vitus dance $a Under the sun
339    $a m
710    $7 ba0yba0y $8 fre    $a Black sabbath $3 13902004 $9 3895
801    $a FR $b 595126101 $c 20070620 $g AFNOR
930    $5 595126101:F DESD 30/3347 $b 595126101 $a F DESD 30/3347 $e Fonds Patrice Desdoit
317    $a Collection de Patrice Desdoit
995    $0 0 $2 0 $4 0 $5 2007-06-20 $9 212534 $b MED $c MED $e MED2D $f F DESD 30/3347 $h PENPDZZ $k F DESD 30/3347 $o 0 $r PRETSON $s F_DESD_30_334700000000000 $w 0 $y 2014-06-30

