01044nj  a2200253 n 4500
001 186550
003 http://www.mediathequederoubaix.fr/ark:/20179/KH186550
005 20240506033137.0
035    $a HZ_
071 01 $a 2C 070-64142 $b Chriswick
090    $a 186550
091    $a 1 $b 20240506 $c 0
099    $t DV $c 2014-06-30 $d 2024-05-06 $x 0
100    $a 20140630              frey50        
101    $a fre
200    $a Are you all mine $b Enr. sonore $f Albania
215    $a 1 disque
327    $a Face 1 : So-OK! $a Albania (Are you all mine) $a Addicts of the first night $a Take it away $a Frenc farewell $a Face 2 : Cold light of day $a The great Zambesi $a Kaytie King $a Men in a million $a Deathwatch
339    $a m
710 02 $a Albania
801    $a FR $b 595126101 $c 20070622 $g AFNOR
930    $5 595126101:F DESD 30/3390 $b 595126101 $a F DESD 30/3390 $e Fonds Patrice Desdoit
317    $a Collection de Patrice Desdoit
995    $0 0 $2 0 $4 0 $5 2007-06-22 $9 212676 $b MED $c MED $e MED2D $f F DESD 30/3390 $h PENPDZZ $k F DESD 30/3390 $o 0 $r PRETSON $s F_DESD_30_339000000000000 $w 0 $y 2014-06-30

