01436ng  a2200337 n 4500
001 186707
003 http://www.mediathequederoubaix.fr/ark:/20179/KH186707
005 20240506033205.0
035    $a HZ_RbxHzBib289581
090    $a 186707
091    $a 1 $b 20240506 $c 0
099    $t VD $c 2014-06-30 $d 2024-05-06 $x 32
100    $a 20140630 2006         frey50        
101    $a fre $a eng
200    $a Trois enterrements $b DVD $f Tommy Lee Jones, réal. $g Guillermo Arriaga, scénario $g Marco Beltrani, mus.
210    $a Etats-Unis $c Europacorp $c Javelina films company Inc. $d 2006
215    $a 1 DVD (2h) $c coul., sonore
305    $a Version en français et anglais
323    $a Interprètes : Barry Pepper, Dwight Yoakam, January Jones...[et al.]
327    $a Bonus : les coulisses du tounage
339    $a m
345    $a VHS $b 05009 $d P
606 0  $a Cinéma $y États-Unis $z 1990-.... $2 rameau
700    $7 ba0yba0y $8 fre    $a Jones $b Tommy Lee $f 1946-.... $3 13988250 $4 300 $9 59218
702  1 $a Arriaga Jórdan $b Guillermo $f 1958-.... $4 690
702  1 $4 545 $a Beltrani, $b Marco
702  1 $a Jones $b Jeffrey
702    $7 ba0yba0y $8 fre    $a Yoakam $b Dwight $f 1956-.... $3 13933502 $9 1520
702    $7 ba0yba0y $8 fre    $a Pepper $b Barry $f 1970-.... $3 14214930 $9 85914
801    $a FR $b 595126101 $c 20071103 $g AFNOR
995    $0 0 $2 0 $4 0 $5 2007-07-25 $9 212839 $P 53.60 $b MED $c MED $e MED1A $f C0004712510 $h AAPCIFI $k DVD/F JON $o 0 $p 53.60 $r PRETDVD $s DVD_F_JON $w 87 $y 2021-12-30 $7 VHS

