01408nam a2200313 n 4500
001 186879
003 http://www.mediathequederoubaix.fr/ark:/20179/KH186879
005 20170518175404.0
010    $a 978-2-35145-052-9
033    $a http://catalogue.bnf.fr/ark:/12148/cb41040318b
035    $a HZ_
090    $a 186879
091    $a 0
099    $t LI $c 2014-06-30 $d 2014-06-30 $x 0
100    $a          2007         frey5003    ba
101    $a fre
102    $a   
200    $a La Manufacture d'armes de Saint-Etienne $e la révolution des machines (1850-1870) $f Bernard Bacher, Jean-François Brun, Eric Perrin
210    $a Saint-Etienne $c Ville de Saint Etienne $c Musée d'art et d'industrie $a [Clermont-Ferrand] $c Un, Deux... Quatre éd. $d 2007
215    $a 183 p. $c ill. en noir et en coul., couv. ill. en coul. $d 33 cm
320    $a Bibliogr.
339    $a m
601 02 $a Manufacture française d'armes et cycles de Saint-Étienne $x Périodiques $2 rameau
700  1 $9 208486 $a Bacher $b Bernard
701  1 $9 208488 $a Perrin $b Eric
701  1 $9 47905 $7 ba0yba0y $8 fre    $a Brun $b Jean-François $f 1943-....
801    $a FR $b 595126101 $c 20071208 $g AFNOR
930    $5 595126101:c0004515081 $b 595126101 $a MAG L/P Fol/300 987 $e Fonds patrimonial
995    $0 0 $2 0 $4 0 $5 2007-07-07 $9 213022 $P 25.00 $b MED $c MED $e MED3K $f c0004515081 $h PPEFGZZ $k MAG L/P Fol/300 987 $o 2 $p 25.00 $r PRETLIV $s MAG_LP_FOL300_987_000000000000 $w 0 $y 2014-06-30 $7 Decitre

