02973cam a2200529   4500
001 187092
003 http://www.mediathequederoubaix.fr/ark:/20179/KH187092
010    $a 978-2-35219-026-4 $b rel. $d 13 EUR
020    $a FR $b 00733917
033    $a http://catalogue.bnf.fr/ark:/12148/cb41057735x
035    $a FRBNF41057735000000X
073  0 $a 9782352190264
090    $a 187092
091    $b 20240506 $c 1 $a 2
099    $t LI $c 2014-06-30 $d 2024-05-06 $x 61
100    $a 20070626d2007    a  y0frey50      ba
101 0  $a fre
102    $a FR
105    $a ||||z   00|y|
106    $a r
181  0 $6 01 $a i  $b xxxe  
181    $6 02 $c txt $2 rdacontent
182  0 $6 01 $a n
182    $6 02 $c n $2 rdamedia
200 1  $a Animaux marins $b Texte imprimé $e de la plage aux abysses $f Aline Deprince et Nassera Zaïd
210    $a [Paris] $c Convergences $a [Boulogne-Billancourt] $c TF1 Entreprises $d DL 2007 $e 37-Tours $g Impr. Mame
215    $a 1 vol. (65 p.-1 dépl.) $c ill. en noir et en coul., couv. ill. en coul. $d 29 cm
225    $a Ushuaïa junior
300    $a La couv. porte en plus : "+ 1 poster !"
300    $a Glossaire
321    $a La Revue des livres pour enfants $x 0398-8384
329    $c Intéressant $d 20070912 $2 CNLJ $k Avis critique donné par le Centre national de la littérature pour la jeunesse
330    $a Présente les poissons, les crustacés, les mollusques et les invertébrés qui habitent les écosystèmes marins, et consacre plusieurs pages aux baleines, dauphins et pieuvres. Comment s'organise la vie sous l'eau ? Quelles sont les relations entre l'homme et la mer aujourd'hui? Telles sont les problématiques écologiques et environnementales abordées dans un style journalistique.
339    $a a
410  0 $0 41047070 $t Ushuaïa junior $x 1956-5283 $d 2007
606    $3 11931388 $9 16525 $7 ba0yba0y $8 fre    $a Animaux marins $3 12042408 $9 314947 $x Ouvrages pour la jeunesse $2 rameau $9 16525
606    $3 11931388 $9 16525 $a Animaux marins $2 rameau
608    $3 12042408 $9 314947 $a Ouvrages pour la jeunesse $2 rameau
608    $a Documentaires : sciences et techniques $2 CNLJ $k Avis critique donné par le Centre national de la littérature pour la jeunesse
676    $a 591.770 83 $v 23
686    $a 590 $2 Cadre de classement de la Bibliographie nationale française
700    $3 15548880 $9 93112 $o ISNI0000000073273262 $a Deprince $b Aline $4 070
701    $3 13583502 $9 93113 $o ISNI0000000037459748 $a Zaïd $b Nassera $4 070
801  0 $a FR $b FR-751131015 $c 20070626 $g AFNOR $h FRBNF41057735000000X $2 intermrc
999    $a FRBNF41057735000000X
995    $0 0 $2 0 $4 0 $5 2007-07-13 $9 213220 $P 13.00 $b MED $c MED $e MED2A $f C0004486127 $h JDT50ZZ $k E/591 GEO $o 0 $p 13.00 $r PRETLIV $s E_591_000000000000000_GEO $w 89 $y 2024-04-12 $7 Bateau Livre $z Exemplaire dégradémanque le poster bruno 03112021
995    $0 0 $2 0 $4 0 $5 2007-07-26 $9 213221 $P 13.00 $b MED $c MED $e MED0A $f C0004195417 $h JDT50ZZ $k EXT E/591 GEO $n 2024-07-10 $o 0 $p 13.00 $r PRETLIV $s EXT_E_591_000000000000000_GEO $w 17 $y 2023-09-19 $7 Bateau Livre

