01122nam a2200277 n 4500
001 187297
003 http://www.mediathequederoubaix.fr/ark:/20179/KH187297
005 20160125021028.0
035    $a HZ_
090    $a 187297
091    $a 0
099    $t LI $c 2014-06-30 $d 2014-06-30 $x 0
100    $a                       frey5003    ba
101    $a fre
102    $a   
200    $a Etablissements Henri Pruvost $e grillages Forris $e clôtures diverses, tennis, chenils etc...
210    $a [S.l. $c s.n. $d ca 196-]
215    $a [4] p. $c tout en ill., couv. ill. $d 28 cm
339    $a m
606 0  $9 257729 $a Clôtures $y France $y Roubaix (Nord)
606 0  $9 257730 $a Constructions de jardins $y France $y Roubaix (Nord)
606 0  $9 236813 $a Catalogues commerciaux $y France $y Roubaix (Nord)
710 02 $9 134875 $a Etablissements Henri Pruvost $c Roubaix, Nord $c roubaisien
801    $a FR $b 595126101 $c 20080405 $g AFNOR
930    $5 595126101:C0004152972 $b 595126101 $a RES 4/1279 $e Fonds patrimonial
995    $0 0 $2 0 $4 0 $5 2007-07-19 $9 213495 $b MED $c MED $e MED3P $f C0004152972 $h PPEFGZZ $k RES 4/1279 $o 2 $r PRETLIV $s RES_41279_000000000000000 $w 0 $y 2014-06-30 $7 Don

