01072nj  a2200253 n 4500
001 187488
003 http://www.mediathequederoubaix.fr/ark:/20179/KH187488
005 20240506064911.0
035    $a HZ_
071 01 $a BS 2932 $b Warner Bros. records
090    $a 187488
091    $a 1 $b 20240506 $c 0
099    $t DV $c 2014-06-30 $d 2024-05-06 $x 0
100    $a 20140630              frey50        
101    $a fre
200    $a Lovely night $b Enr. sonore $a Amber cascades $a Don't let it get you down [etc.] $f America
215    $a 1 disque
327    $a Aussi : Can't you see $a Watership down $a She's beside you $a Hideaway part I $a Face 2 : She's a liar $a Letter $a Today's the day $a Jet boy blue $a Who loves you $a Hideaway part II
339    $a m
710 02 $a America
801    $a FR $b 595126101 $c 20070726 $g AFNOR
930    $5 595126101:F DESD 30/3397 $b 595126101 $a F DESD 30/3397 $e Fonds Patrice Desdoit
317    $a Collection de Patrice Desdoit
995    $0 0 $2 0 $4 0 $5 2007-07-26 $9 213760 $b MED $c MED $e MED2D $f F DESD 30/3397 $h PENPDZZ $k F DESD 30/3397 $o 0 $r PRETSON $s F_DESD_30_339700000000000 $w 0 $y 2014-06-30

