01817cam a2200421   4500
001 187724
003 http://www.mediathequederoubaix.fr/ark:/20179/KH187724
010    $a 978-2-296-03329-0 $b br. $d 21,50 EUR
020    $a FR $b 00759739
033    $a http://catalogue.bnf.fr/ark:/12148/cb41160733x
035    $a FRBNF41160733000000X
073  0 $a 9782296033290
090    $a 187724
091    $b 20240506 $c 1 $a 2
099    $t LI $c 2014-06-30 $d 2024-05-06 $x 2
100    $a 20071123d2007    m  y0frey50      ba
101 1  $a fre $c spa
102    $a FR
105    $a ||||z   00|a|
106    $a r
181  0 $6 01 $a i  $b xxxe  
181    $6 02 $c txt $2 rdacontent
182  0 $6 01 $a n
182    $6 02 $c n $2 rdamedia
200 1  $a Quebdani $b Texte imprimé $e chronique d'une vengeance $f Antonio Abad $g traduction de Ramón Romero Naval
210    $a Paris $c l'Harmattan $d DL 2007 $e 14-Condé-sur-Noireau $g Impr. Corlet numérique
215    $a 1 vol. (246 p.) $c couv. ill. $d 22 cm
225    $a Écritures arabes $v 224
330    $a Un enfant kabyle de la tribu de Beni Urriaguel vient d'être vendu à des colons espagnols. En grandissant, l'enfant devenu adulte ourdit sa vengeance contre cette famille chrétienne.
339    $a m
410  0 $0 34232930 $t Écritures arabes $x 0757-1429 $v 224
454  1 $t Quebdani, el cerco de la estirpe
686    $a 803 $2 Cadre de classement de la Bibliographie nationale française
700    $3 14542424 $9 3029 $o ISNI0000000024102168 $a Abad $b Antonio $4 070
702    $3 15060603 $9 53408 $o ISNI0000000002806834 $a Romero Naval $b Ramón $4 730
801  0 $a FR $b FR-751131015 $c 20071123 $g AFNOR $h FRBNF41160733000000X $2 intermrc
999    $a FRBNF41160733000000X
995    $0 0 $2 0 $4 0 $5 2007-07-28 $9 213996 $P 23.00 $b MED $c MED $e MED1A $f C0004561472 $h ALTROZZ $k R/ABA $o 0 $p 23.00 $r PRETLIV $s RABA $w 6 $y 2022-06-22 $7 Majuscule

