01810cam a2200409   4500
001 187920
003 http://www.mediathequederoubaix.fr/ark:/20179/KH187920
010    $a 2-84279-097-9 $b rel. $d 350 F
020    $a FR $b 00157899
033    $a http://catalogue.bnf.fr/ark:/12148/cb37709609g
035    $a FRBNF377096090000004
039    $o OPL $a 027022747
090    $a 187920
091    $b 20240506 $c 1 $a 2
099    $t LI $c 2014-06-30 $d 2024-05-06 $x 0
100    $a 20011220d2001    k  y0frey50      ba
101 0  $a chi $a fre $g fre
102    $a FR
105    $a ||||e   00|||
106    $a r
181  0 $6 01 $a i  $b xxxe  
181    $6 02 $c txt $2 rdacontent
182  0 $6 01 $a n
182    $6 02 $c n $2 rdamedia
200 1  $a Dictionnaire chinois-français du chinois parlé $b Texte imprimé $f Centre de recherches linguistiques sur l'Asie orientale, École des hautes études en sciences sociales, Centre national de la recherche scientifique
210    $a Paris $c Librairie You-Feng $d 2001 $e impr. en Chine
215    $a 1530 p. $d 27 cm $e errata, 2 f.
304    $a Mention parallèle de titre ou de responsabilité : Han-fa kouyu cidian
339    $a m
510 1  $z chi $a Han-fa kouyu cidian
606    $3 11949219 $9 54014 $a Chinois (langue) $3 12037583 $9 5279 $x Dictionnaires français $2 rameau
676    $a 495.134 1 $v 23
686    $a 80  $2 Cadre de classement de la Bibliographie nationale française
710    $3 12067837 $9 93399 $o ISNI0000000121656461 $a Centre de recherches linguistiques sur l'Asie orientale $c Paris $4 070
801  0 $a FR $b FR-751131015 $c 20011220 $g AFNOR $h FRBNF377096090000004 $2 intermrc
999    $a FRBNF377096090000004
995    $0 0 $2 0 $4 0 $5 2007-08-02 $9 214194 $P 53.00 $b MED $c MED $e MED2B $f C0004512067 $h ACFUEZZ $k U ETUD/495.1 DIC $o 2 $p 53.00 $r PRETLIV $s U_ETUD495_1_000000000000000_DI $w 0 $y 2014-06-30 $7 Decitre

