01640na  a2200373 i 4500
001 188060
003 http://www.mediathequederoubaix.fr/ark:/20179/KH188060
005 20240506070124.0
010    $a 2-264-04341-5 $b Poche $d 7.30 EUR
035    $a HZ_2005490798
090    $a 188060
091    $a 2 $b 20240506 $c 0 $s http://www.sudoc.fr/100955738 $m 3
099    $t LI $c 2014-06-30 $d 2024-05-06 $x 3
100    $a 20070711d2006    |  |0frey5003||||ba
101    $a fre $c eng
102    $a FR
105    $a         0||a|
106    $a r
200    $a La vie à deux $f Dorothy Parker $g traduit de l'américain par et préf. Benoîte Groult
205    $a Nouv. éd.
210    $a Paris $c 10-18 $d 2006
211    $a 20060202
215    $a 251 p. $d 18 x 11 cm
225 2  $a 10-18 $v 1599 $i Domaine étranger
330    $a L'auteur nous parle de l'incommunicabilité, de la solitude des couples, et de la recherche désespérée de l'amour. Ses écrits nous renvoient l'écho d'une voix à nulle autre semblable.
339    $a m
345    $b 9782264043412
410    $3 0094690000 $t 10-18 $x 0240-2300 $v 1599
700  1 $7 ba0yba0y $8 fre    $3 12460094 $9 40530 $4 070 $7 ba0yba0y $8 fre    $a Parker $b Dorothy Elizabeth $f 1928-....
702    $7 ba0yba0y $8 fre    $a Groult $b Benoîte $f 1920-2016 $3 14423926 $4 730 $9 23858
801  3 $a FR $b Electre $c 20070711 $g AFNOR
830    $a ELECTREADU/Majuscule/PilonRomans2007/Rachat necessaire 20070808
856 4  $u http://www.electre.com/GetBlob.asp?Ean=9782264043412,0-2005490798&Size=Original
995    $0 0 $2 0 $4 0 $5 2007-09-25 $9 214349 $P 7.30 $b MED $c MED $e MED1A $f C0004533403 $h ALTTCNV $k NVL/PAR $o 0 $p 7.30 $r PRETLIV $s NVLPAR $w 11 $y 2019-05-04 $7 Majuscule

