02498cam a2200481   4500
001 188267
003 http://www.mediathequederoubaix.fr/ark:/20179/KH188267
010    $a 2-35142-049-7 $b br. $d 6,50 EUR
020    $a FR $b 00657743
033    $a http://catalogue.bnf.fr/ark:/12148/cb409356684
035    $a FRBNF409356680000001
073  0 $a 9782351420492
090    $a 188267
091    $b 20240506 $c 1 $a 2
099    $t LI $c 2014-06-30 $d 2024-05-06 $x 97
100    $a 20061108d2006    m  y0frey50      ba
101 1  $a fre $c jpn
102    $a FR
105    $a ||||t   00|a|
106    $a r
181  0 $6 01 $a i  $b xxxe   $a b  $b xb2e  
181    $6 02 $c txt $c sti $2 rdacontent
182  0 $6 01 $a n
182    $6 02 $c n $2 rdamedia
200 1  $a Fullmetal alchemist $h 9 $b Texte imprimé $f Hiromu Arakawa $g [traduit et adapté du japonais par Maiko Okazaki et Fabien Vautrin]
210    $a Paris $c Kurokawa $d DL 2006 $e 27-Évreux $g Impr. Hérissey
215    $a 1 vol. (176 p.) $c ill., couv. ill., jaquette ill. $d 18 cm
225    $a Collection dirigée par Grégoire Hellot
330    $a L'aventure des frères Elric continue avec la découverte des secrets renfermés par le corps de Barry le boucher. Ils tentent de savoir quel est le rôle exact de l'armée dans ce qui semble être un complot à l'envergure de plus en plus incalculable.
339    $a a
410  0 $0 40045704 $t Collection dirigée par Grégoire Hellot $d 2006
454  1 $t Fullmetal alchemist
608    $a Bandes dessinées $2 CNLJ $k Avis critique donné par le Centre national de la littérature pour la jeunesse
676    $a 741.5 $v 23
686    $a 803 $2 Cadre de classement de la Bibliographie nationale française
700    $3 15019633 $9 85724 $o ISNI0000000109145191 $a Arakawa $b Hiromu $f 1973-.... $4 070
702    $3 15019636 $9 85725 $o ISNI0000000003368821 $a Okazaki $b Maiko $4 730
702    $3 15019640 $9 46203 $o ISNI0000000002543480 $a Vautrin $b Fabien $4 730
801  0 $a FR $b FR-751131015 $c 20061108 $g AFNOR $h FRBNF409356680000001 $2 intermrc
999    $a FRBNF409356680000001
995    $0 0 $2 0 $4 0 $5 2007-11-14 $9 214569 $P 6.50 $b MED $c MED $e MED2A $f C0004537562 $h JBDMGZZ $k E BD/MANGAS $o 0 $p 6.50 $r PRETLIV $s E_BD_MANGAS $w 71 $y 2023-06-25
995    $0 0 $2 0 $4 0 $5 2009-07-10 $9 214570 $P 6.50 $b MED $c MED $e MED2A $f C0005070199 $h JBDMGZZ $k E BD/MANGAS $o 0 $p 6.50 $r PRETLIV $s E_BD_MANGAS $w 57 $y 2023-11-18 $7 BD fugue
995    $0 0 $2 0 $4 0 $5 2007-09-13 $9 214571 $P 6.50 $b MED $c MED $e MED2A $f C0004528597 $h JBDMGZZ $k E BD/MANGAS $o 0 $p 6.50 $r PRETLIV $s E_BD_MANGAS $w 72 $y 2024-04-03 $7 BD fugue $8  $A  $m  $z 

