01393nam a2200361   4500
001 188439
003 http://www.mediathequederoubaix.fr/ark:/20179/KH188439
010    $a 978-88-86250-92-4 $d 9 eur
033    $a http://catalogue.bnf.fr/ark:/12148/cb43404037w
035    $a FRBNF434040370000009
039    $o ALS $a 1636879
090    $a 188439
091    $a 2 $b 20240506 $c 1
099    $t LI $c 2014-06-30 $d 2024-05-06 $x 0
100    $a 20080201d2007    m  y0itay50      ba
101 0  $a ita
102    $a IT
105    $a ||||z   00|||
106    $a r
181  0 $6 01 $a i  $b xxxe  
181    $6 02 $c txt $2 rdacontent
182  0 $6 01 $a n
182    $6 02 $c n $2 rdamedia
200 1  $a Cappuccetto Bianco $b Texte imprimé $f Bruno Munari
210    $a Mantoue $c Corraini $d 2007
215    $d 22 x 22cm
333    $a À partir de 6 ans $2 CNLJ $k Avis critique donné par le Centre national de la littérature pour la jeunesse
339    $a a
700    $3 11917223 $9 19310 $o ISNI0000000109235525 $a Munari $b Bruno $4 070
801  0 $c 20080201
999    $a FRBNF434040370000009
995    $0 0 $2 0 $4 0 $5 2007-08-31 $9 214754 $P 14.00 $b MED $c MED $e MED2C $f C0004427490 $h JABLAFI $k E ITA A $o 0 $p 14.00 $r PRETLIV $s E_ITA_A $w 2 $y 2009-07-11 $7 Joker Art Diffusion
995    $0 0 $2 0 $4 0 $5 2007-08-31 $9 214755 $P 14.00 $b MED $c MED $e MED0A $f C0004427872 $h JABLAFI $k EXT E ITAL/A MUN $o 0 $p 14.00 $r PRETLIV $s EXT_E_ITALA_MUN $w 0 $y 2014-06-30 $7 Joker Art Diffusion

