01105ng  a2200253 n 4500
001 188579
003 http://www.mediathequederoubaix.fr/ark:/20179/KH188579
005 20240506071332.0
035    $a HZ_ADAV93642               
090    $a 188579
091    $a 1 $b 20240506 $c 0
099    $t VD $c 2014-06-30 $d 2024-05-06 $x 18
100    $a 20140630 2007         frey50        
101    $a fre
200    $a Anna M $b DVD $f Michel Spinosa, réal., scénario
210    $a France $c Ex Nihilo $c Rhône Alpe cinéma $c Agat film & Cie $d 2007
215    $a 1 DVD (1h 43 min) $c coul., sonore
323    $a Interprètes : Isabelle Carré, Gilbert Melki, Anne Consigny...[et al.]
327    $a Entretiens avec Michel avec Michel Spinosa et Isabelle Carré $a Une comédienne au travail, prise alternatives $a scène commentées
339    $a m
606 0  $a Cinéma $y France $z 1960-1990 $2 rameau
700  1 $a Spinosa $b Michel $f 1963-.... $4 370 $4 690
801    $a FR $b 595126101 $c 20071206 $g AFNOR
995    $0 0 $2 0 $4 0 $5 2007-11-08 $9 214906 $P 41.55 $b MED $c MED $e MED3E $f C0004719229 $h AAPCIFI $k DVD/F SPI $o 0 $p 41.55 $r PRETDVD $s DVD_F_SPI $w 60 $y 2019-03-16 $7 ADAV

