01486cas a2200325   4500
001 188783
003 http://www.mediathequederoubaix.fr/ark:/20179/KH188783
005 20200710115022.0
011    $a 2276-0156
033    $a http://catalogue.bnf.fr/ark:/12148/cb327250087
035 00 $a HZ_RbxHzBib286316
090    $a 188783
091    $a 0
099    $t PE $c 2014-06-30 $d 2015-08-12 $x 0
100    $a 19       1911    k  y0frey5003    ba
101    $a fre
200    $a Bulletin de législation et de jurisprudence $b Microforme $e servi gratuitement aux membres de la "Société industrielle et commerciale de Roubaix"
207    $a N<U+00B0>1(1911, février)-[N<U+00B0>14(1914, janvier)]
210    $a Roubaix $c Société industrielle et commerciale de Roubaix $d 1911-[1914]
215    $a 1 bobine de microfilm $c film positif $d 4 cm
300    $a Reproduction effectuée par la Bibliothèque nationale en 2006
300    $a Lien vers la collection numérisée : https://gallica.bnf.fr/ark:/12148/cb327250087/date
310    $a Emboîtage cartonné
326    $a Mensuel
339    $a m
601 02 $9 134922 $a Société industrielle et commerciale de Roubaix $c Nord $x Périodiques
606 0  $9 254353 $a Presse $y France $y Roubaix (Nord) $z 1870-1914 $x Microformes
801    $a FR $b 595126101 $c 20070918 $g AFNOR
955    $r 1911 (1) ; 1913 (11) ; 1914 (14)
995    $0 0 $2 0 $4 0 $5 2015-08-12 $9 326007 $P 4.00 $b MED $c MED $e MED3T $f P 10333 $h PPEPRZZ $k P 10333 $o 2 $p 4.00 $r PRETPER $s P_10333_000000000000000 $w 0 $y 2015-08-12

