01879cam a2200433   4500
001 188970
003 http://www.mediathequederoubaix.fr/ark:/20179/KH188970
010    $a 2-7436-1301-7 $b br. $d 9,50 EUR
020    $a FR $b 00445033
033    $a http://catalogue.bnf.fr/ark:/12148/cb39241486p
035    $a FRBNF392414860000000
090    $a 188970
091    $b 20240506 $c 1 $a 2
099    $t LI $c 2014-06-30 $d 2024-05-06 $x 7
100    $a 20040921d2004    m  y0frey50      ba
101 1  $a fre $c eng
102    $a FR
105    $a ||||z   00|a|
106    $a r
181  0 $6 01 $a i  $b xxxe  
181    $6 02 $c txt $2 rdacontent
182  0 $6 01 $a n
182    $6 02 $c n $2 rdamedia
200 1  $a Now's the time $b Texte imprimé $f John Harvey $g trad. de l'anglais par Marie et Jean-Paul Gratias
210    $a Paris $c Payot & Rivages $d 2004 $e 18-Saint-Amand-Montrond $g Bussière Camedan impr.
215    $a 370 p. $c couv. ill. $d 17 cm
225    $a Rivages noir $x 0764-7786 $v 526
300    $a Discogr., notes bibliogr., 6 p.
330    $a Chacune de ces douze nouvelles de ce recueil portent le titre d'un morceau de jazz. Les aventures de Charlie Resnick, inspecteur de la police judiciaire de Nottingham continuent.
339    $a m
410  0 $0 34243656 $t Rivages noir $x 0764-7786 $v 526
454  1 $t Now's the time
686    $a 803 $2 Cadre de classement de la Bibliographie nationale française
700    $3 12336213 $9 50075 $o ISNI0000000122827613 $a Harvey $b John $f 1938-.... $4 070
702    $3 14573654 $9 93764 $o ISNI0000000001389303 $a Gratias $b Marie $4 730
702    $3 11905747 $9 1423 $o ISNI000000006156023X $a Gratias $b Jean-Paul $4 730
801  0 $a FR $b FR-751131015 $c 20040921 $g AFNOR $h FRBNF392414860000000 $2 intermrc
999    $a FRBNF392414860000000
995    $0 0 $2 0 $4 0 $5 2007-11-16 $9 215265 $P 9.50 $b MED $c MED $e MED1A $f C0004534946 $h ALTROPL $k RP/HAR $o 0 $p 9.50 $r PRETLIV $s RPHAR $w 16 $y 2022-06-04 $7 Majuscule

