01600nam a2200385   4500
001 189202
003 http://www.mediathequederoubaix.fr/ark:/20179/KH189202
010    $a 978-2-88890-229-4 $b Cart. $d 12.50 EUR
010    $a 2-88890-229-X
033    $a http://catalogue.bnf.fr/ark:/12148/cb43467929q
035    $a FRBNF434679290000001
039    $o ALS $a 1285927
073  0 $a 9782888902294
090    $a 189202
091    $a 2 $b 20240506 $c 1
099    $t LI $c 2014-06-30 $d 2024-05-06 $x 11
100    $a 20070817d2007    m  y0frey50      ba
101 0  $a fre
102    $a CH
105    $a a   z   00|y|
106    $a r
181  0 $6 01 $a i  $b xxxe   $a b  $b xb2e  
181    $6 02 $c txt $c sti $2 rdacontent
182  0 $6 01 $a n
182    $6 02 $c n $2 rdamedia
200 1  $a Le voyage des pères $b Texte imprimé $h 1 $i Jonas $f David Ratte
210    $a Genève (Suisse) $c Paquet $d 2007
215    $a 48 p. $c ill. en coul. $d 32 x 24 cm
330    $a Dans un petit village de pêcheurs en Judée au Ier siècle apr. J.-C., deux hommes s'inquiètent de voir leurs fils, Jacques, Jean, André et Pierre suivre un prétendu messie nommé Jésus.
339    $a m
608    $a Bandes dessinées $2 CNLJ $k Avis critique donné par le Centre national de la littérature pour la jeunesse
700    $3 16059636 $9 93803 $o ISNI0000000061772849 $a Ratte $b David $4 070
801  0 $a FR $b FR-751131015 $c 20070817 $g AFNOR $h FRBNF434679290000001 $2 intermrc
999    $a FRBNF434679290000001
995    $0 0 $2 0 $4 0 $5 2007-10-05 $9 215491 $P 12.50 $b MED $c MED $e MED0C $f C0004535837 $h AAPBDSR $k BD/SERIES $o 0 $p 12.50 $r PRETLIV $s BD_SERIES $w 26 $y 2023-06-06 $7 BD fugue

