01801cam a2200397   4500
001 189371
003 http://www.mediathequederoubaix.fr/ark:/20179/KH189371
010    $a 978-2-258-07428-6 $b br. $d 22 EUR
020    $a FR $b 00755468
033    $a http://catalogue.bnf.fr/ark:/12148/cb41127143f
035    $a FRBNF411271430000000
073  0 $a 9782258074286
090    $a 189371
091    $b 20240506 $c 1 $a 2
099    $t LI $c 2014-06-30 $d 2024-05-06 $x 9
100    $a 20071009d2007    m  y0frey50      ba
101 1  $a fre $c eng
102    $a FR
105    $a ||||z   00|a|
106    $a r
181  0 $6 01 $a i  $b xxxe  
181    $6 02 $c txt $2 rdacontent
182  0 $6 01 $a n
182    $6 02 $c n $2 rdamedia
200 1  $a La vengeance du Nil $b Texte imprimé $e roman $f Wilbur Smith $g traduit de l'anglais (Afrique du Sud) par Thierry Piélat
210    $a [Paris] $c Presses de la Cité $d impr. 2007 $e 18-Saint-Amand-Montrond $g Impr. Bussière
215    $a 1 vol. (586 p.) $c couv. ill. en coul. $d 24 cm
330    $a Les eaux du Nil, principale richesse de l'Egypte, se tarissent. Pharaon demande de l'aide au fidèle Taïta. Ce dernier aura pour mission de remonter jusqu'aux sources du Nil et de découvrir l'origine de ce désastre qui menace la survie de l'Egypte.
339    $a m
454  1 $t The quest
686    $a 803 $2 Cadre de classement de la Bibliographie nationale française
700    $3 11925046 $9 11855 $o ISNI0000000122768107 $a Smith $b Wilbur $f 1933-2021 $4 070
702    $3 12094703 $9 8532 $o ISNI000000007359463X $a Piélat $b Thierry $4 730
801  0 $a FR $b FR-751131015 $c 20071009 $g AFNOR $h FRBNF411271430000000 $2 intermrc
999    $a FRBNF411271430000000
995    $0 0 $2 0 $4 0 $5 2007-10-10 $9 215689 $P 22.00 $b MED $c MED $e MED1A $f C0004538788 $h ALTROHI $k RH/SMI $o 0 $p 22.00 $r PRETLIV $s RH_SMI $w 29 $y 2023-01-19 $7 Majuscule

