02000ng  a2200313 n 4500
001 189506
003 http://www.mediathequederoubaix.fr/ark:/20179/KH189506
005 20240506072645.0
035    $a HZ_VHS
090    $a 189506
091    $a 1 $b 20240506 $c 0
099    $t VD $c 2014-06-30 $d 2024-05-06 $x 10
100    $a 20140630 2001         frey50        
101    $a fre $a ger
200    $a Au loin, les lumières $b DVD $f Hans-Christian Schmid, réal.
205    $a Versions en allemand et en français
210    $a Allemagne $c Claussen et Wöbke Filmproduktion $d 2001
215    $a 1 DVD (1 h 45 min) $c coul., sonore
323    $a Interprètes : Maria Simon, Janek Rieke, Ivan Shvedoff... [et al.]
330    $a Pour certains, c'est le bout du monde ; pour d'autres, le portail d'une nouvelle vie : le fleuve Oder, la frontière entre la Pologne et l'Allemagne, le pôle d'attraction de gens caressant l'espoir d'un monde meilleur. C'est là où des réfugiés ukrainiens viennent marchander leur entrée dans l'Eldorado occidental... Où un jeune trafiquant défie sa famille pour faire sortir sa bien-aimée d'un centre de détention... Où une interprète risque sa carrière et sa liberté pour aider un réfugié illégal... A ce carrefour entre deux mondes, où il s'agit de savoir survivre, des femmes et des hommes ayant tout abandonné, luttent pour garder leur dignité et leurs valeurs. Et si certains espoirs, certains rêves s'évanouissent en fumée, d'autres se réalisent dans une joie feutrée, humbles miracles d'une nouvelle vie.
339    $a m
345    $a VHS $b 15740
606 0  $a Cinéma $y Allemagne $z 1960-1990 $x DVD $2 rameau
700  1 $4 300 $a Schmid $b Hans-Christian
702  1 $a Rieke $b Janek
702  1 $a Shvedoff $b Ivan
702  1 $a Simon $b Maria $f 19..? $x Catalogues d'exposition $2 rameau
801    $a FR $b 595126101 $c 20081017 $g AFNOR
995    $0 0 $2 0 $4 0 $5 2007-11-23 $9 215840 $P 33.90 $b MED $c MED $e MED3E $f C0004550544 $h AAPCIFI $k DVD/F SCH $o 0 $p 33.90 $r PRETDVD $s DVD_F_SCH $w 16 $y 2019-10-31 $7 VHS

