02371cam a2200541   4500
001 189628
003 http://www.mediathequederoubaix.fr/ark:/20179/KH189628
010    $a 978-2-84624-774-0 $b br. $d 14,90 EUR
020    $a FR $b 00754597
033    $a http://catalogue.bnf.fr/ark:/12148/cb41125875h
035    $a FRBNF411258750000003
073  0 $a 9782846247740
090    $a 189628
091    $b 20240506 $c 1 $a 2
099    $t LI $c 2014-06-30 $d 2024-05-06 $x 0
100    $a 20071008d2007    m  y0frey50      ba
101 0  $a fre $a eng
102    $a FR
105    $a ||||z   00|y|
106    $a r
181  0 $6 01 $a i  $b xxxe  
181    $6 02 $c txt $2 rdacontent
182  0 $6 01 $a n
182    $6 02 $c n $2 rdamedia
200 1  $a Le guide du CV en anglais $b Texte imprimé $f Élisabeth Blanchet, Marie-José Zhu
205    $a [Nouvelle éd.]
210    $a Paris $c "L'Étudiant" $d DL 2007 $e 53-Lassay-les-Châteaux $g EMD impr.
215    $a 1 vol. (306 p.) $c ill. $d 21 cm
225    $a [Les guides de "L'Étudiant"] $i Premier emploi
300    $a La couv. porte en plus : "30 exemples de CV commentés"
300    $a Glossaire. Index
308    $a ISSN de la collection principale : 1262-327X. Numérotation dans la collection principale : 407
339    $a m
410  0 $0 34288847 $t Les Guides de l'Étudiant. Série Premier emploi $x 1269-8121 $d 2007
410  0 $0 34286687 $t Les Guides de L'Étudiant $x 1262-327X $v 407
517 1  $a Le guide du curriculum vitae en anglais
606    $3 11981419 $9 65818 $a Curriculum vitae $2 rameau
606    $3 11930898 $9 6655 $a Anglais (langue) $2 rameau
606    $3 11950089 $9 43169 $a Conditions de travail $3 12649070 $9 93529 $y Pays de langue anglaise $2 rameau
608    $3 11975688 $9 1606 $a Guides pratiques $2 rameau
608    $3 12077574 $9 35691 $a Manuels pour locuteurs du français $2 rameau
676    $a 650.142 $v 23
686    $a 650 $2 Cadre de classement de la Bibliographie nationale française
700    $3 14555894 $9 93928 $o ISNI0000000418967826 $a Blanchet $b Élisabeth $f 1970-.... $4 070
701    $3 13167840 $9 93929 $o ISNI0000000418960528 $a Zhu $b Marie-José $4 070
801  0 $a FR $b FR-751131015 $c 20071008 $g AFNOR $h FRBNF411258750000003 $2 intermrc
999    $a FRBNF411258750000003
995    $0 0 $2 0 $4 0 $5 2007-10-20 $9 215950 $P 15.00 $b MED $c MED $e MED2B $f C0004521210 $h ACFUEZZ $k U ETUD/425 BLA $o 2 $p 15.00 $r PRETLIV $s U_ETUD425_BLA $w 0 $y 2014-06-30 $7 Decitre

