02128cam a2200457   4500
001 189793
003 http://www.mediathequederoubaix.fr/ark:/20179/KH189793
010    $a 978-2-7427-7000-7 $b br. $d 6,50 EUR
020    $a FR $b 00757898
033    $a http://catalogue.bnf.fr/ark:/12148/cb41126575x
035    $a FRBNF411265750000001
073  0 $a 9782742770007
090    $a 189793
091    $b 20240506 $c 1 $a 2
099    $t LI $c 2014-06-30 $d 2024-05-06 $x 31
100    $a 20071008d2007    a  y0frey50      ba
101 0  $a fre
102    $a FR
105    $a ||||z   00|a|
106    $a r
181  0 $6 01 $a i  $b xxxe  
181    $6 02 $c txt $2 rdacontent
182  0 $6 01 $a n
182    $6 02 $c n $2 rdamedia
200 1  $a Foot foot foot $b Texte imprimé $f Denis Lachaud $g illustré par Frédéric Rébéna
210    $a Arles $c Actes Sud junior $d impr. 2007 $e 53-Mayenne $g Impr. Floch
215    $a 1 vol. (77 p.) $c ill., couv. ill. en coul. $d 18 cm
225    $a Cadet
329    $d 20071026 $f MaC
330    $a Johann, élève de CM2, est fan de football. Il rêve de battre, avec son équipe, le redoutable Football club de Montreuil.
333    $a À partir de 9 ans $2 CNLJ $k Avis critique donné par le Centre national de la littérature pour la jeunesse
339    $a a
410  0 $0 40159935 $t Cadet (Arles) $x 1954-0280 $d 2007
608    $a Premières lectures $2 CNLJ $k Avis critique donné par le Centre national de la littérature pour la jeunesse
686    $a 809 $2 Cadre de classement de la Bibliographie nationale française
700    $3 13332640 $9 37638 $o ISNI0000000073663922 $a Lachaud $b Denis $f 1964-.... $4 070
702    $3 12554625 $9 35703 $o ISNI0000000120988050 $a Rébéna $b Frédéric $f 1965-.... $4 440
801  0 $a FR $b FR-751131015 $c 20071008 $g AFNOR $h FRBNF411265750000001 $2 intermrc
999    $a FRBNF411265750000001
995    $0 3 $2 1 $4 0 $5 2007-11-09 $9 216218 $P 6.50 $b MED $c MED $e MED2A $f C0004362705 $h JROROZZ $k E R/LAC $n 2022-05-12 $o 4 $p 6.50 $r PRETLIV $s E_R_LAC $w 39 $y 2022-03-31 $7 Bateau Livre
995    $0 0 $2 0 $4 0 $5 2013-10-02 $9 216219 $P 6.50 $b MED $c MED $e MED0A $f C0005859795 $h JROROZZ $k EXT E R/LAC $o 0 $p 6.50 $r PRETLIV $s EXT_E_R_LAC $w 8 $y 2023-06-01

