02291cam a2200457   4500
001 189934
003 http://www.mediathequederoubaix.fr/ark:/20179/KH189934
010    $a 978-2-244-41746-2 $b rel. $d 10 EUR
020    $a FR $b 00760417
033    $a http://catalogue.bnf.fr/ark:/12148/cb411028501
035    $a FRBNF411028500000003
073  0 $a 9782244417462
090    $a 189934
091    $b 20240508 $c 1 $a 2
099    $t LI $c 2014-06-30 $d 2024-05-08 $x 8
100    $a 20070905d2007    a  y0frey50      ba
101 0  $a fre
102    $a FR
105    $a ||||z   00|a|
106    $a r
181  0 $6 01 $a i  $b xxxe  
181    $6 02 $c txt $2 rdacontent
182  0 $6 01 $a n
182    $6 02 $c n $2 rdamedia
200 1  $a 10 contes d'amour $b Texte imprimé $f Gudule $g illustrés par Mayalen Goust
210    $a Champigny-sur-Marne $c Éd. Lito $d DL 2007 $e impr. en UE
215    $a 1 vol. (122 p.) $c ill. en noir et en coul., couv. ill. en coul. $d 25 cm
225    $a Autour du monde
312    $a Autre forme de titre : Dix contes d'amour
330    $a Recueil de contes traditionnels du monde entier autour du thème de l'amour : le mythe de Narcisse qui n'aimait que lui-même, l'histoire italienne d'une jeune fille dont l'amour est si pur qu'elle est prête à tout pour arracher son fiancé des griffes de la Mort, les aventures d'Asmar à la recherche d'un trésor et qui trouve l'amour...
339    $a a
410  0 $0 41160893 $t Autour du monde (Champigny-sur-Marne) $d 2007
517 1  $a Dix contes d'amour
608    $a Contes, légendes et folklore $2 CNLJ $k Avis critique donné par le Centre national de la littérature pour la jeunesse
686    $a 809 $2 Cadre de classement de la Bibliographie nationale française
700    $3 12057597 $9 308631 $a Gudule $f 1945-2015 $4 070
702    $3 13602262 $9 82270 $o ISNI0000000386668409 $a Goust $b Mayalen $f 1976-.... $4 440
801  0 $a FR $b FR-751131015 $c 20070905 $g AFNOR $h FRBNF411028500000003 $2 intermrc
999    $a FRBNF411028500000003
995    $0 0 $2 0 $4 0 $5 2007-11-09 $9 216478 $P 10.00 $b MED $c MED $e MED2A $f C0004543602 $h JABCTEF $k E C/ZTH $o 0 $p 10.00 $r PRETLIV $s E_CZTH $w 28 $y 2020-02-08 $7 Bateau Livre
995    $0 0 $2 0 $4 0 $5 2007-10-27 $9 216479 $P 10.00 $b MED $c MED $e MED0A $f C0004539051 $h JABCTEF $k EXT E C/GUD $o 0 $p 10.00 $r PRETLIV $s EXT_E_CGUD $w 8 $y 2017-06-16 $7 Bateau Livre

