01641cam a2200373   4500
001 190119
003 http://www.mediathequederoubaix.fr/ark:/20179/KH190119
010    $a 978-2-260-01719-6 $b br. $d 15 EUR
020    $a FR $b 00742436
033    $a http://catalogue.bnf.fr/ark:/12148/cb41091330g
035    $a FRBNF410913300000009
073  0 $a 9782260017196
090    $a 190119
091    $b 20240508 $c 1 $a 2
099    $t LI $c 2014-06-30 $d 2024-05-08 $x 1
100    $a 20070814d2007    m  y0frey50      ba
101 0  $a fre
102    $a FR
105    $a ||||z   00|a|
106    $a r
181  0 $6 01 $a i  $b xxxe  
181    $6 02 $c txt $2 rdacontent
182  0 $6 01 $a n
182    $6 02 $c n $2 rdamedia
200 1  $a J'aime pas les autres $b Texte imprimé $e roman $f Jacques A. Bertrand
210    $a Paris $c Julliard $d impr. 2007 $e 18-Saint-Amand-Montrond $g Impr. Bussière
215    $a 1 vol. (123 p.) $c ill., jaquette ill. en coul. $d 21 cm
330    $a Dans la vie, comme en amour, Anatole subit les autres qui ont toujours été là pour lui mettre les bâtons dans les roues. Il a néanmoins découvert l'amour mais les femmes sont, pour lui, des autres à part, inattendues, complexes et étranges.
339    $a m
686    $a 803 $2 Cadre de classement de la Bibliographie nationale française
700    $3 11891742 $9 71176 $o ISNI0000000121207965 $a Bertrand $b Jacques A. $f 1946-2022 $4 070
801  0 $a FR $b FR-751131015 $c 20070814 $g AFNOR $h FRBNF410913300000009 $2 intermrc
999    $a FRBNF410913300000009
995    $0 0 $2 0 $4 0 $5 2007-10-30 $9 216684 $P 15.00 $b MED $c MED $e MED1A $f C0004641997 $h ALTROZZ $k R/BER $o 0 $p 15.00 $r PRETLIV $s RBER $w 10 $y 2016-08-02 $7 Majuscule

