01547nj  a22002892  4500
001 190305
003 http://www.mediathequederoubaix.fr/ark:/20179/KH190305
005 20240508030336.0
035    $a HZ_CDM777860
071 01 $a 991552 $b ULM
090    $a 190305
091    $a 1 $b 20240508 $c 0
099    $t DC $c 2014-06-30 $d 2024-05-08 $x 10
100    $a 20071105f20072007m  y0frey5003    ba
101    $a fre
200    $a From L.A with love $b Enr. sonore $f From leaf to feather, Nobody, Sound directions... [ et al. ]
210    $d P 2007
215    $a 1 d.c. $d 1livret ( n.p.; 12 cm )
327    $a Night sun / From leaf to feather $a All the shallow deep / Nobody $a Wildflower / Sound directions $a Let me know / Tarek " dj dusk " captain $a Just begin / A race of angels $a This dome is our home / Adventure time $a Goodbye / Nathan yell $a No strings attached / Coleman $a 1000 fold / Computer jay $a In the night 22 / Exile $a Killa peach / Georgia anne muldrow $a It's a street / Flying lotus $a Walk away / Take $a I remember John w. Coltrane / Yesterday' s new quintet $a Kobwebs / The gaslamp killer $a Sound at sea / Free moral agents $a Nag champa / Carlos nino & miguel Atwood-Ferguson
339    $a m
345    $a CDMAIL $b 3299039915523
679    $a 2 $c 90.3
701  1 $a Nobody $f 19..-.... $c musicien américain
711 02 $a From leaf to feather
711 02 $a Sound directions
801  0 $a FR $b CDMAIL $c 20071212 $g AFNOR
995    $0 0 $2 0 $4 0 $5 2007-11-07 $9 216872 $P 18.35 $b MED $c MED $e MED1A $f C0004719449 $h AMV40ZZ $k DC/8 A $o 0 $p 18.35 $r PRETSON $s DC_8_000000000000000_A $w 32 $y 2020-06-02 $7 CVS

