01490cam a22003853  4500
001 190460
003 http://www.mediathequederoubaix.fr/ark:/20179/KH190460
010    $a 1-59339-292-3
010    $a 978-1-59339-292-5 $b rel.
033    $a http://catalogue.bnf.fr/ark:/12148/cb42143054d
035    $a FRBNF42143054000000X
090    $a 190460
091    $a 2 $b 20240508 $c 1
099    $t LI $c 2014-06-30 $d 2024-05-08 $x 0
100    $a 20100211d2007    m  y0frey50      ba
101 0  $a eng
102    $a US
105    $a ||||z   00|||
106    $a r
181  0 $6 01 $a i  $b xxxe  
181    $6 02 $c txt $2 rdacontent
182  0 $6 01 $a n
182    $6 02 $c n $2 rdamedia
200 1  $a The new encyclopaedia Britannica $b Texte imprimé $f Encyclopaedia Britannica, inc. $g Jacob E. Safra,...
205    $a 15th ed.
210    $a Chicago $a Paris $c Encyclopaedia britannica $d cop. 2007
215    $a 32 vol. $c ill. $d 29 cm
339    $a m
606    $3 12014375 $9 338051 $a Encyclopédies et dictionnaires anglais $2 rameau
676    $a 032 $v 23
702    $3 14435910 $9 338052 $o ISNI0000000009244328 $a Safra $b Jacob E. $4 651
710    $3 11869222 $9 338053 $o ISNI0000000403882678 $a Encyclopaedia britannica inc. $4 070
801  0 $a FR $b FR-751131015 $c 20100211 $g AFNOR $h FRBNF42143054000000X $2 intermrc
999    $a FRBNF42143054000000X
995    $0 0 $2 0 $4 0 $5 2007-11-10 $9 217020 $P 40.00 $b MED $c MED $e MED2B $f C0004521236 $h ACFUEZZ $k U ETUD/032 BRI $o 2 $p 40.00 $r PRETLIV $s U_ETUD032_BRI $w 0 $y 2014-06-30 $7 Sircam- Encyclopaedia Britannica

