02799cam a2200457   4500
001 190643
003 http://www.mediathequederoubaix.fr/ark:/20179/KH190643
010    $a 2-7427-5657-4 $b br. $d 7,50 EUR
020    $a FR $b 00555335
033    $a http://catalogue.bnf.fr/ark:/12148/cb40058296v
035    $a FRBNF400582960000000
073  0 $a 9782742756575
090    $a 190643
091    $b 20240508 $c 1 $a 2
099    $t LI $c 2014-06-30 $d 2024-05-08 $x 6
100    $a 20051024d2005    a  y0frey50      ba
101 0  $a fre
102    $a FR
105    $a ||||z   00|a|
106    $a r
181  0 $6 01 $a i  $b xxxe  
181    $6 02 $c txt $2 rdacontent
182  0 $6 01 $a n
182    $6 02 $c n $2 rdamedia
200 1  $a Le Petit Chaperon Uf $b Texte imprimé $e un conte du bon vieux temps $e théâtre $f Jean-Claude Grumberg $g illustrations de Benjamin Bachelier
210    $a Arles $c Actes Sud-Papiers $d impr. 2005 $e 42-Saint-Étienne $g Impr. Dumas-Titoulet
215    $a 1 vol. (43 p.) $c ill. en noir et en coul., couv. ill. en coul. $d 21 cm
225    $a Heyoka jeunesse
329    $a **Hanté par la nécessité de transmettre aux enfants la mémoire de l'antisémitisme nazi dont il a souffert pendant son enfance, et par le désir de les alerter sur le risque que de telles horreurs se reproduisent, Jean-Claude Grumberg emprunte le détour de la fable pour formuler un message de respect et de vigilance : à travers le dialogue entre le loup et le Petit Chaperon du conte, c'est la confrontation entre l'innocence et la haine meurtrière qui est mise en scène, avec une vigueur à la fois simple et parfaitement efficace. $d 20051021 $f FB
330    $a Pièce de théâtre adaptée du conte du Petit Chaperon rouge. La petite fille apprend par le loup déguisé en caporal qu'elle est en fait une Uf et qu'elle n'a pas le droit d'avoir du beurre, une galette ou un capuchon rouge, car la loi l'interdit. Une parabole sur l'intolérance.
333    $a À partir de 9 ans $2 CNLJ $k Avis critique donné par le Centre national de la littérature pour la jeunesse
339    $a a
410  0 $0 37010274 $t Heyoka jeunesse $x 1296-154X $d 2005
608    $a Théâtre $2 CNLJ $k Avis critique donné par le Centre national de la littérature pour la jeunesse
676    $a 842.914 (oeuvre) $v 23
686    $a 809 $2 Cadre de classement de la Bibliographie nationale française
700    $3 11906058 $9 132 $o ISNI0000000084110485 $a Grumberg $b Jean-Claude $f 1939-.... $4 070
702    $3 13503039 $9 48148 $o ISNI0000000121417532 $a Bachelier $b Benjamin $f 1975-.... $4 440
801  0 $a FR $b FR-751131015 $c 20051024 $g AFNOR $h FRBNF400582960000000 $2 intermrc
999    $a FRBNF400582960000000
995    $0 0 $2 0 $4 0 $5 2008-02-05 $9 217205 $P 7.50 $b MED $c MED $e MED2A $f C0004671162 $h JTHZZZZ $k E T/GRU $o 0 $p 7.50 $r PRETLIV $s E_T_GRU $w 9 $y 2023-04-02 $7 Bateau Livre

