00721nas a2200217 n 4500
001 190803
003 http://www.mediathequederoubaix.fr/ark:/20179/KH190803
005 20160124231535.0
035    $a HZ_PER_0181
090    $a 190803
091    $a 0
099    $t PE $c 2014-06-30 $d 2014-06-30 $x 0
100    $a          1838         frey5003    ba
101    $a fre
102    $a   
200    $a Publications agricoles $e Société royale des sciences, de l'agriculture et des arts de Lille
210    $a Lille $c Impr. Leleux $d 1838-1852
300    $a Devient "Archives de l'agriculture du Nord de la France"
339    $a m
801    $a FR $b 595126101 $c 20140329 $g AFNOR
955    $r 1842(T4), 1844(T5), 1847(T6), 1848(T7), 1850(T8,9), 1851(T10) 

