02190cam a2200445   4500
001 190981
003 http://www.mediathequederoubaix.fr/ark:/20179/KH190981
010    $a 978-2-02-088427-3 $b br. $d 19 EUR
020    $a FR $b 00761053
033    $a http://catalogue.bnf.fr/ark:/12148/cb41144210f
035    $a FRBNF411442100000009
073  0 $a 9782020884273
090    $a 190981
091    $b 20240508 $c 1 $a 2
099    $t LI $c 2014-06-30 $d 2024-05-08 $x 15
100    $a 20071030d2007    m  y0frey50      ba
101 0  $a fre
102    $a FR
105    $a ||||z   00|y|
106    $a r
181  0 $6 01 $a i  $b xxxe  
181    $6 02 $c txt $2 rdacontent
182  0 $6 01 $a n
182    $6 02 $c n $2 rdamedia
200 1  $a La grande surveillance $b Texte imprimé $e caméras, ADN, portables, Internet... $f Claude-Marie Vadrot
210    $a Paris $c Éd. du Seuil $d DL 2007 $e 61-Lonrai $g Normandie roto impr.
215    $a 1 vol. (251 p.) $d 21 cm
225    $a L'histoire immédiate
300    $a En appendice, extraits de la loi dite "informatique et libertés"
330    $a Ce livre recense, pour s'en inquiéter, les différentes manières dont les citoyens sont surveillés : informatique et croisement des fichiers, multiples formes de lutte antiterroriste et policière, systèmes de surveillance vidéo, analyses comportementales, etc. Il montre, exemples à l'appui, comment cette vigilance de tous les instants menace la liberté individuelle.
339    $a m
410  0 $0 34232288 $t L'Histoire immédiate $x 0750-781X $d 2007
606    $3 12062815 $9 58820 $a Surveillance électronique $3 11931476 $9 109 $y France $2 rameau
606    $3 11935924 $9 35625 $a Droit à la vie privée $3 11931476 $9 109 $y France $2 rameau
676    $a 323.448 2 $v 23
686    $a 320 $2 Cadre de classement de la Bibliographie nationale française
700    $3 11927403 $9 21976 $o ISNI0000000116037324 $a Vadrot $b Claude-Marie $f 1942-.... $4 070
801  0 $a FR $b FR-751131015 $c 20071030 $g AFNOR $h FRBNF411442100000009 $2 intermrc
999    $a FRBNF411442100000009
995    $0 0 $2 0 $4 0 $5 2007-11-27 $9 217586 $P 19.00 $b MED $c MED $e MED3A $f C0004557279 $h ACFSSZZ $k Doc./323 VAD $o 0 $p 19.00 $r PRETLIV $s DOC___323_000000000000000_VAD $w 29 $y 2022-11-22 $7 Decitre

