02382cam a2200445   4500
001 191160
003 http://www.mediathequederoubaix.fr/ark:/20179/KH191160
010    $a 978-2-7470-2426-6 $b rel. $d 10,90 EUR
020    $a FR $b 00755727
033    $a http://catalogue.bnf.fr/ark:/12148/cb41131157w
035    $a FRBNF411311570000002
073  0 $a 9782747024266
090    $a 191160
091    $b 20240508 $c 1 $a 2
099    $t LI $c 2014-06-30 $d 2024-05-08 $x 45
100    $a 20071012d2007    a  y0frey50      ba
101 1  $a fre $c eng
102    $a FR
105    $a ||||z   00|a|
106    $a r
181  0 $6 01 $a i  $b xxxe  
181    $6 02 $c txt $2 rdacontent
182  0 $6 01 $a n
182    $6 02 $c n $2 rdamedia
200 1  $a Monsieur Trompette s'occupe de tout $b Texte imprimé $f Jill Murphy
210    $a [Paris] $c Bayard jeunesse $d DL 2007 $e impr. en Chine
215    $a 1 vol. (non paginé [29] p.) $c ill. en coul., couv. ill. en coul. $d 22 x 27 cm
321    $a La Revue des livres pour enfants $x 0398-8384
329    $c Pourquoi pas ? $d 20080109 $2 CNLJ $k Avis critique donné par le Centre national de la littérature pour la jeunesse
330    $a Ce matin, madame Trompette ne se sent pas très bien et préfère rester au chaud dans son lit. Pas de problème, monsieur Trompette s'occupe de tout : les quatre enfants, le ménage, les courses, le repas, la partie de foot dans le jardin. Madame Trompette va pouvoir se reposer, ou presque. C'est sans compter sur l'agitation qui règne dans la maison.
333    $a À partir de 3 ans $2 CNLJ $k Avis critique donné par le Centre national de la littérature pour la jeunesse
339    $a a
454  1 $t Mr Large in charge
608    $a Albums $2 CNLJ $k Avis critique donné par le Centre national de la littérature pour la jeunesse
686    $a 809 $2 Cadre de classement de la Bibliographie nationale française
700    $3 11917271 $9 13170 $o ISNI0000000434829511 $a Murphy $b Jill $f 1949-2021 $4 070
801  0 $a FR $b FR-751131015 $c 20071012 $g AFNOR $h FRBNF411311570000002 $2 intermrc
999    $a FRBNF411311570000002
995    $0 0 $2 0 $4 0 $5 2007-12-01 $9 217842 $P 10.90 $b MED $c MED $e MED0A $f C0004638790 $h JABPFAF $k EXT PE A/MUR $o 0 $p 10.90 $r PRETLIV $s EXT_PE_A_MUR $w 12 $y 2019-06-20 $7 Bateau Livre
995    $0 3 $2 1 $4 0 $5 2015-01-10 $9 316714 $P 10.90 $b MED $c MED $e MED2A $f C0004557839 $h JABPFAF $k PE A/MUR $n 2018-06-13 $o 4 $p 10.90 $r PRETLIV $s PE_A_MUR $w 40 $y 2018-05-23

