00916nas a2200229 n 4500
001 191312
003 http://www.mediathequederoubaix.fr/ark:/20179/KH191312
005 20180724130725.0
035    $a HZ_PER_0232
090    $a 191312
091    $a 0
099    $t PE $c 2014-06-30 $d 2014-06-30 $x 0
100    $a          1866         frey5003    ba
101    $a fre
102    $a   
200    $a Revue des questions historiques $f dir. de publ. Gaston Du Fresne de Beaucourt
210    $a Paris $c V. Palmé $d 1866-1939
326    $a Trimestriel, puis bimestriel
339    $a m
702  1 $9 290439 $a Beaucourt $b Gaston Du Fresne de $f 1833-1902 $4 651
801    $a FR $b 595126101 $c 20140329 $g AFNOR
955    $r 1866(T1), 1867(T2-T3), 1868(T4-T5), 1869(T6-T7), 1870(T8-T9), 1871(T10), 1872(T13-T14), 1874(T15-T16), 1875(T17-T18), 1876(T19-T20), 1877(T21-T22), 1878(T23-T24), 1879(T25-T26), 1880(T27-T28), 1881(T29-T30), 1882(T31-T32), 1883(T33) 

