01445cj  a22003372  4500
001 191442
003 http://www.mediathequederoubaix.fr/ark:/20179/KH191442
005 20240512020055.0
035    $a HZ_CDM228575
071 01 $a F78819 $b Actes Sud
090    $a 191442
091    $a 1 $b 20240512 $c 0
099    $t DC $c 2014-06-30 $d 2024-05-12 $x 16
100    $a 20080114f20022002m  y0frey5003    ba
101    $a fre
200    $a Le petit ramoneur $b enr. sonore $f Benjamin Britten $g Maîtrise des Hauts-de-Seine, orch. ; Lambert Wilson, récitant ; Philippe Hui, dir.
210    $d P 2002
215    $a 1 d.c. $e 1 Livre (41 p. ; 21 cm)
225 1  $a Les musiques enchantées
300    $a Un opéra pour enfants d'après le livre d'Eric Crozier
339    $a a
345    $a CDMAIL $b 9782742740178
410    $t Les musiques enchantées
606 0  $a Opéras $x Enregistrements sonores pour la jeunesse $2 rameau
679    $a 733
700    $7 ba0yba0y $8 fre    $a Britten $b Benjamin $f 1913-1976 $3 13891862 $9 6665
702  1 $7 ba0yba0y $8 fre    $3 14188464 $9 94517 $7 ba0yba0y $8 fre    $a Hui $b Philippe
702    $7 ba0yba0y $8 fre    $a Wilson $b Lambert $f 1958-.... $3 13901226 $9 7483
712    $7 ba0yba0y $8 fre    $a Maîtrise des Hauts-de-Seine $3 13904797 $9 38749
801  0 $a FR $b CDMAIL $c 20100309 $g AFNOR
995    $0 0 $2 0 $3 0 $4 0 $5 2008-01-31 $9 218123 $P 17.29 $b MED $c MED $e MED2A $f C0004233859 $h JABHLZZ $k E LS C/CRO $l Contient 1 d.c. $o 0 $p 17.29 $r PRETLS $s E_LS_CCRO $w 33 $y 2023-01-28 $7 CDMail $A 0

