00846nas a2200253 n 4500
001 191593
003 http://www.mediathequederoubaix.fr/ark:/20179/KH191593
005 20170518175411.0
011    $a 0041-252x
033    $a http://catalogue.bnf.fr/ark:/12148/cb34411546r
035    $a HZ_PER_0266
090    $a 191593
091    $a 0
099    $t PE $c 2014-06-30 $d 2014-06-30 $x 0
100    $a          1953         frey5003    ba
101    $a fre
102    $a   
200    $a Triades $e revue trimestrielle de culture humaine
210    $a Paris $c Centre Triades $d 1953-1992
300    $a Devient "L'esprit du temps", a pour supplément "Triades : revue trimestrielle de culture humaine. Supplément n<U+00B0>..."
326    $a Trimestriel
339    $a m
801    $a FR $b 595126101 $c 20140329 $g AFNOR
955    $r 1971(2ème trimestre), 1975(3ème trimestre) 

