02201cam a2200469   4500
001 191832
003 http://www.mediathequederoubaix.fr/ark:/20179/KH191832
010    $a 978-2-264-04504-1 $b br. $d 7,30 EUR
020    $a FR $b 00753078
033    $a http://catalogue.bnf.fr/ark:/12148/cb41127447n
035    $a FRBNF411274470000006
073  0 $a 9782264045041
090    $a 191832
091    $b 20240512 $c 1 $a 2
099    $t LI $c 2014-06-30 $d 2024-05-12 $x 9
100    $a 20071009d2007    m  y0frey50      ba
101 1  $a fre $c eng
102    $a FR
105    $a ||||z   00|a|
106    $a r
181  0 $6 01 $a i  $b xxxe  
181    $6 02 $c txt $2 rdacontent
182  0 $6 01 $a n
182    $6 02 $c n $2 rdamedia
200 1  $a Phryne et les anarchistes $b Texte imprimé $f Kerry Greenwood $g traduit de l'anglais par Pascale Haas
210    $a Paris $c 10-18 $d DL 2007 $e 72-La Flèche $g Impr. Brodard & Taupin
214  0 $a Paris $c 10-18 $d DL 2007
214  3 $a 72-La Flèche $c Impr. Brodard & Taupin
215    $a 1 vol. (222 p.) $c couv. ill. en coul. $d 18 cm
225    $a Grands détectives
308    $a Collection principale : 10-18. Numérotation dans la collection principale : 4056
330    $a Alors que Phryne Fisher rentre chez elle, un corps vient heurter le pare-brise de sa voiture. Il s'agit d'un beau jeune homme avec un tatouage d'anarchiste. Enragée par la mort insensée du jeune homme et par les dégâts causés à sa voiture, Phryne se décide à retrouver le responsable. Ses ennuis ne font que commencer...
339    $a m
410  0 $0 34232379 $t 10-18. Série Grands détectives $x 0751-1671 $d 2007
410  0 $0 34227635 $t 10-18 $x 0240-2300 $v 4056
454  1 $t Death at Victoria Dock
686    $a 803 $2 Cadre de classement de la Bibliographie nationale française
700    $3 15069783 $9 275825 $o ISNI0000000063121847 $a Greenwood $b Kerry $f 1954-.... $4 070
702    $3 12318682 $9 2746 $o ISNI0000000439854871 $a Haas $b Pascale $4 730
801  0 $a FR $b FR-751131015 $c 20071009 $g AFNOR $h FRBNF411274470000006 $2 intermrc
999    $a FRBNF411274470000006
995    $0 0 $2 0 $4 0 $5 2007-12-19 $9 218548 $P 7.30 $b MED $c MED $e MED1A $f C0004646329 $h ALTROPL $k RP/GRE $o 0 $p 7.30 $r PRETLIV $s RPGRE $w 22 $y 2024-05-07 $7 Majuscule

