01877cam a2200433   4500
001 192111
003 http://www.mediathequederoubaix.fr/ark:/20179/KH192111
010    $a 2-7073-1304-1 $b br. $d 65 F
020    $a FR $b 08926999
033    $a http://catalogue.bnf.fr/ark:/12148/cb35030322t
035    $a FRBNF350303220000007
039    $o OPL $a 007181674
090    $a 192111
091    $b 20240512 $c 1 $a 2
099    $t LI $c 2014-06-30 $d 2024-05-12 $x 6
100    $a 19890914d1989    m  y0frey50      ba
101 0  $a fre
102    $a FR
105    $a ||||z   00|a|
106    $a r
181  0 $6 01 $a i  $b xxxe  
181    $6 02 $c txt $2 rdacontent
182  0 $6 01 $a n
182    $6 02 $c n $2 rdamedia
200 1  $a Lac $b Texte imprimé $f Jean Echenoz
210    $a Paris $c les Éd. de Minuit $d 1989 $e 61-Alençon $g Normandie Impr.
215    $a 1 vol. (188 p.) $d 19 cm
300    $a Éd. originale
300    $a Tiré à 99 ex. sur vélin chiffon de lana numérotés de 1 à 99 + 7 ex. H. C. numérotés de H.C. I à H. C. VII
330    $a A dix ans, Franck Chopin voulait être vétérinaire ; à vingt ans, chef de la révolution. Ensuite, il étudie les sciences, et son objet d'étude est devenu l'insecte, la mouche, plus précisément.
339    $a m
676    $a 843.914 $v 23
686    $a 823 $2 Cadre de classement de la Bibliographie nationale française
700    $3 11901528 $9 308503 $o ISNI0000000121363239 $a Echenoz $b Jean $f 1947-.... $4 070
703    $3 11901528 $9 308503 $o ISNI0000000121363239 $a Echenoz $b Jean $f 1947-.... $4 390
703    $3 11913061 $9 52493 $o ISNI0000000117364431 $a Lindon $b Jérôme $f 1925-2001 $4 320
801  0 $a FR $b FR-751131015 $c 19890914 $g AFNOR $h FRBNF350303220000007 $2 intermrc
999    $a FRBNF350303220000007
995    $0 1 $2 0 $4 1 $5 2007-12-20 $9 218836 $P 11.00 $b MED $c MED $e MED1A $f C0004670873 $h ALTROZZ $k R/ECH $o 4 $p 11.00 $r PRETLIV $s RECH $w 11 $y 2020-02-11 $7 Majuscule

