02141nam a2200433   4500
001 192339
003 http://www.mediathequederoubaix.fr/ark:/20179/KH192339
010    $a 2-01-200697-3 $b br. $d 69 F
020    $a FR $b 00129975
033    $a http://catalogue.bnf.fr/ark:/12148/cb37683051n
035    $a FRBNF376830510000004
039    $o OPL $a 026492480
073  0 $a 9782012006973 $2 ALS
090    $a 192339
091    $b 20240512 $c 1 $a 2
099    $t LI $c 2014-06-30 $d 2024-05-12 $x 39
100    $a 20010703d2001    a  y0frey50      ba
101 1  $a fre $c eng
102    $a FR
105    $a ||||z   00|a|
106    $a r
181  0 $6 01 $a i  $b xxxe  
181    $6 02 $c txt $2 rdacontent
182  0 $6 01 $a n
182    $6 02 $c n $2 rdamedia
200 1  $a Stormbreaker $b Texte imprimé $f Anthony Horowitz $g trad. de l'anglais par Annik Le Goyat
210    $a [Paris] $c Hachette jeunesse $d 2001 $e 72-La Flèche $g Impr. Brodard et Taupin
215    $a 224 p. $c couv. ill. en coul. $d 20 cm
225 19 $a Alex Rider, quatorze ans, espion malgré lui. $v 1
330    $a A 3 heures du matin, la police vient sonner chez le très jeune Alex Rider pour lui annoncer que son unique parent, son oncle Ian, vient de trouver la mort dans un accident de voiture. L'adolescent va également apprendre que l'énigmatique Ian travaillait pour les services secrets britanniques et il prendra, malgré lui, la suite de cet oncle pour découvrir ce qui se cache derrière le Stormbreaker...
339    $a m
454  1 $t Stormbreaker
608    $a Romans $2 CNLJ $k Avis critique donné par le Centre national de la littérature pour la jeunesse
686    $a 823 $2 Cadre de classement de la Bibliographie nationale française
700    $3 12057458 $9 43562 $o ISNI0000000121489907 $a Horowitz $b Anthony $f 1955-.... $4 070
702    $3 12071975 $9 2604 $o ISNI0000000046513320 $a Le Goyat $b Annick $4 730
801  0 $a FR $b FR-751131015 $c 20010703 $g AFNOR $h FRBNF376830510000004 $2 intermrc
999    $a FRBNF376830510000004
995    $0 0 $2 0 $4 0 $5 2023-01-10 $9 455698 $b MED $c MED $e MED1A $f C1400015506 $h ALTROAD $k ADO R/HOR $o 0 $p 12.10 $r PRETLIV $s ADO_R_HOR $u a comparer avec double $w 3 $y 2024-03-27 $7  $8  $A  $m  $z 

