01011naa a2200241   4500
001 192472
003 http://www.mediathequederoubaix.fr/ark:/20179/KH192472
005 20240512021500.0
035 00 $a HZ_RbxHzBib289647
090    $a 192472
091    $a 2 $b 20240512 $c 0
099    $t AP $c 2014-06-30 $d 2024-05-12 $x 0
100    $a 19               k  y0frey5003    ba
101    $a fre
200    $a La Jenny du petit écran $f texte Claire Ditte $g photos Samuel Dhote
215    $a [5] p. $c ill. en coul.
300    $a In : Pays du Nord = ISSN 1263-8730.- (2008-01/02)N&lt;U+00B0&gt;81, p. 86-90
339    $a m
493    $1 Pays du Nord : Nord-Pas de Calais-Picardie-Belgique / dir. de la publ. Christophe Bonicel . $1 Ed. Freeway , 1994- .
600    $7 ba0yba0y $8 fre    $a Clève $b Jenny $f 1930-.... $3 13986413 $9 286385 $c roubaisien
700  1 $7 ba0yba0y $8 fre    $3 15528352 $9 94912 $7 ba0yba0y $8 fre    $a Ditte $b Claire
702    $4 600 $7 ba0yba0y $8 fre    $a Dhote $b Samuel $f 1971-.... $3 13175758 $9 122518
801    $a FR $b 595126101 $c 20110322 $g AFNOR

