00927nj  a2200253 n 4500
001 192604
003 http://www.mediathequederoubaix.fr/ark:/20179/KH192604
005 20240512021532.0
035    $a HZ_
071 01 $a T'SOM/2380 $b Tsom records inc.
090    $a 192604
091    $a 1 $b 20240512 $c 0
099    $t DV $c 2014-06-30 $d 2024-05-12 $x 0
100    $a 20140630              frey50        
101    $a fre
200    $a Body heat $b Enr. sonore $f Linda Cary
215    $a 1 disque
327    $a Face B : Body Heat - short version $a Body heat - instrumental version
339    $a m
700  1 $a Cary $b Linda
801    $a FR $b 595126101 $c 20080123 $g AFNOR
930    $5 595126101:F DESD 30/3583 $b 595126101 $a F DESD 30/3583 $e Fonds Patrice Desdoit
317    $a Collection de Patrice Desdoit
995    $0 0 $2 0 $4 0 $5 2008-01-23 $9 219461 $b MED $c MED $e MED2D $f F DESD 30/3583 $h PENPDZZ $k F DESD 30/3583 $o 0 $r PRETSON $s F_DESD_30_358300000000000 $w 0 $y 2014-06-30

