01652cam a2200373   4500
001 192778
003 http://www.mediathequederoubaix.fr/ark:/20179/KH192778
010    $a 978-2-246-73261-7 $b br. $d 14,90 EUR
020    $a FR $b 00808919
033    $a http://catalogue.bnf.fr/ark:/12148/cb411843069
035    $a FRBNF411843060000006
073  0 $a 9782246732617
090    $a 192778
091    $b 20240512 $c 1 $a 2
099    $t LI $c 2014-06-30 $d 2024-05-12 $x 11
100    $a 20080115d2007    m  y0frey50      ba
101 0  $a fre
102    $a FR
105    $a ||||z   00|a|
106    $a r
181  0 $6 01 $a i  $b xxxe  
181    $6 02 $c txt $2 rdacontent
182  0 $6 01 $a n
182    $6 02 $c n $2 rdamedia
200 1  $a Mort et vie d'Edith Stein $b Texte imprimé $f Yann Moix
210    $a Paris $c B. Grasset $d impr. 2007 $e 18-Saint-Amand-Montrond $g Impr. Bussière
215    $a 1 vol. (193 p.) $c portr. $d 19 cm
330    $a Récit romancé de la vie de la philosophe allemande d'origine juive, convertie au catholicisme, entrée au Carmel et morte à Auschwitz en 1942, dans lequel l'écrivain s'interroge sur la nature profonde d'Edith Stein, la judéité, la conversion, les relations entre le sacré et le profane, etc.
339    $a m
686    $a 803 $2 Cadre de classement de la Bibliographie nationale française
700    $3 13069492 $9 41306 $o ISNI0000000110551939 $a Moix $b Yann $f 1968-.... $4 070
801  0 $a FR $b FR-751131015 $c 20080115 $g AFNOR $h FRBNF411843060000006 $2 intermrc
999    $a FRBNF411843060000006
995    $0 0 $2 0 $4 0 $5 2008-01-31 $9 219641 $P 14.90 $b MED $c MED $e MED1A $f C0004668779 $h ALTROZZ $k R/MOI $o 0 $p 14.90 $r PRETLIV $s RMOI $w 20 $y 2023-10-07 $7 Majuscule

