01176nam a2200277 n 4500
001 192945
003 http://www.mediathequederoubaix.fr/ark:/20179/KH192945
005 20220701070410.0
035    $a HZ_
090    $a 192945
091    $a 0
099    $t LI $c 2014-06-30 $d 2022-07-01 $x 0
100    $a          2006         frey5003    ba
101    $a fre $a dut
102    $a   
200    $a Mots sans frontières $d Woorden zonder grenzen $f [réalisé par la Province de Flandre occidentale (Belgique) et le Département du Nord (France) $g édito Bernard Derosier, Paul Breyne]
210    $a Lille (Nord) $c Conseil Général $d [2006]
215    $a 260 p. $d 21 cm
339    $a m
702  1 $9 209957 $a Breyne $b Paul
710 02 $9 122995 $a Nord $b Conseil général $x Bandes vidéos
711 02 $9 135132 $a Flandre occidentale (Belgique)
702    $7 ba0yba0y $8 fre    $a Derosier $b Bernard $f 1939-.... $4 080 $9 86549
801    $a FR $b 595126101 $c 20080207 $g AFNOR
930    $5 595126101:C0004670051 $b 595126101 $a MAG L/P 8/116 017 $e Fonds patrimonial
995    $0 0 $2 0 $4 0 $5 2008-02-02 $9 219832 $b MED $c MED $e MED3I $f C0004670051 $h PPEFGZZ $k MAG L/P 8/116 017 $o 2 $r PRETLIV $s MAG_LP_8116_017000000000000 $w 0 $y 2014-06-30 $7 Don

