01673cam a2200373   4500
001 193129
003 http://www.mediathequederoubaix.fr/ark:/20179/KH193129
010    $a 978-2-07-077646-7 $b br. $d 17,90 EUR
020    $a FR $b 00806317
033    $a http://catalogue.bnf.fr/ark:/12148/cb411891942
035    $a FRBNF411891940000000
073  0 $a 9782070776467
090    $a 193129
091    $b 20240512 $c 1 $a 2
099    $t LI $c 2014-06-30 $d 2024-05-12 $x 37
100    $a 20080124d2007    m  y0frey50      ba
101 0  $a fre
102    $a FR
105    $a ||||z   00|a|
106    $a r
181  0 $6 01 $a i  $b xxxe  
181    $6 02 $c txt $2 rdacontent
182  0 $6 01 $a n
182    $6 02 $c n $2 rdamedia
200 1  $a Sur ma mère $b Texte imprimé $e roman $f Tahar Ben Jelloun
210    $a [Paris] $c Gallimard $d impr. 2007 $e 53-Mayenne $g Impr. Floch
215    $a 1 vol. (269 p.) $d 21 cm
330    $a Victime de la maladie d'Alzheimer, la mère de l'auteur a raconté par bribes à son fils, qu'elle ne reconnaissait plus, les événements marquants de son enfance et de sa jeunesse : ses trois mariages et son existence mouvementée dans la médina de Fès, des années 1930 et 1940, au coeur d'un Maroc encore archaïque et féodal.
339    $a m
686    $a 803 $2 Cadre de classement de la Bibliographie nationale française
700    $3 11891139 $9 3559 $o ISNI0000000121355386 $a Ben Jelloun $b Tahar $f 1944-.... $4 070
801  0 $a FR $b FR-751131015 $c 20080124 $g AFNOR $h FRBNF411891940000000 $2 intermrc
999    $a FRBNF411891940000000
995    $0 0 $2 0 $4 0 $5 2008-02-09 $9 220026 $P 17.90 $b MED $c MED $e MED1A $f C1400006381 $h ALTROZZ $k R/BEN $o 0 $p 17.90 $r PRETLIV $s R_BEN $w 54 $y 2024-03-30 $7 Majuscule

