01664na  a22003971i 4500
001 193362
003 http://www.mediathequederoubaix.fr/ark:/20179/KH193362
005 20240512023346.0
010    $a 978-2-7144-4318-2 $b Br. $d 21.00 EUR
010    $a 2-7144-4318-4 $b Br. $d 21.00 EUR
035    $a HZ_2007450248
090    $a 193362
091    $a 2 $b 20240512 $c 0 $s http://www.sudoc.fr/122365305 $m 3
099    $t LI $c 2014-06-30 $d 2024-05-12 $x 12
100    $a 20080207d2008    |  |0frey50  ||||ba
101    $a fre $c eng
102    $a FR
105    $a         0||a|
106    $a r
200    $a Fleur de glace $f Kitty Sewell $g traduit de l'anglais par Oristelle Bonis
210    $a Paris $c Belfond $d 2008
211    $a 20080207
215    $a 408 p. $d 24 x 16 cm
225 2  $a Littérature étrangère
330    $a La lettre d'une jeune fille va bouleverser la vie du chirurgien Dafydd Woodruff. Elle prétend être sa fille et lui annonce qu'elle a aussi un frère jumeau. Désemparé, il part pour Moose Creek sur les traces d'un passé dont il croyait avoir tout oublié. Premier roman.
339    $a m
345    $b 9782714443182
410    $3 0207480000 $t Littérature étrangère $x 0222-5387
676    $a 823.1 $v 99
676    $a 850 $v 99a
700    $7 ba0yba0y $8 fre    $a Sewell $b Kitty $3 15553405 $4 070 $9 95298
702    $7 ba0yba0y $8 fre    $a Bonis $b Oristelle $3 12147731 $4 730 $9 3624
801  3 $a FR $b Electre $c 20080207 $g AFNOR
830    $a ELECTREADU/080229/Majuscule/Cde/RentréeLittéraireFev 20080213
947    $c 21.00
995    $0 0 $2 0 $4 0 $5 2008-03-12 $9 220256 $P 21.00 $b MED $c MED $e MED1A $f C0004676829 $h ALTROZZ $k R/SEW $o 0 $p 21.00 $r PRETLIV $s RSEW $w 40 $y 2019-04-03 $7 Majuscule

