02409cam a2200469   4500
001 193605
003 http://www.mediathequederoubaix.fr/ark:/20179/KH193605
010    $a 978-2-84865-188-0 $b rel. $d 11,50 EUR
020    $a FR $b 00823521
033    $a http://catalogue.bnf.fr/ark:/12148/cb411836642
035    $a FRBNF411836640000001
073  0 $a 9782848651880
090    $a 193605
091    $b 20240512 $c 1 $a 2
099    $t LI $c 2014-06-30 $d 2024-05-12 $x 15
100    $a 20080115d2008    a  y0frey50      ba
101 0  $a fre
102    $a FR
105    $a ||||z   00|||
106    $a r
181  0 $6 01 $a i  $b xxxe  
181    $6 02 $c txt $2 rdacontent
182  0 $6 01 $a n
182    $6 02 $c n $2 rdamedia
200 1  $a J'élève mon robot de compagnie $b Texte imprimé $f Trap & Oiry
210    $a Paris $c Sarbacane $d DL 2008 $e impr. en Belgique
215    $a 1 vol. (60 p.) $c ill. en coul., couv. ill. en coul. $d 26 cm
225    $a Collection dirigée par Gwen de Bonneval
300    $a La couv. porte en plus : "sous la direction du docteur Borg, docteur en robotique, Université d'Automatcity"
321    $a La Revue des livres pour enfants $x 0398-8384
329    $c Intéressant $d 20080401 $f OP $2 CNLJ $k Avis critique donné par le Centre national de la littérature pour la jeunesse
330    $a Le docteur Borg explique comment bien éduquer son robot dans ce manuel composé de fiches techniques, planches de BD et grandes illustrations, qui reprend, à grand renfort de fiction, les origines, l'anatomie, l'entretien et les secrets de machines cybernétiques...
333    $a À partir de 11 ans $2 CNLJ $k Avis critique donné par le Centre national de la littérature pour la jeunesse
339    $a a
410  0 $0 41222576 $t Collection dirigée par Gwen de Bonneval $d 2008
608    $a Bandes dessinées $2 CNLJ $k Avis critique donné par le Centre national de la littérature pour la jeunesse
686    $a 804 $2 Cadre de classement de la Bibliographie nationale française
700    $3 14537617 $9 72646 $o ISNI0000000003096467 $a Trap $f 1968-.... $4 070
701    $3 14559695 $9 38462 $o ISNI0000000003002846 $a Oiry $b Stéphane $f 1970-.... $4 070
801  0 $a FR $b FR-751131015 $c 20080115 $g AFNOR $h FRBNF411836640000001 $2 intermrc
999    $a FRBNF411836640000001
995    $0 0 $2 0 $4 0 $5 2008-02-27 $9 220539 $P 11.50 $b MED $c MED $e MED2A $f C0004674869 $h JBDPFZZ $k E BD/OIR $o 0 $p 11.50 $r PRETLIV $s E_BD_OIR $w 31 $y 2024-05-02 $7 BD fugue

