02262cam a2200457   4500
001 193780
003 http://www.mediathequederoubaix.fr/ark:/20179/KH193780
010    $a 978-2-268-06337-9 $b br. $d 18 EUR
020    $a FR $b 00837575
033    $a http://catalogue.bnf.fr/ark:/12148/cb412599537
035    $a FRBNF412599530000003
073  0 $a 9782268063379
090    $a 193780
091    $b 20240512 $c 1 $a 2
099    $t LI $c 2014-06-30 $d 2024-05-12 $x 16
100    $a 20080520d2008    m  y0frey50      ba
101 0  $a fre
102    $a MC
105    $a ||||z   00|y|
106    $a r
181  0 $6 01 $a i  $b xxxe  
181    $6 02 $c txt $2 rdacontent
182  0 $6 01 $a n
182    $6 02 $c n $2 rdamedia
200 1  $a Le moine de Mahomet $b Texte imprimé $e l'entourage judéo-chrétien à La Mecque au VIe siècle $f Ahmed Youssef $g préface de Théo Klein
210    $a [Monaco] $a [Paris] $c Éd. du Rocher $d impr. 2008 $e 77-Courtry $g Impr. Sagim-Canale
215    $a 1 vol. (189 p.) $c couv. ill. en coul. $d 22 cm
225    $a Document
300    $a En appendice, choix de documents
330    $a L'influence des chrétiens et des juifs dans la construction de l'islam. Examine les figures des mentors chrétiens du Prophète, sa première femme Khadija et son cousin Waraqa, prêtre nazaréen de La Mecque, puis, après leur mort, lors de la fuite à Médine, la protection du rabbin Ibn Sallam, dont la conversion sera source de tensions durables.
339    $a m
410  0 $0 34237757 $t Collection Documents (Éd. du Rocher) $d 2008
600    $3 12411455 $9 95486 $a Mahomet $f 057.-0632 $c prophète de l'Islam $x Compagnons $2 rameau
605    $3 11955326 $9 95487 $a Coran $x Relation avec la Bible $2 rameau
606    $3 12044838 $9 36074 $a Islam $x Relations $3 11993880 $9 95488 $z 6e siècle $2 rameau
676    $a 297.280 9 $v 23
686    $a 290 $2 Cadre de classement de la Bibliographie nationale française
700    $3 12194171 $9 95489 $o ISNI000000012133514X $a Youssef $b Ahmed $f 1955-.... $4 070
801  0 $a FR $b FR-751131015 $c 20080520 $g AFNOR $h FRBNF412599530000003 $2 intermrc
999    $a FRBNF412599530000003
995    $0 1 $2 0 $4 0 $5 2008-03-08 $9 220730 $P 18.00 $b MED $c MED $e MED3A $f C0004675653 $h ACFREZZ $k Doc./252 PER $o 4 $p 18.00 $r PRETLIV $s DOC__252_000000000000000_PER $w 51 $y 2024-02-17 $7 Decitre

