01129nj  a2200265 n 4500
001 193958
003 http://www.mediathequederoubaix.fr/ark:/20179/KH193958
005 20240512024226.0
035    $a HZ_
071 01 $a 88697198682 $b Sony bmg music
090    $a 193958
091    $a 1 $b 20240512 $c 0
099    $t DC $c 2014-06-30 $d 2024-05-12 $x 14
100    $a 20140630 1986         frey50        
101    $a fre
200    $a Meteo für nada $b Enr. sonore $f Hubert Felix Thiefaine
210    $d P 1986
215    $a 1 d.c. $e 1 Livret (n.p. ; 12 cm)
327    $a Dies ole sparadrap Joey $a Zone chaude, môme $a Precox éjaculator $a Narine narchande $a Affaire Rimbaud $a Bipède a station verticale $a Sweet amanite phalloîde queen $a Diogène serie 87 $a Errer humanum est
339    $a m
345    $a Temple du disque
679    $a 099.2
700    $7 ba0yba0y $8 fre    $a Thiéfaine $b Hubert-Félix $f 1948-.... $3 12076462 $9 14014
801    $a FR $b 595126101 $c 20080402 $g AFNOR
995    $0 0 $2 0 $4 0 $5 2008-03-15 $9 220918 $P 11.45 $b MED $c MED $e MED3C $f C0004565816 $h AMV80ZZ $k DC/099.2 THI $o 0 $p 11.45 $r PRETSON $s DC_099_200000000000000_THI $w 41 $y 2019-12-07 $7 Le temple du disque

