00957nas a2200277 n 4500
001 194316
003 http://www.mediathequederoubaix.fr/ark:/20179/KH194316
005 20170518175617.0
011    $a 0027-0768
033    $a http://catalogue.bnf.fr/ark:/12148/cb32820094m
035    $a HZ_PER_0316
090    $a 194316
091    $a 0
099    $t PE $c 2014-06-30 $d 2014-06-30 $x 0
100    $a          1936         frey5003    ba
101    $a fre
102    $a   
200    $a Les monuments historiques de la France $f dir. de publ. Jean Salusse
207    $a 1936(1/2)-1939, 1955(1)-1971, 1972(1)-1977(1)
210    $a Paris $c Commission des monuments historiques et de la Commission supérieure des monuments naturels et des sites $d 1936-1977
300    $a Devient "MH. Monuments historiques"
326    $a Bimestriel
339    $a m
702  1 $9 210206 $4 651 $a Salusse $b Jean
801    $a FR $b 595126101 $c 20140329 $g AFNOR
955    $r 1974(1-4), 1975(1,3-6), 1977(1) 

