03859cam a2200505   4500
001 194450
003 http://www.mediathequederoubaix.fr/ark:/20179/KH194450
010    $a 978-2-87833-441-8 $b rel. $d 15 EUR
020    $a FR $b 00816963
033    $a http://catalogue.bnf.fr/ark:/12148/cb411945240
035    $a FRBNF411945240000009
073  0 $a 9782878334418
090    $a 194450
091    $b 20240512 $c 1 $a 2
099    $t LI $c 2014-06-30 $d 2024-05-12 $x 4
100    $a 20080204d2008    a  y0frey50      ba
101 1  $a fre $c eng
102    $a FR
105    $a ||||z   00|a|
106    $a r
181  0 $6 01 $a i  $b xxxe  
181    $6 02 $c txt $2 rdacontent
182  0 $6 01 $a n
182    $6 02 $c n $2 rdamedia
200 1  $a Souris et singeries $b Texte imprimé $e leçons de vie tirées des fables d'Esope $f Christopher Wormell $g [traduit de l'américain par Nathalie Beau]
210    $a [Paris] $c Circonflexe $d DL 2008 $e impr. en Italie
215    $a 1 vol. (non paginé [52] p.) $c ill. en coul., couv. ill. en coul. $d 27 cm
225    $a Albums Circonflexe
321    $a La Revue des livres pour enfants $x 0398-8384
321    $a Escales en littérature de jeunesse $c 2013
329    $c Coup de coeur ! $a Du corbeau qui trouve moyen de boire dans une cruche au lion sauvé par la souris, 21 fables d'Esope. A droite : de grandes et très belles gravures sur bois aux couleurs magnifiques, à gauche : la morale de la fable, mystérieuse ou familière. Une invitation pour les lecteurs très jeunes à entrer librement dans les images et à réfléchir à ces leçons de sagesse :"Unis, nous résistons, divisés, nous ne pouvons vaincre","Les belles plumes ne font pas les beaux oiseaux","Si tu rends service à un méchant, n'attends pas de récompense","Les petits amis peuvent se révéler de grands amis". Ces phrases très courtes, comme des devinettes, incitent à retrouver à la fin du livre chaque histoire racontée. C'est un livre pour tous, beau, charmant, amusant et éducatif aussi : pour re-découvrir cette littérature ancienne, source de bien des récits. $d 20080219 $f MB $2 CNLJ $k Avis critique donné par le Centre national de la littérature pour la jeunesse
329    $c Coup de coeur ! $a Vingt-et-une fables d'Ésope traduites, adaptées au plus près et illustrées par Christopher Wormell. Ce livre plaira très tôt par sa beauté et aussi son côté ludique. Les plus grands feront la démarche de retrouver la fable en fin de livre. Un bel instrument pour entrer dans cette littérature ancienne, mère de bien de nos récits. $d 20131001 $2 CNLJ $k Avis critique donné par le Centre national de la littérature pour la jeunesse
330    $a Sur chaque double page, une morale de fable et son illustration. Une vingtaine de textes sont ainsi illustrés. A la fin du livre, les fables sont reprises dans leur intégralité sous une forme adaptée.
333    $a À partir de 6 ans $2 CNLJ $k Avis critique donné par le Centre national de la littérature pour la jeunesse
339    $a a
410  0 $0 34285562 $t Albums Circonflexe (Paris) $x 1258-3146 $d 2008
454  1 $t Mice, morals & monkey business
608    $a Contes, légendes et folklore $2 CNLJ $k Avis critique donné par le Centre national de la littérature pour la jeunesse
686    $a 809 $2 Cadre de classement de la Bibliographie nationale française
700    $3 12726230 $9 19056 $o ISNI0000000121345137 $a Wormell $b Christopher $f 1955-.... $4 070
702    $3 11929800 $9 25427 $o ISNI0000000120317310 $a Ésope $f 0620?-0560? av. J.-C. $4 100
702    $3 13340385 $9 65413 $o ISNI0000000001717426 $a Beau $b Nathalie $4 440
801  0 $a FR $b FR-751131015 $c 20080204 $g AFNOR $h FRBNF411945240000009 $2 intermrc
999    $a FRBNF411945240000009
995    $0 0 $2 0 $4 0 $5 2008-03-25 $9 221716 $P 15.00 $b MED $c MED $e MED0A $f C0004575065 $h JDT80ZZ $k EXT E T/ESO $o 0 $p 15.00 $r PRETLIV $s EXT_E_TESO $w 6 $y 2017-03-14 $7 Bateau Livre

