02030cam a2200421   4500
001 194636
003 http://www.mediathequederoubaix.fr/ark:/20179/KH194636
010    $a 978-2-268-06463-5 $b br. $d 23 EUR
020    $a FR $b 00840787
033    $a http://catalogue.bnf.fr/ark:/12148/cb412243187
035    $a FRBNF412243180000008
073  0 $a 9782268064635
090    $a 194636
091    $b 20240512 $c 1 $a 2
099    $t LI $c 2014-06-30 $d 2024-05-12 $x 5
100    $a 20080320d2008    m  y0frey50      ba
101 1  $a fre $c eng
102    $a MC
105    $a ||||z   00|a|
106    $a r
181  0 $6 01 $a i  $b xxxe  
181    $6 02 $c txt $2 rdacontent
182  0 $6 01 $a n
182    $6 02 $c n $2 rdamedia
200 1  $a La fille du colibri $b Texte imprimé $f Luis Alberto Urrea $g traduit de l'anglais (États-Unis) par Élodie Duparay
210    $a Monaco $a [Paris] $c Éd. du Rocher $d impr. 2008 $e 77-Courtry $g Impr. SAGIM-CANALE
215    $a 1 vol. (476 p.) $c couv. ill. $d 24 cm
225    $a Terres étrangères
330    $a A la fin du XIXe siècle, au nord du Mexique, une Indienne illettrée est mise enceinte à l'âge de 14 ans par don Tomas Urrea, un riche propriétaire terrien. Elle donne naissance à Teresita qui très tôt se distingue par ses dons et attire l'attention d'Huila, la femme-médecin du ranch de son père. Cette dernière en fait alors son apprentie et lui enseigne ses secrets.
339    $a m
410  0 $0 38975306 $t Terres étrangères $x 2072-4268 $d 2008
454  1 $t The hummingbird's daughter
686    $a 803 $2 Cadre de classement de la Bibliographie nationale française
700    $3 15725771 $9 95734 $o ISNI0000000114954604 $a Urrea $b Luis Alberto $f 1955-.... $4 070
702    $3 15723807 $9 95735 $o ISNI000000000466012X $a Duparay $b Élodie $4 730
801  0 $a FR $b FR-751131015 $c 20080320 $g AFNOR $h FRBNF412243180000008 $2 intermrc
999    $a FRBNF412243180000008
995    $0 0 $2 0 $4 0 $5 2008-03-28 $9 221950 $P 23.00 $b MED $c MED $e MED1A $f C0004665535 $h ALTROZZ $k R/URR $o 0 $p 23.00 $r PRETLIV $s R_URR $w 17 $y 2023-07-27 $7 Majuscule

