00920nj  a2200253 n 4500
001 194784
003 http://www.mediathequederoubaix.fr/ark:/20179/KH194784
005 20240512025409.0
035    $a HZ_
071 01 $a STD 1204 $b STD
090    $a 194784
091    $a 1 $b 20240512 $c 0
099    $t DV $c 2014-06-30 $d 2024-05-12 $x 0
100    $a 20140630              frey50        
101    $a fre
200    $a Etoile du Nord $b Enr. sonore $f Nacht und Nebel
215    $a 1 disque
327    $a Face B : Etoile du Nord (7" version) $a Etoile du Nord (Club mix)
339    $a m
710 02 $a Nacht und Nebel
801    $a FR $b 595126101 $c 20080328 $g AFNOR
930    $5 595126101:F DESD 30/3655 $b 595126101 $a F DESD 30/3655 $e Fonds Patrice Desdoit
317    $a Collection de Patrice Desdoit
995    $0 0 $2 0 $4 0 $5 2008-03-28 $9 222097 $b MED $c MED $e MED2D $f F DESD 30/3655 $h PENPDZZ $k F DESD 30/3655 $o 0 $r PRETSON $s F_DESD_30_365500000000000 $w 0 $y 2014-06-30

