01980cam a2200421   4500
001 194939
003 http://www.mediathequederoubaix.fr/ark:/20179/KH194939
010    $a 978-2-87929-460-5 $b br. $d 21 EUR
020    $a FR $b 00809513
033    $a http://catalogue.bnf.fr/ark:/12148/cb41188043n
035    $a FRBNF411880430000001
073  0 $a 9782879294605
090    $a 194939
091    $b 20240512 $c 1 $a 2
099    $t LI $c 2014-06-30 $d 2024-05-12 $x 3
100    $a 20080122d2008    m  y0frey50      ba
101 1  $a fre $c eng
102    $a FR
105    $a ||||z   00|y|
106    $a r
181  0 $6 01 $a i  $b xxxe  
181    $6 02 $c txt $2 rdacontent
182  0 $6 01 $a n
182    $6 02 $c n $2 rdamedia
200 1  $a La vie d'après $b Texte imprimé $f Donald Antrim $g traduit de l'anglais (États-Unis) par Francis Kerline
210    $a [Paris] $c Éd. du Seuil $d DL 2008 $e 61-Lonrai $g Normandie roto impr.
215    $a 1 vol. (218 p.) $c couv. ill. $d 21 cm
330    $a Autobiographie axée sur le personnage de la mère, que D. Antrim examine avec émotion. De la belle jeune femme qui épouse un professeur de littérature à l'alcoolique destructrice qui instrumentalise son enfant, ce récit suit l'évolution de la personne maternelle et les conséquences de sa dépendance sur les siens.
339    $a m
454  1 $t The afterlife
600    $3 13499735 $9 47311 $a Antrim $b Donald $f 1959-.... $3 11933986 $9 1625 $x Famille $2 rameau
676    $a 818.603 (oeuvre) $v 23
686    $a 920 $2 Cadre de classement de la Bibliographie nationale française
700    $3 13499735 $9 47311 $o ISNI0000000078369351 $a Antrim $b Donald $f 1959-.... $4 070
702    $3 12057452 $9 38166 $o ISNI0000000054337590 $a Kerline $b Francis $f 1956-.... $4 730
801  0 $a FR $b FR-751131015 $c 20080122 $g AFNOR $h FRBNF411880430000001 $2 intermrc
999    $a FRBNF411880430000001
995    $0 0 $2 0 $4 0 $5 2008-04-01 $9 222256 $P 21.00 $b MED $c MED $e MED1A $f C0004631976 $h ALTTLZZ $k LIT/ANT $o 0 $p 21.00 $r PRETLIV $s LITANT $w 13 $y 2016-08-02 $7 Majuscule

