01920ng  a2200325 n 4500
001 195139
003 http://www.mediathequederoubaix.fr/ark:/20179/KH195139
005 20240512030409.0
035    $a HZ_ADAV76514               
090    $a 195139
091    $a 1 $b 20240512 $c 0
099    $t VD $c 2014-06-30 $d 2024-05-12 $x 28
100    $a 20140630 1989         frey50        
101    $a fre
200    $a Monsieur Hire $b DVD $f Patrice Leconte, réal., scénario, adapt., dial. $g D'aprés le roman de Georges Simenon "les fiançailles de Mr Hire" $g Michael Nyman., mus
210    $a France $c Cinéa $c Hachette Première et Cie $c FR3 films productions $d 1989
215    $a 1 DVD (1h 16 min) $c coul., sonore
323    $a Interprètes : Michel Blanc, Sandrine Bonnaire, Luc Thuillier...[et al.]
327    $a Bonus : Cannes 1989 $a Interview de Patrice Leconte $a Conference de presse $a Souvenir de Cannes $a Commentaire audio de Patrice Leconte
330    $a M. Hire vit depuis des années dans le même appartement, ni pauvre ni riche. Il attend. Alice, qui loge dans un studio juste en face, se rend brusquement compte qu'il l'observe depuis des mois. Il sait tout d'elle et en tombe amoureux, alors qu'Alice est éprise d'Emile et prête a tout pour le protéger.
339    $a m
606 0  $a Cinéma $y France $z 1960-1990 $x DVD $2 rameau
700    $3 11912006 $7 ba0yba0y $8 fre    $a Leconte $b Patrice $f 1947-.... $4 370 $4 690 $4 090 $4 010 $9 78268
702  1 $a Blanc $b Michel $f 1952-....
702  1 $a Thuillier $b Luc
702    $7 ba0yba0y $8 fre    $a Bonnaire $b Sandrine $f 1967-.... $3 12389919 $9 83993
702    $3 11924796 $7 ba0yba0y $8 fre    $a Simenon $b Georges $f 1903-1989 $4 070 $9 3851
702    $7 ba0yba0y $8 fre    $a Nyman $b Michael $f 1944-.... $3 13898053 $4 545 $9 20960
801    $a FR $b 595126101 $c 20110409 $g AFNOR
995    $0 0 $2 0 $4 0 $5 2008-04-29 $9 222459 $P 50.00 $b MED $c MED $e MED1A $f C0004571215 $h AAPCIFI $k DVD/F LEC $o 0 $p 50.00 $r PRETDVD $s DVD_F_LEC $w 58 $y 2023-12-22 $7 ADAV

