01074nj  a2200253 n 4500
001 195250
003 http://www.mediathequederoubaix.fr/ark:/20179/KH195250
005 20240512030432.0
035    $a HZ_
071 01 $a 6499 153 $b Mercury
090    $a 195250
091    $a 1 $b 20240512 $c 0
099    $t DV $c 2014-06-30 $d 2024-05-12 $x 0
100    $a 20140630              frey50        
101    $a fre
200    $a Never a dull moment $b Enr. sonore $f Rod Stewart
215    $a 1 disque
327    $a Face 1 : True blue $a Lost paraguayos $a Mama you been on my mind $a Italian girls $a Face 2 : Angel $a Interludings $a You wear it well $a I'd rather go blind $a Twistin' the night away
339    $a m
700    $7 ba0yba0y $8 fre    $a Stewart $b Rod $f 1945-.... $3 13900064 $9 9422
801    $a FR $b 595126101 $c 20080410 $g AFNOR
930    $5 595126101:F DESD 30/3767 $b 595126101 $a F DESD 30/3767 $e Fonds Patrice Desdoit
317    $a Collection de Patrice Desdoit
995    $0 0 $2 0 $4 0 $5 2008-04-10 $9 222575 $b MED $c MED $e MED2D $f F DESD 30/3767 $h PENPDZZ $k F DESD 30/3767 $o 0 $r PRETSON $s F_DESD_30_376700000000000 $w 0 $y 2014-06-30

