01915nam a2200313 n 4500
001 195398
003 http://www.mediathequederoubaix.fr/ark:/20179/KH195398
005 20180724125818.0
035    $a HZ_
090    $a 195398
091    $a 0
099    $t LI $c 2014-06-30 $d 2014-06-30 $x 0
100    $a          2008         frey5003    ba
101    $a fre
102    $a FR
200    $a L' orientation sociale du tiers-ordre franciscain en France $e et la Fraternité des Hommes de Roubaix, 1893-1901 $f [Jean-Marie Burnod]
210    $a [Lille $c Médiathèque de Roubaix $d 2008]
215    $a Pp. 63-85 $d 30 cm
300    $a In : "Mélanges de science religieuse, XXXVIII, n<U+00B0> 2, 1981"
305    $a Edité à l'origine par les Facultés catholiques de Lille
307    $a Photocopies
330    $a A la fin du XIXe siècle, le Tiers-Ordre franciscain, mouvement de spiritualité venant du Moyen-Age, abandonnant son image de pieuse confrérie, manifeste un intérêt croissant pour les questions sociales. Proches du mouvement démocrate-chrétien, il fait tout spécialement une critique sévère du capitalisme. C'est cette évolution sociale que l'auteur cherche à retracer à travers la vie d'une fraternité locale, celle de Roubaix. Les tertiaires de cette ville en pleine expansion industrielle participèrent, en effet, à toutes les mutations, en adhérant à de nombreuses formes d'associations, oeuvres ou syndicats.
339    $a m
601 02 $9 135233 $a Fraternité des Hommes de Roubaix $c Roubaix, Nord $z 19e siècle
601 02 $9 135234 $a Franciscains récollets $c Roubaix, Nord $z 19e siècle
700  1 $9 288671 $a Burnod $b Jean-Marie
801    $a FR $b 595126101 $c 20080717 $g AFNOR
930    $5 595126101:C0004660438 $b 595126101 $a RES 4/1297 $e Fonds patrimonial
995    $0 0 $2 0 $4 0 $5 2008-04-19 $9 222738 $b MED $c MED $e MED3P $f C0004660438 $h PPEFGZZ $k RES 4/1297 $o 2 $r PRETLIV $s RES_41297_000000000000000 $w 0 $y 2014-06-30 $7 Don

