02909nj  a22003252  4500
001 195618
003 http://www.mediathequederoubaix.fr/ark:/20179/KH195618
005 20240512031441.0
035    $a HZ_CDM726652
071 01 $a 6893013025 $b Union Square Music
090    $a 195618
091    $a 1 $b 20240512 $c 0
099    $t DC $c 2014-06-30 $d 2024-05-12 $x 24
100    $a 20080428f20082008m  y0frey5003    ba
101    $a fre
200    $a Greatest ever new wave hits $b Enr. sonore $f Tears for fears, Altered Images, Bow wow wow...[et al.]
210    $d P 2008
215    $a 3 d.c. $e 3 Dépliant (12 cm)
225 1  $a CD 1 : Head over heels / Tears for fears
327    $a I could be happy / Altered Images $a Go wild in the country / Bow wow wow $a Tears are not enough / ABC $a You spin me round (Like a record) / Dead or alive $a Obsession / Animotion $a Love & Pride / King $a Real wild child (Wild one) / Iggy Pop $a I know what boys like / The Waitresses $a Perfect skin / Llyod Cole & The commotion $a Wishing (If i had a photograph of you) / A flock of seagulls $a I'm in love with a German film star / The passions $a Wouldn't it be good / Nik Kershaw $a E=mc2 / Big Audio Dynamite $a 99 red balloons / Nena $a Happy talk / Captain Sensible $a Nellie the elephant / Toy Dolls $a CD 2 : World shut your mouth / Julian Cope $a Pretty in pink / The Psychedelic furs $a It's different for girls / Joe Jackson $a Cool for cats / Squeeze $a Pop muzik / M $a Fade to grey / Visage $a Einstein a go-go / Landscape $a Da da da (I don't love you, you don't love me aha aha aha) / Trio $a Brilliant mind / Furniture $a Ever so lonely / Monsoon $a Quiet life / Japan $a New England / Kirsty MacColl $a Change your mind / Sharpe & Numan $a Wordy rappinghood (you don't stop) / Tom Tom club $a John Wayne is big leggy / Haysi fantayzee $a Feels like heaven / Fiction factory $a You will always find me in the kitchen at parties / Jona Lewie $a CD 3 : Eton rifles / The jam $a Reward / The Teardrop explodes $a Eloise / The Damned $a Cherry bomb / The Runaways $a Banana splits / The Dickies $a Hurry up Harry / Sham 69 $a Swords of a thousand men / Tempole tudor $a Lucky number / Lene Lovich $a Eighty day / Hazel O'Connor $a Back of my hand / Jags $a Boxerbeat / Jo Boxers $a Do anything you wanna do / Eddies & The hot rods $a Jilted John / Jilted John $a Two pints of lager and a packet of crisps please / Splodgenessabounds $a I got you / Split Enz $a This town ain't big enough for the both of Us / Sparks
339    $a m
345    $a CDMAIL $b 0698458411327
410    $t Greatest ever!
606 0  $a New wave $x Disques $2 rameau
679    $a 2 $c 70
710    $7 ba0yba0y $8 fre    $a Tears for fears $3 13906954 $9 3858
711 02 $a Altered Image
711 02 $a Bow wow wow
801  0 $a FR $b CDMAIL $c 20080517 $g AFNOR
995    $0 0 $2 0 $4 0 $5 2008-04-30 $9 222949 $P 16.42 $b MED $c MED $e MED1A $f C0004606921 $h AMV20ZZ $k COFFRET/2 A 70 $l 3 CD dans 1 boitier cartonn $o 0 $p 16.42 $r PRETSON $s COFFRET_2_000000000000000_A_70 $w 94 $y 2022-10-27 $7 CVS

