01585ng  a2200313 n 4500
001 195837
003 http://www.mediathequederoubaix.fr/ark:/20179/KH195837
005 20240512031521.0
035    $a HZ_ADAV103585               
090    $a 195837
091    $a 1 $b 20240512 $c 0
099    $t VD $c 2014-06-30 $d 2024-05-12 $x 31
100    $a 20140630 1996         frey50        
101    $a fre $a eng
200    $a Basquiat $b DVD $f Julian Schnabel, réal., scénario $g D'aprés une histoire de Lech J.Majewski
210    $a Etats-Unis $c Eleventh Street Productions $d 1996
215    $a 1 DVD (1h 45 min) $c coul., sonore
305    $a Version en français et anglais
323    $a Interprètes : Jeffrey Wright, David Bowie, Dennis Hopper...[et al.]
330    $a Hommage a Basquiat, premier artiste noir a avoir vraiment reussi dans le puissant monde des arts, disparu en 1988 a l'age de vingt-sept ans, a travers l'evocation de sa vie et de son oeuvre.
339    $a m
600    $7 ba0yba0y $8 fre    $a Basquiat $b Jean-Michel $f 1960-1988 $3 12048473 $9 64170 $x DVD $2 rameau $9 64170
606  1 $a Cinéma $y États-Unis $z 1990-.... $2 rameau
700    $7 ba0yba0y $8 fre    $a Schnabel $b Julian $f 1951-.... $3 12151051 $4 370 $4 690 $9 96196
702  1 $a Wright $b Jeffrey $f 1965-....
702    $7 ba0yba0y $8 fre    $a Hopper $b Dennis $f 1936-2010 $3 13895321 $9 14064
702    $3 11893660 $7 ba0yba0y $8 fre    $a Bowie $b David $f 1947-2016 $9 3114
801    $a FR $b 595126101 $c 20080614 $g AFNOR
995    $0 0 $2 0 $4 0 $5 2008-06-14 $9 223171 $P 50.00 $b MED $c MED $e MED1A $f C0004607642 $h AAPCIFI $k DVD/F SCH $o 0 $p 50.00 $r PRETDVD $s DVD_F_SCH $w 68 $y 2023-02-11 $7 ADAV

