01967njm a2200421   4500
001 196010
003 http://www.mediathequederoubaix.fr/ark:/20179/KH196010
033    $a http://catalogue.bnf.fr/ark:/12148/cb383949369
035    $a FRBNF383949360000009
039    $o OPC $a 003092920
071 01 $b Versailles $a 4889492 $c coffret $d CB 662
073  0 $a 5099748894922
090    $a 196010
091    $b 20240512 $c 1 $a 2
099    $t LI $c 2014-06-30 $d 2024-05-12 $x 5
100    $a 19980415d1997    u  y0frey50      ba
101 0  $a eng
102    $a EU
126    $a aguxhxx||||||zd $b bex
181  0 $6 01 $a d  $b bxxa  
181    $6 02 $c prm $2 rdacontent
182  0 $6 01 $a a
182    $6 02 $c s $2 rdamedia
200 1  $a American dream $b Enregistrement sonore $f Bill Withers, Joan Baez, Aretha Franklin... [et al.], chant $g Fleetwood Mac, Kansas, the Bangles... [et al.], groupes voc. et instr.
210    $a Paris $c Flammarion $d impr. 2008 $e 27-Le Mesnil-sur-l'Estrée $g Impr. Firmin-Didot
215    $a 2 disques compacts
300    $a New York : prod. Sony music entertainment Inc. , P 1997
330    $a Recueil de nouvelles fantastiques, faisant suite à Mauvais sangs, où la raison côtoie la folie, où superstitions et intuitions prennent le pas sur le réel. Un jeune homme file une femme, obsédé par sa bouche qu'il croit être celle de sa mère décédée ; un jeune psychiatre à qui l'on confie une patiente refusant de parler ou de montrer son visage ; etc.
339    $a m
608    $a pop, rock $2 frTAV
608    $a rock $2 frTAV
712 02 $3 13934169 $9 328634 $a Sony music entertainment international $4 650
712 02 $3 13933501 $9 328635 $a Sony music France $4 310
712 02 $3 13933501 $9 328635 $a Sony music France $4 630
712 02 $3 13933459 $9 328636 $a Sony music entertainment inc. $c États-Unis $4 630
716    $3 13878010 $a Versailles $f 1955-....
801  0 $a FR $b FR-751131015 $c 19980415 $g AFNOR $h FRBNF383949360000009 $2 intermrc
999    $a FRBNF383949360000009

