01119nj  a2200265 n 4500
001 196188
003 http://www.mediathequederoubaix.fr/ark:/20179/KH196188
005 20240512032655.0
035    $a HZ_CDM807156                              
071 01 $a 1749640 $b Universal Music
090    $a 196188
091    $a 1 $b 20240512 $c 0
099    $t DC $c 2014-06-30 $d 2024-05-12 $x 41
100    $a 20140630 2008         frey50        
101    $a fre
200    $a Worrisome heart $b Enr. sonore $f Melody Gardot
210    $d P 2008
215    $a 1 d.c. $e 1 Dépliant (12 cm)
327    $a Worrisome heart $a All that i need is love $a Gone $a Sweet memory $a Some lessons $a Quiet fire $a One day $a Love me like a river does $a Goodnite $a Twlight
339    $a m
606    $7 ba0yba0y $8 fre    $a Chanteuses de jazz $3 12166760 $9 231 $x Disques $2 rameau $9 231
679    $a 1
700    $7 ba0yba0y $8 fre    $a Gardot $b Melody $f 1985-.... $3 15623596 $9 96279
801    $a FR $b 595126101 $c 20080813 $g AFNOR
995    $0 0 $2 0 $4 0 $5 2008-07-02 $9 223672 $P 16.98 $b MED $c MED $e MED1A $f C0004611471 $h AMV13ZZ $k DC/1 GAR $o 0 $p 16.98 $r PRETSON $s DC_1_000000000000000_GAR $w 91 $y 2021-12-13 $7 CDMail

