01137nj  a2200265 n 4500
001 196349
003 http://www.mediathequederoubaix.fr/ark:/20179/KH196349
005 20240512032741.0
035    $a HZ_
071 01 $a 543 694-2 $b Polydor
090    $a 196349
091    $a 1 $b 20240512 $c 0
099    $t DC $c 2014-06-30 $d 2024-05-12 $x 10
100    $a 20140630 2000         frey50        
101    $a fre
200    $a The kids are alright $b Enr. sonore $f The Who
210    $d P 2000
215    $a 1 d.c. $e 1 Livret (n.p. ; 12 cm)
327    $a My generation $a I can't explain $a Happy Jack $a I can see for miles $a Magic bus $a Long live rock $a Anyway, anyhow, anywhere $a Young man blues $a My wife $a Baba O'Riley $a A Quick one, While he's away $a Tommy, can you hear me ? $a Sparks $a Pinball wizard $a See me, feel me $a Join together / Roadrunner / My generation blues $a Won't get fooled again
339    $a m
345    $a CVS
679    $a 2
710 02 $a The Who
801    $a FR $b 595126101 $c 20100828 $g AFNOR
995    $0 0 $2 0 $4 0 $5 2008-05-23 $9 223839 $P 13.02 $b MED $c MED $e MED3C $f C0004606434 $h AMV20ZZ $k DC/2 WHO $o 0 $p 13.02 $r PRETSON $s DC_2_000000000000000_WHO $w 42 $y 2021-08-17 $7 CVS

