02161cam a2200421   4500
001 196534
003 http://www.mediathequederoubaix.fr/ark:/20179/KH196534
010    $a 978-2-915810-25-7 $b rel. $d 35 EUR
020    $a FR $b 00830929
033    $a http://catalogue.bnf.fr/ark:/12148/cb41244714c
035    $a FRBNF412447140000008
073  0 $a 9782915810257
090    $a 196534
091    $b 20240512 $c 1 $a 2
099    $t LI $c 2014-06-30 $d 2024-05-12 $x 13
100    $a 20080421d2008    m  y0frey50      ba
101 0  $a fre
102    $a FR
105    $a ||||z   00|y|
106    $a r
181  0 $6 01 $a i  $b xxxe  
181    $6 02 $c txt $2 rdacontent
182  0 $6 01 $a n
182    $6 02 $c n $2 rdamedia
200 1  $a De mémoire de potagers $b Texte imprimé $e petites et grandes histoires des variétés de légumes $f racontées par Serge Schall
210    $a Toulouse $c Plume de carotte $d DL 2008 $e 85-Luçon $g Impr. Pollina
215    $a 1 vol. (202 p.) $c ill. en coul., couv. ill. en coul. $d 35 cm
300    $a Bibliogr. p. 199. Index
330    $a Histoire de la culture potagère présentant près de 300 variétés de légumes, parfois rares ou oubliées. L'ouvrage présente les techniques de base du jardinage, des gestes élémentaires au plus poussés, et le vocabulaire qui s'y attache. Des anecdotes sur les légumes et le cheminement qui les a menés aux jardins sont racontées et des personnalités évoquées à travers leur expérience professionnelle.
339    $a a
606    $3 11933904 $9 20161 $a Cultures potagères $3 11934444 $9 494 $x Histoire $2 rameau
606    $3 11935560 $9 11145 $a Légumes $3 11967128 $9 86130 $x Variétés $3 11934444 $9 494 $x Histoire $2 rameau
676    $a 635.09 $v 23
686    $a 630 $2 Cadre de classement de la Bibliographie nationale française
700    $3 12286865 $9 96422 $o ISNI0000000108611955 $a Schall $b Serge $f 1958-.... $4 070
801  0 $a FR $b FR-751131015 $c 20080421 $g AFNOR $h FRBNF412447140000008 $2 intermrc
999    $a FRBNF412447140000008
995    $0 0 $2 0 $4 0 $5 2009-11-25 $9 224040 $P 35.00 $b MED $c MED $e MED1A $f C0005303657 $h AAPPLFF $k Doc./585 POT $o 0 $p 35.00 $r PRETLIV $s DOC__585_000000000000000_POT $w 17 $y 2018-10-18 $7 Joker Art Diffusion

