01133nam a2200313 n 4500
001 196706
003 http://www.mediathequederoubaix.fr/ark:/20179/KH196706
005 20220627054411.0
035    $a HZ_
090    $a 196706
091    $a 0
099    $t LI $c 2014-06-30 $d 2022-06-27 $x 0
100    $a          1930         frey5003    ba
101    $a    
102    $a   
200    $a Le machinisme et la classe ouvrière $f Jean Nihon
205    $a 2ème éd.
210    $a Bruxelles $c L'Eglantine $d 1930
215    $a 55 p. $d 19 cm
225 2  $a Publications de la Centrale d'éducation ouvrière $v 2
300    $a Don de M. Jean Piat
339    $a m
410    $t Publications de la Centrale d'éducation ouvrière
606 0  $a Machinisme $z 20e siècle $2 rameau
700  1 $9 191062 $a Nihon $b Jean
702    $7 ba0yba0y $8 fre    $a Piat $b Jean $f 1911-2002 $4 320 $9 87591
801    $a FR $b 595126101 $c 20080606 $g AFNOR
930    $5 595126101:C0004600226 $b 595126101 $a BR 8/2706 $e Fonds patrimonial
995    $0 0 $2 0 $4 0 $5 2008-06-06 $9 224272 $b MED $c MED $e MED3M $f C0004600226 $h PPEFGZZ $k BR 8/2706 $o 2 $r PRETLIV $s BR_82706_000000000000000 $w 0 $y 2014-06-30 $7 Jean Piat

