02604cam a2200469   4500
001 196859
003 http://www.mediathequederoubaix.fr/ark:/20179/KH196859
010    $a 978-2-7560-0793-9 $b br. $d 5,95 EUR
020    $a FR $b 00735001
033    $a http://catalogue.bnf.fr/ark:/12148/cb41043889z
035    $a FRBNF410438890000004
073  0 $a 9782756007939
090    $a 196859
091    $b 20240512 $c 1 $a 2
099    $t LI $c 2014-06-30 $d 2024-05-12 $x 18
100    $a 20070606d2007    m  y0frey50      ba
101 1  $a fre $c jpn
102    $a FR
105    $a ||||t   00|a|
106    $a r
181  0 $6 01 $a i  $b xxxe   $a b  $b xb2e  
181    $6 02 $c txt $c sti $2 rdacontent
182  0 $6 01 $a n
182    $6 02 $c n $2 rdamedia
200 1  $a Yakitate Ja-pan !! $e un pain c'est tout $h 10 $b Texte imprimé $f Takashi Hashiguchi $g [traduit du japonais par Tamako Kageyama] $g [adapté par Olivier Vachey]
210    $a [Paris] $c Delcourt-Akata $d impr. 2007 $e 86-Ligugé $g Impr. Aubin
215    $a 1 vol. (188 p.) $c ill., couv. ill., jaquette ill. en coul. $d 18 cm
321    $a La Revue des livres pour enfants $x 0398-8384
329    $c Pourquoi pas ? $a Répétitif. $d 20070615 $f OP $2 CNLJ $k Avis critique donné par le Centre national de la littérature pour la jeunesse
330    $a L'équipe japonaise est sortie la tête haute de l'épreuve sur l'île déserte mais doit renouveler son exploit au Mexique. Abandonnés au fond d'un gouffre, les apprentis boulangers, épaulés par Pierrot, doivent trouver le moyen de s'échapper avant que le clown ne soit contraint de se sacrifier pour les sauver.
333    $a À partir de 9 ans $2 CNLJ $k Avis critique donné par le Centre national de la littérature pour la jeunesse
339    $a a
608    $a Bandes dessinées $2 CNLJ $k Avis critique donné par le Centre national de la littérature pour la jeunesse
676    $a 741.5 $v 23
686    $a 803 $2 Cadre de classement de la Bibliographie nationale française
700    $3 15030881 $9 95373 $o ISNI0000000083823934 $a Hashiguchi $b Takashi $f 1967-.... $4 070
702    $3 14436189 $9 73611 $o ISNI0000000003179457 $a Kageyama $b Tamako $4 730
702    $3 14485874 $9 74899 $o ISNI000000000278329X $a Vachey $b Olivier $4 010
801  0 $a FR $b FR-751131015 $c 20070606 $g AFNOR $h FRBNF410438890000004 $2 intermrc
999    $a FRBNF410438890000004
995    $0 3 $2 1 $4 0 $5 2017-07-04 $9 362711 $b MED $c MED $e MED2A $f C2500003777 $h JBDMGZZ $k BD/MANGAS $n 2019-06-07 $o 4 $p 5.95 $r PRETLIV $s BD_MANGAS $w 12 $y 2019-05-17
995    $0 0 $2 0 $4 0 $5 2022-07-26 $9 447386 $P 6.99 $b MED $c MED $e MED2A $f C2500028504 $h JBDMGZZ $k E BD/MANGAS $o 0 $p 6.99 $r PRETLIV $s E_BD_MANGAS $w 6 $y 2024-03-06 $A 0

