01781ng  a2200301 n 4500
001 197013
003 http://www.mediathequederoubaix.fr/ark:/20179/KH197013
005 20240512034119.0
035    $a HZ_VHS
090    $a 197013
091    $a 1 $b 20240512 $c 0
099    $t VD $c 2014-06-30 $d 2024-05-12 $x 21
100    $a 20140630 2005         frey50        
101    $a fre
200    $a Kebab connection $b DVD $f Anno Saul, réal.
210    $a Allemagne $c K films $d 2005
215    $a 1 DVD (1 h 36 min) $c coul., sonore
323    $a Interprètes : Denis Moschitto, Nora Tschirner, Guven Kirac... [et al.]
330    $a Ibo, un Turc de Hambourg à la fois créatif et chaotique, adore Bruce Lee et voudrait entrer dans l'histoire comme le créateur du premier film de kung-fu allemand. Comme son ambition n'a d'égal que son manque d'expérience, il lui faut commencer petit. Il tourne un spot publicitaire pour le snack à doner kebab de son oncle Ahmet avec lequel il veut en fait prouver son talent de réalisateur de films d'arts martiaux. Le spot n'a pas les faveurs de son oncle mais c'est un succès extraordinaire. Le fast-food du King of Kebab est pleine à craquer et Ibo est fêté comme un nouveau Steven Spielberg. A peine a-t-il remporté cette victoire qu'il apprend que sa jolie copine Titzi est enceinte...
339    $a m
345    $a VHS $b 15733 $d P/C
606 0  $a Cinéma $y Allemagne $z 1990-.... $x DVD $2 rameau
700  1 $7 ba0yba0y $8 fre    $3 15986055 $9 96606 $4 300 $7 ba0yba0y $8 fre    $a Saul $b Anno
702  1 $a Moschitto $b Denis
702  1 $a Tschirner $b Nora
702  1 $a Kirac $b Guven
801    $a FR $b 595126101 $c 20080911 $g AFNOR
995    $0 0 $2 0 $4 0 $5 2008-09-05 $9 224614 $P 42.30 $b MED $c MED $e MED1A $f C0004618936 $h AAPCIFI $k DVD/F SAU $o 0 $p 42.30 $r PRETDVD $s DVD_F_SAU $w 48 $y 2021-02-13 $7 VHS

