01929cam a2200397   4500
001 197220
003 http://www.mediathequederoubaix.fr/ark:/20179/KH197220
010    $a 978-2-7021-3900-4 $b br. $d 19 EUR
020    $a FR $b 00831868
033    $a http://catalogue.bnf.fr/ark:/12148/cb412594546
035    $a FRBNF412594540000003
073  0 $a 9782702139004
090    $a 197220
091    $b 20240512 $c 1 $a 2
099    $t LI $c 2014-06-30 $d 2024-05-12 $x 1
100    $a 20080520d2008    m  y0frey50      ba
101 1  $a fre $c eng
102    $a FR
105    $a ||||z   00|a|
106    $a r
181  0 $6 01 $a i  $b xxxe  
181    $6 02 $c txt $2 rdacontent
182  0 $6 01 $a n
182    $6 02 $c n $2 rdamedia
200 1  $a L'évangile selon Isadora Welles $b Texte imprimé $e roman $f Susi Rajah $g traduit de l'anglais par Elsa Maggion
210    $a Paris $c Calmann-Lévy $d impr. 2008 $e 27-Mesnil-sur-l'Estrée $g Impr. Firmin-Didot
215    $a 1 vol. (354 p.) $c couv. ill. en coul. $d 22 cm
330    $a Isadora Welles, publicitaire à Los Angeles qui remplace son patron alcoolique vient d'être quittée par son petit ami. Alors qu'elle a entamé une correspondance avec Charles, chroniqueur macho et prétentieux, elle se demande des comptes à Dieu par e-mail. Mais elle est contactée par le séduisant père Bernadi, qui la charge du relookage de l'Eglise catholique de Californie.
339    $a m
454  1 $t The gospel according to Sydney Welles
686    $a 803 $2 Cadre de classement de la Bibliographie nationale française
700    $3 15694196 $9 96663 $o ISNI0000000055397181 $a Rajah $b Susi $4 070
702    $3 15694256 $9 96664 $o ISNI0000000005298468 $a Maggion $b Elsa $4 730
801  0 $a FR $b FR-751131015 $c 20080520 $g AFNOR $h FRBNF412594540000003 $2 intermrc
999    $a FRBNF412594540000003
995    $0 0 $2 0 $4 0 $5 2008-06-18 $9 224871 $P 19.00 $b MED $c MED $e MED1A $f C0004684929 $h ALTROZZ $k R/RAJ $o 0 $p 19.00 $r PRETLIV $s RRAJ $w 12 $y 2016-12-01 $7 Majuscule

