01121nam a2200289   4500
001 197484
003 http://www.mediathequederoubaix.fr/ark:/20179/KH197484
005 20220730020202.0
033    $a http://catalogue.bnf.fr/ark:/12148/cb31483634j
035    $a HZ_RBX86480
090    $a 197484
091    $a 0
099    $t LI $c 2014-06-30 $d 2022-07-30 $x 0
100    $a 19       1917    k  y0frey5003    ba
101    $a fre
200    $a Combat naval du Jutland $f Georges-G. Toudouze
210    $a Paris $c F. Rouff $d cop. 1917
215    $a 24 p. $c ill., couv. ill. en coul. $d 20 cm
225 0  $a Patrie $v 12
339    $a m
410    $t Patrie $v 12
606 0  $a Guerre mondiale (1914-1918) $y France $x Récits personnels $2 rameau
606 0  $a Batailles navales $x Récits personnels $2 rameau
700    $7 ba0yba0y $8 fre    $a Gustave-Toudouze $b Georges $f 1877-1972 $9 7587
801    $a FR $b 595126101 $c 20080628 $g AFNOR
930    $5 595126101:C0004587591 $b 595126101 $a BR 8/2722 $e Fonds patrimonial
995    $0 0 $2 0 $4 0 $5 2008-06-21 $9 225149 $b MED $c MED $e MED3M $f C0004587591 $h PPEFGZZ $k BR 8/2722 $o 2 $r PRETLIV $s BR_82722_000000000000000 $w 0 $y 2014-06-30 $7 Don

