01900nam a2200421   4500
001 197840
003 http://www.mediathequederoubaix.fr/ark:/20179/KH197840
010    $a 2-221-09094-2 $b br. $d Prix : 139 F : 21,19 EUR
020    $a FR $b 00124411
033    $a http://catalogue.bnf.fr/ark:/12148/cb37634228w
035    $a FRBNF376342280000003
039    $o OPL $a 026416066
090    $a 197840
091    $b 20240512 $c 1 $a 2
099    $t LI $c 2014-06-30 $d 2024-05-12 $x 6
100    $a 20010611d2001    m  y0frey50      ba
101 1  $a fre $c eng
102    $a FR
105    $a ||||z   00|a|
106    $a r
181  0 $6 01 $a i  $b xxxe  
181    $6 02 $c txt $2 rdacontent
182  0 $6 01 $a n
182    $6 02 $c n $2 rdamedia
200 1  $a Flint $b Texte imprimé $e roman $f Paul Eddy $g trad. de l'anglais par Jean Rosenthal
210    $a Paris $c R. Laffont $d 2001 $e 27-Mesnil-sur-l'Estrée $g Impr. Firmin-Didot
215    $a 413 p. $c couv. ill. $d 24 cm
225    $a Best-sellers
330    $a Défigurée par un criminel en col blanc, sauvée par la chirurgie esthétique, Flint est plus qu'un super agent secret. Hantée par l'étrange disparition de sa mère, elle est d'une insoupçonnable fragilité psychologique. Perfectionniste jusqu'à l'excès, elle frôle même peut-être une certaine folie.
339    $a m
410  0 $0 34234562 $t Best-sellers (Paris) $x 0768-0953 $d 2001
454  1 $t Flint
686    $a 823 $2 Cadre de classement de la Bibliographie nationale française
700    $3 12604090 $9 78393 $o ISNI0000000114504320 $a Eddy $b Paul $f 1944-2009 $4 070
702    $3 11922619 $9 4097 $o ISNI0000000121280599 $a Rosenthal $b Jean $f 1923-2020 $4 730
801  0 $a FR $b FR-751131015 $c 20010611 $g AFNOR $h FRBNF376342280000003 $2 intermrc
999    $a FRBNF376342280000003
995    $0 0 $2 0 $4 0 $5 2008-07-01 $9 225634 $P 21.19 $b MED $c MED $e MED1A $f C0004682749 $h ALTROPL $k RP/EDD $o 0 $p 21.19 $r PRETLIV $s RPEDD $w 38 $y 2018-10-25 $7 Majuscule

