01863cam a2200433   4500
001 198081
003 http://www.mediathequederoubaix.fr/ark:/20179/KH198081
010    $a 978-2-9530240-3-6 $b br. $d 49 EUR
020    $a FR $b 00851747
033    $a http://catalogue.bnf.fr/ark:/12148/cb41297625h
035    $a FRBNF412976250000008
073  0 $a 9782953024036
090    $a 198081
091    $b 20240512 $c 1 $a 2
099    $t LI $c 2014-06-30 $d 2024-05-12 $x 0
100    $a 20080711d2008    m  y0frey50      ba
101 0  $a fre
102    $a FR
105    $a ||||f   00|y|
106    $a r
181  0 $6 01 $a i  $b xxxe  
181    $6 02 $c txt $2 rdacontent
182  0 $6 01 $a n
182    $6 02 $c n $2 rdamedia
200 1  $a Les accessoires de A à Z $e encyclopédie thématique de la mode et du textile $i Accessoires de coiffure & chapeaux, accessoires textiles, bijoux, ceintures, chaussures $b Texte imprimé $f Sophie George $g illustrations, Armelle Claudé
210    $a [Paris] $c Éd. Falbalas $d DL 2008 $e Paris $g Impr. Jouve
215    $a 1 vol. (447 p.) $c ill., couv. ill. $d 20 cm
300    $a Bibliogr. p. 444. Index
339    $a m
606    $3 11932508 $9 11250 $a Mode $2 rameau
606    $3 11967748 $9 35535 $a Accessoires vestimentaires $2 rameau
608    $3 12043290 $9 2539 $a Encyclopédies $2 rameau
676    $a 391.003 $v 23
686    $a 740 $2 Cadre de classement de la Bibliographie nationale française
700    $3 15571295 $9 95162 $o ISNI0000000120990695 $a George $b Sophie $f 1964-.... $4 070
702    $3 15814908 $9 96954 $o ISNI0000000002567642 $a Claudé $b Armelle $f 1968-.... $4 212
801  0 $a FR $b FR-751131015 $c 20080711 $g AFNOR $h FRBNF412976250000008 $2 intermrc
999    $a FRBNF412976250000008
995    $0 0 $2 0 $4 0 $5 2008-07-10 $9 225875 $P 49.00 $b MED $c MED $e MED2B $f C0004780945 $h ACFUEZZ $k U ETUD/391.4 GEO $o 2 $p 49.00 $r PRETLIV $s U_ETUD391_4_000000000000000_GE $w 0 $y 2014-06-30 $7 Decitre

