00745nj  a2200205 n 4500
001 198234
003 http://www.mediathequederoubaix.fr/ark:/20179/KH198234
005 20240512035940.0
035    $a HZ_
090    $a 198234
091    $a 1 $b 20240512 $c 0
099    $t DC $c 2014-06-30 $d 2024-05-12 $x 0
100    $a 20140630              frey50        
101    $a fre
200    $a Seul contre tous $b Enr. sonore $f Pac'ino
339    $a m
700  1 $a Pac'ino
801    $a FR $b 595126101 $c 20080723 $g AFNOR
930    $5 595126101:C0004609987 $b 595126101 $a FLRSONDC/2197 $e Fonds local et régional sonore
995    $0 0 $2 0 $4 0 $5 2008-07-23 $9 226034 $P 10.00 $b MED $c MED $e MED3C $f C0004609987 $h PENRSZZ $k FLRSONDC/2197 $o 2 $p 10.00 $r PRETSON $s FLRSONDC_2197_000000000000000 $w 0 $y 2014-06-30

