01213nj  a2200265 n 4500
001 198480
003 http://www.mediathequederoubaix.fr/ark:/20179/KH198480
005 20240512040015.0
035    $a HZ_
071 01 $a 868652 2 1 $b Virgin France
090    $a 198480
091    $a 1 $b 20240512 $c 0
099    $t DC $c 2014-06-30 $d 2024-05-12 $x 10
100    $a 20140630 1988         frey50        
101    $a fre
200    $a Pour nos vies martiennes $b Enr. sonore $f Etienne Daho
210    $d P 1988
215    $a 1 d.c. $e 1 Livret (n.p.; 12 cm)
327    $a Quatre hivers $a Bleu comme toi $a Caribbean sea $a Where's my monkey ? $a Affaire classée $a Des ir $a Stay with me / avec la participation de West and Byrd $a Le plaisir de perdre / avec la participation de Jerôme Pigeon $a Musc et ambre $a Winter blue / avec la participation de Laurie Mayer $a Des heures hindoues
339    $a m
345    $a Temple du disque
679    $a 099.2
700    $7 ba0yba0y $8 fre    $a Daho $b Étienne $f 1956-.... $3 13892918 $9 3536
801    $a FR $b 595126101 $c 20080821 $g AFNOR
995    $0 0 $2 0 $4 0 $5 2008-08-02 $9 226273 $P 9.57 $b MED $c MED $e MED1A $f C0004616366 $h AMV80ZZ $k DC/099.2 DAH $o 0 $p 9.57 $r PRETSON $s DC_099_200000000000000_DAH $w 33 $y 2024-05-11 $7 Le temple du disque

