01732nam a2200421   4500
001 198684
003 http://www.mediathequederoubaix.fr/ark:/20179/KH198684
010    $a 2-253-05091-1 $b br. $d 49 F
020    $a FR $b 09005594
033    $a http://catalogue.bnf.fr/ark:/12148/cb35050501t
035    $a FRBNF350505010000005
039    $o OPL $a 007490927
090    $a 198684
091    $b 20240512 $c 1 $a 2
099    $t LI $c 2014-06-30 $d 2024-05-12 $x 23
100    $a 19900117d1989    m  y0frey50      ba
101 0  $a fre
102    $a FR
105    $a ||||z   00|a|
106    $a r
181  0 $6 01 $a i  $b xxxe  
181    $6 02 $c txt $2 rdacontent
182  0 $6 01 $a n
182    $6 02 $c n $2 rdamedia
200 1  $a Impasse des deux palais $b Texte imprimé $f Naguib Mahfouz $g trad. de l'arabe par Philippe Vigreux
210    $a Paris $c Librairie générale française $d 1989 $e 72-La Flèche $g Impr. Brodard et Taupin
215    $a 670 p. $c couv. ill. en coul. $d 17 cm
225    $a Le Livre de poche $i Biblio $v 3125
330    $a Premier tome d'une trilogie qui relate l'évolution des moeurs égyptiennes entre les deux guerres.
339    $a m
410  0 $0 34232507 $t Le Livre de poche. Biblio $x 0752-0387 $v 3125
454  1 $t Bayn al-Qasrayn
686    $a 823 $2 Cadre de classement de la Bibliographie nationale française
700    $3 12001087 $9 4094 $o ISNI0000000068755806 $a Mahfouz $b Najib $f 1911-2006 $4 070
702    $3 12040650 $9 4095 $o ISNI0000000116056197 $a Vigreux $b Philippe $4 730
801  0 $a FR $b FR-751131015 $c 19900117 $g AFNOR $h FRBNF350505010000005 $2 intermrc
999    $a FRBNF350505010000005
995    $0 0 $2 0 $4 0 $5 2008-08-05 $9 226465 $P 7.50 $b MED $c MED $e MED1A $f C0004724321 $h ALTROZZ $k R/MAH $o 0 $p 7.50 $r PRETLIV $s R_MAH $w 36 $y 2023-10-04 $7 Majuscule

