01845cam a2200445   4500
001 198858
003 http://www.mediathequederoubaix.fr/ark:/20179/KH198858
010    $a 2-13-052513-X $b rectifié $z 2-13-52-513-X $d 30 EUR
020    $a FR $b 00335943
033    $a http://catalogue.bnf.fr/ark:/12148/cb39073087p
035    $a FRBNF390730870000000
090    $a 198858
091    $a 2 $b 20240512 $c 1
099    $t LI $c 2014-06-30 $d 2024-05-12 $x 0
100    $a 20031014d2003    m  y0frey50      ba
101 0  $a fre
102    $a FR
105    $a ||||e   00|y|
106    $a r
181  0 $6 01 $a i  $b xxxe  
181    $6 02 $c txt $2 rdacontent
182  0 $6 01 $a n
182    $6 02 $c n $2 rdamedia
200 1  $a Dictionnaire historique de la vie politique française au XXème siècle $b Texte imprimé $f publ. sous la dir. de Jean-François Sirinelli
205    $a [Nouv. éd. actualisée]
210    $a Paris $c PUF $d 2003 $e 46-Cahors $g France Quercy impr.
215    $a 1254 p. $c couv. ill. en coul. $d 20 cm
225    $a Quadrige $i Dicos poche
308    $a 0291-0489
339    $a m
410  0 $0 39066839 $t Quadrige. Dicos poche $x 1762-7370 $d 2003
410  0 $0 34228948 $t Quadrige (Paris. 1981) $x 0291-0489 $d 2003
606    $3 12064506 $9 9780 $a Politique et gouvernement $y France $z 20e siècle $2 rameau
608    $3 11931877 $9 2172 $a Dictionnaires $2 rameau
676    $a 320.944 03 $v 23
686    $a 320 $2 Cadre de classement de la Bibliographie nationale française
702    $3 12016078 $9 11959 $o ISNI0000000110323573 $a Sirinelli $b Jean-François $f 1949-.... $4 651
801  0 $a FR $b FR-751131015 $c 20031014 $g AFNOR $h FRBNF390730870000000 $2 intermrc
999    $a FRBNF390730870000000
995    $0 0 $2 0 $4 0 $5 2008-08-08 $9 226642 $P 30.00 $b MED $c MED $e MED2B $f C0004784402 $h ACFUEZZ $k U ETUD/320.444 DIC $o 2 $p 30.00 $r PRETLIV $s U_ETUD320_444_000000000000000_ $w 0 $y 2014-06-30 $7 Decitre

