01689ng  a2200361 n 4500
001 199017
003 http://www.mediathequederoubaix.fr/ark:/20179/KH199017
005 20240512040755.0
035    $a HZ_VHS
090    $a 199017
091    $a 1 $b 20240512 $c 0
099    $t VD $c 2014-06-30 $d 2024-05-12 $x 18
100    $a 20140630 1974         frey50        
101    $a fre $a eng $a ita
200    $a Le sheriff est en prison $b DVD $d Blazing Saddles $f Mel Brooks, réal., scénario $g Andrew Bergman, scénario $g John Morris, mus.
210    $a Etats-Unis $c Warner Bros. $d 1974
215    $a 1 DVD (1h 29 min) $c coul., sonore
305    $a Version en français, anglais et italien
323    $a Interprètes : Cleavon Little, Gene Wilder, Slim Pickens...[et al.]
327    $a Bonus : commentaire audio de mel Brooks
330    $a Afin de s'approprier des terrains à bas prix, deux notables nomment un jeune Noir shérif d'une bourgade des plus racistes...
339    $a m
345    $a VHS $b 13350 $d P
510    $a Blazing Saddles
606 0  $a Cinéma $y États-Unis $z 1960-1990 $x DVD $2 rameau
700  1 $a Brooks $b Mel $f 1926-.... $4 370 $4 690
702  1 $a Morris $b John $f 1926-.... $4 545
702  1 $7 ba0yba0y $8 fre    $3 11891424 $9 22917 $4 690 $7 ba0yba0y $8 fre    $a Bergman $b Andrew $f 1945-....
702  1 $7 ba0yba0y $8 fre    $3 14038544 $9 302951 $a Little $b Cleavon $f 1939-1992
702    $7 ba0yba0y $8 fre    $a Pickens $b Slim $f 1919-1983 $3 13898467 $9 63478
702    $7 ba0yba0y $8 fre    $a Wilder $b Gene $f 1933-2016 $3 13901158 $9 89669
801    $a FR $b 595126101 $c 20081009 $g AFNOR
995    $0 0 $2 0 $4 0 $5 2008-10-04 $9 226805 $P 33.30 $b MED $c MED $e MED3E $f C0004614500 $h AAPCIFI $k DVD/F BRO $o 0 $p 33.30 $r PRETDVD $s DVD_F_BRO $w 44 $y 2019-12-21 $7 VHS

