01727na  a2200373 n 4500
001 199202
003 http://www.mediathequederoubaix.fr/ark:/20179/KH199202
005 20210514212006.0
010    $a 978-2-84910-801-7
011    $a 1623-118X
033    $a http://catalogue.bnf.fr/ark:/12148/cb412988181
035    $a HZ_
090    $a 199202
091    $a 0
099    $t LI $c 2014-06-30 $d 2014-06-30 $x 4
100    $a          2008         frey5003    ba
101    $a fre
102    $a   
200    $a Le Nord, terre de fortifications $e Flandre, Hainaut, Artois, Picardie $f Julien Dépret
210    $a Saint-Cyr-sur-Loire $c A. Sutton $d 2008
215    $a 224 p. $c ill., couv. ill. en noir et en coul. $d 24 cm
225 2  $a Passé simple
320    $a Bibliogr.
339    $a m
410    $t Passé simple
606 0  $9 244219 $a Fortifications $y France $y Nord (France)
606 0  $9 244765 $a Murs de villes $y France $y Nord (France) $x Ouvrages illustrés
606 0  $9 244764 $a Fortifications $y France $y Nord (France) $x Ouvrages illustrés
700  1 $9 290654 $a Depret $b Julien $f 1972-....
801    $a FR $b 595126101 $c 20081113 $g AFNOR
930    $5 595126101:C0004780961 $b 595126101 $a FR/623.1 DEP $e Fonds régional de prêt
995    $0 0 $2 0 $4 0 $5 2008-09-05 $9 227035 $P 22.00 $b MED $c MED $e MED3I $f C0004781022 $h PPEFGZZ $k MAG L/P 8/116 211 $o 2 $p 22.00 $r PRETLIV $s MAG_LP_8116_211000000000000 $w 0 $y 2014-06-30 $7 Decitre
995    $0 0 $2 0 $4 0 $5 2008-09-05 $9 227036 $P 22.00 $b MED $c MED $e MED2B $f C0004781080 $h ACFUEZZ $k U ETUD FR/721 DEP $o 2 $p 22.00 $r PRETLIV $s U_ETUD_FR721_DEP $w 0 $y 2014-06-30 $7 Decitre
995    $0 0 $2 0 $4 0 $5 2008-09-05 $9 227037 $P 22.00 $b MED $c MED $e MED0C $f C0004780961 $h PRRRGZZ $k FR/623 FOR $o 0 $p 22.00 $r PRETLIV $s FR_623_000000000000000_FOR $w 7 $y 2021-05-18 $7 Decitre

