01340nam a2200337 n 4500
001 199337
003 http://www.mediathequederoubaix.fr/ark:/20179/KH199337
005 20160918214940.0
035    $a HZ_
090    $a 199337
091    $a 0
099    $t LI $c 2014-06-30 $d 2014-06-30 $x 0
100    $a          1937         frey5003    ba
101    $a fre
102    $a   
200    $a Le livre des louveteaux $f Lord Baden-Powell $g [trad. par Pierre Bovet]
205    $a 5e éd. entièrement rev.
210    $a Neuchâtel $a Paris $c Ed. Delachaux et Niestlé $d [1937]
215    $a 261 p. $c ill., couv. ill. $d 19 cm
300    $a Ex-libris impr. Colette de Saint-Gérand
300    $a Ex-libris ms Chantal de Crissey
305    $a 1937 d'après la préface
320    $a Table
339    $a m
606 0  $9 250343 $a Scouts $x Mœurs et coutumes
606 0  $9 258860 $a Scouts $x Guides, manuels, etc.
700  1 $9 19614 $7 ba0yba0y $8 fre    $a Baden-Powell $b Robert $f 1857-1941
702  1 $9 170059 $4 730 $a Bovet $b Pierre
801    $a FR $b 595126101 $c 20081211 $g AFNOR
930    $5 595126101:C0004659738 $b 595126101 $a MAG L/P 8/116 210 $e Fonds patrimonial
995    $0 0 $2 0 $4 0 $5 2008-09-09 $9 227331 $P 15.00 $b MED $c MED $e MED3I $f C0004659738 $h PPEFGZZ $k MAG L/P 8/116 210 $o 2 $p 15.00 $r PRETLIV $s MAG_LP_8116_210000000000000 $w 0 $y 2014-06-30 $7 Christian Valleriaux (La Charit S/Loire)

