01439cam a2200373   4500
001 199799
003 http://www.mediathequederoubaix.fr/ark:/20179/KH199799
010    $a 978-2-908766-47-9 $b br. $d 18 EUR
020    $a FR $b 00845325
033    $a http://catalogue.bnf.fr/ark:/12148/cb413063174
035    $a FRBNF413063170000005
073  0 $a 9782908766479
090    $a 199799
091    $b 20240512 $c 1 $a 2
099    $t LI $c 2014-06-30 $d 2024-05-12 $x 3
100    $a 20080725d2008    m  y0frey50      ba
101 0  $a fre
102    $a FR
105    $a ||||t   00|a|
106    $a r
181  0 $6 01 $a i  $b xxxe   $a b  $b xb2e  
181    $6 02 $c txt $c sti $2 rdacontent
182  0 $6 01 $a n
182    $6 02 $c n $2 rdamedia
200 1  $a Le chasseur Déprime $h Tome 1 $b Texte imprimé $f [Moebius]
210    $a [Paris] $c Éd. Stardom $d impr. 2008 $e impr. en Italie
215    $a 1 vol. (58 p.) $c ill., couv. ill. en coul. $d 32 cm
330    $a Les déambulations aléatoires du major Grubert dans un univers onirique.
339    $a m
686    $a 805 $2 Cadre de classement de la Bibliographie nationale française
700    $3 11916363 $9 280954 $o ISNI0000000121036668 $a Moebius $f 1938-2012 $4 070
801  0 $a FR $b FR-751131015 $c 20080725 $g AFNOR $h FRBNF413063170000005 $2 intermrc
999    $a FRBNF413063170000005
995    $0 0 $2 0 $4 0 $5 2008-09-24 $9 227792 $P 18.00 $b MED $c MED $e MED3H $f C0004729355 $h AAPBDZZ $k BD/MOE $o 0 $p 18.00 $r PRETLIV $s BDMOE $w 27 $y 2023-11-08 $7 BD fugue

