02496cmm a2200553   4500
001 200015
003 http://www.mediathequederoubaix.fr/ark:/20179/KH200015
010    $a 978-2-922528-73-2
020    $a FR $b 70907585
033    $a http://catalogue.bnf.fr/ark:/12148/cb413133106
035    $a FRBNF413133100000004
073  0 $a 9782922528732
090    $a 200015
091    $b 20240512 $c 1 $a 2
099    $t LI $c 2014-06-30 $d 2024-05-12 $x 18
100    $a 20080808d2007    a  y0frey50      ba
101 0  $a fre
102    $a FR
105    $a a   z   000y|
106    $a r
126    $a aguxhxx||||||cd $b bex
181  0 $6 01 $a i  $b xxxe  
181    $6 02 $c txt $2 rdacontent
181  0 $6 03 $a d  $b bxxa   $a h  $b xxxa  
181    $6 04 $c prm $c spw $2 rdacontent
182  0 $6 01 $a n
182    $6 02 $c n $2 rdamedia
182  0 $6 03 $a a
182    $6 04 $c s $2 rdamedia
200 1  $a Pierre et le pialeino $b Multimédia multisupport $f concept original de Denise Trudel $g conte de Mathieu Boutin $g illustrations de Paule Trudel Bellemare $g musique de Serge Prokofiev $g Pascale Montpetit, Cora Lebuis, voix $g Denise Trudel, p
210    $a Montréal (Québec) $c Planète rebelle $a Paris $c distrib. Distribution du nouveau monde $d cop. 2007
215    $a 1 vol. (63 p.) $c ill. en coul., couv. ill. en coul. $d 21 cm
215    $a 1 disque compact (1 h 01 min 51 s)
225    $a Conter fleurette
300    $a À partir de 6 ans
330    $a Sur la plage, ce matin-là, Pierre joue nonchalamment avec un ballon rouge. Bientôt, une vilaine odeur de poisson attire son attention... Qu'est-ce que c'est? Oh, la, la! Mais quelle drôle de baleine, avec des dents noires et blanches, qui font des sons quand il les touche...
339    $a a
410  0 $0 41374583 $t Conter fleurette $d 2007
608    $a enregistrement parlé $2 frTAV
608    $a chanson francophone $2 frTAV
608    $a chanson $2 frTAV
608    $a édition commerciale $2 frTAV
608    $a jeunesse $2 frTAV
686    $a 413 $2 Cadre de classement de la Bibliographie nationale française
700    $3 15955134 $9 11246 $o ISNI0000000073297117 $a Trudel Bellemare $b Paule $4 440
702    $3 15955258 $9 7186 $o ISNI0000000123489169 $a Trudel $b Denise $4 340
801  0 $a FR $b FR-751131015 $c 20080808 $g AFNOR $h FRBNF413133100000004 $2 intermrc
999    $a FRBNF413133100000004
995    $0 0 $2 0 $4 1 $5 2009-09-12 $9 228061 $P 25.90 $b MED $c MED $e MED2A $f C0004850237 $h JABHLZZ $k E LS C/BOU $l Contient 1 cd $o 4 $p 25.90 $r PRETLIV $s E_LS_C_BOU $w 34 $y 2024-04-14 $7 COLLINES DIFFUSION

