01875cam a2200409   4500
001 200229
003 http://www.mediathequederoubaix.fr/ark:/20179/KH200229
010    $a 978-2-84344-083-0 $b br. $d 20 EUR
020    $a FR $b 00940112
033    $a http://catalogue.bnf.fr/ark:/12148/cb41404728k
035    $a FRBNF414047280000004
073  0 $a 9782843440830
090    $a 200229
091    $b 20240512 $c 1 $a 2
099    $t LI $c 2014-06-30 $d 2024-05-12 $x 8
100    $a 20090102d2008    m  y0frey50      ba
101 0  $a fre
102    $a FR
105    $a ||||z   00|a|
106    $a r
181  0 $6 01 $a i  $b xxxe  
181    $6 02 $c txt $2 rdacontent
182  0 $6 01 $a n
182    $6 02 $c n $2 rdamedia
200 1  $a L'accroissement mathématique du plaisir $b Texte imprimé $f Catherine Dufour $g recueil réuni par Richard Comballot $g et publié sous la direction de Olivier Girard
210    $a Saint-Mammès $c le Bélial' $d impr. 2008 $e 58-Clamecy $g Impr. Laballery
215    $a 1 vol. (443 p.) $c couv. ill. en coul. $d 21 cm
300    $a Bibliogr. des oeuvres de C. Dufour, p. 439-443
330    $a 19 nouvelles, dont 6 inédites, composent ce recueil, à travers trois genres de prédilection de l'auteure : le fantastique, la fantasy et la science-fiction.
339    $a m
686    $a 803 $2 Cadre de classement de la Bibliographie nationale française
700    $3 14434285 $9 85503 $o ISNI0000000050757547 $a Dufour $b Catherine $f 1966-.... $4 070
702    $3 12293313 $9 7251 $o ISNI0000000030892645 $a Comballot $b Richard $f 1965-.... $4 340
702    $3 11905041 $9 86727 $o ISNI0000000121463707 $a Girard $b Olivier $f 1971-.... $4 651
801  0 $a FR $b FR-751131015 $c 20090102 $g AFNOR $h FRBNF414047280000004 $2 intermrc
999    $a FRBNF414047280000004
995    $0 0 $2 0 $4 0 $5 2008-10-09 $9 228293 $P 20.00 $b MED $c MED $e MED1A $f C0004736297 $h ALTIGSF $k SF/DUF $o 0 $p 20.00 $r PRETLIV $s SF_DUF $w 17 $y 2021-01-24 $7 Majuscule

