00675nas a2200217 n 4500
001 200415
003 http://www.mediathequederoubaix.fr/ark:/20179/KH200415
005 20160124231730.0
035    $a HZ_PER_0438
090    $a 200415
091    $a 0
099    $t PE $c 2014-06-30 $d 2014-06-30 $x 0
100    $a          1928         frey5003    ba
101    $a fre
102    $a   
200    $a La cloche du matin $e revue littéraire, artistique et satirique de Flandre et d'Artois
210    $a Saint Omer $c Impr. Joly-Thuilliez $d 1928-[19--]
326    $a Paraît six fois l'an
339    $a m
801    $a FR $b 595126101 $c 20140329 $g AFNOR
955    $r 1928(1-3), 1929(4-7), 1930(8-12), 1931(13) 

