02295cam a2200493   4500
001 200597
003 http://www.mediathequederoubaix.fr/ark:/20179/KH200597
010    $a 978-2-01-391362-1 $b br. $d 11,50 EUR
020    $a FR $b 00860104
033    $a http://catalogue.bnf.fr/ark:/12148/cb41322228z
035    $a FRBNF413222280000002
073  0 $a 9782013913621
090    $a 200597
091    $b 20240512 $c 1 $a 2
099    $t LI $c 2014-06-30 $d 2024-05-12 $x 34
100    $a 20080827d2008    a  y0frey50      ba
101 0  $a fre
102    $a FR
105    $a ||||z   00|y|
106    $a r
181  0 $6 01 $a i  $b xxxe  
181    $6 02 $c txt $2 rdacontent
182  0 $6 01 $a n
182    $6 02 $c n $2 rdamedia
200 1  $a Les petits rouleaux $b Texte imprimé $f Marie-France Floury $g photographies, Claire Curt
210    $a [Paris] $c Gautier-Languereau $d DL 2008 $e impr. en Chine
215    $a 1 vol. (44 p.) $c ill. en noir et en coul., couv. ill. en coul. $d 21 cm
225    $a Les jolis mercredis
330    $a Des idées de bricolage pour fabriquer des animaux avec des rouleaux en carton.
339    $a a
410  0 $0 41371738 $t Les Jolis mercredis $x 1968-8091 $d 2008
606    $3 12138082 $9 20916 $7 ba0yba0y $8 fre    $a Cartonnages $3 12042408 $9 314947 $x Ouvrages pour la jeunesse $2 rameau $9 20916
606    $3 11936484 $9 18269 $7 ba0yba0y $8 fre    $a Travail du papier $3 12042408 $9 314947 $x Ouvrages pour la jeunesse $2 rameau $9 18269
606    $3 11936484 $9 18269 $a Travail du papier $2 rameau
606    $3 12138082 $9 20916 $a Cartonnages $2 rameau
608    $3 12042408 $9 314947 $a Ouvrages pour la jeunesse $2 rameau
608    $a Documentaires : activités, loisirs et divers $2 CNLJ $k Avis critique donné par le Centre national de la littérature pour la jeunesse
676    $a 745.540 83 $v 23
686    $a 740 $2 Cadre de classement de la Bibliographie nationale française
700    $3 12950927 $9 19791 $o ISNI0000000121203665 $a Floury $b Marie-France $4 070
702    $3 13776892 $9 75654 $o ISNI0000000073662225 $a Curt $b Claire $4 440
801  0 $a FR $b FR-751131015 $c 20080827 $g AFNOR $h FRBNF413222280000002 $2 intermrc
999    $a FRBNF413222280000002
995    $0 0 $2 0 $4 0 $5 2008-10-18 $9 228701 $P 11.50 $b MED $c MED $e MED2A $f C0004739376 $h JDT70ZZ $k E/706 PAP $o 0 $p 11.50 $r PRETLIV $s E_706_000000000000000_PAP $w 69 $y 2024-03-26 $7 Bateau Livre

