02172cam a2200433   4500
001 200778
003 http://www.mediathequederoubaix.fr/ark:/20179/KH200778
010    $a 978-2-213-63778-5 $b br. $d 23 EUR
020    $a FR $b 00850652
033    $a http://catalogue.bnf.fr/ark:/12148/cb413387416
035    $a FRBNF413387410000002
073  0 $a 9782213637785
090    $a 200778
091    $b 20240512 $c 1 $a 2
099    $t LI $c 2014-06-30 $d 2024-05-12 $x 13
100    $a 20080924d2008    m  y0frey50      ba
101 1  $a fre $c heb
102    $a FR
105    $a ||||z   00|y|
106    $a r
181  0 $6 01 $a i  $b xxxe  
181    $6 02 $c txt $2 rdacontent
182  0 $6 01 $a n
182    $6 02 $c n $2 rdamedia
200 1  $a Comment le peuple juif fut inventé $b Texte imprimé $e de la Bible au sionisme $f Shlomo Sand $g traduit de l'hébreu par Sivan Cohen-Wiesenfeld et Levana Frenk
210    $a [Paris] $c Fayard $d impr. 2008 $e 72-La Flèche $g Impr. Brodard et Taupin
215    $a 1 vol. (446 p.) $d 24 cm
300    $a Notes bibliogr. Index
330    $a Quand le peuple juif fut-il créé ? Est-ce il y a quatre mille ans, ou bien sous la plume d'historiens juifs du XIXe siècle qui ont reconstitué rétrospectivement un peuple imaginé afin de façonner une nation future ? Dans le sillage de la "contre-histoire" née en Israël dans les années 1990, l'auteur tente de reconstruire cette histoire en critiquant la politique identitaire de son pays.
339    $a m
606    $3 16035879 $9 60062 $a Juifs $x Histoire $2 rameau
676    $a 909.049 24 $v 23
686    $a 940 $2 Cadre de classement de la Bibliographie nationale française
700    $3 12691882 $9 69636 $o ISNI0000000081540199 $a Sand $b Shlomo $f 1946-.... $4 070
702    $3 15806522 $9 97858 $o ISNI0000000069062892 $a Cohen-Wiesenfeld $b Sivan $f 1958-.... $4 730
702    $3 15099517 $9 39901 $o ISNI0000000052288422 $a Frenk $b Levana $4 730
801  0 $a FR $b FR-751131015 $c 20080924 $g AFNOR $h FRBNF413387410000002 $2 intermrc
999    $a FRBNF413387410000002
995    $0 0 $2 0 $4 0 $5 2008-10-22 $9 228936 $P 23.00 $b MED $c MED $e MED3A $f C0004752667 $h ACFHSZZ $k Doc./914 JUI $o 0 $p 23.00 $r PRETLIV $s DOC___914_000000000000000_JUI $w 40 $y 2024-05-11 $7 Decitre

