01336nj  a2200289 n 4500
001 200958
003 http://www.mediathequederoubaix.fr/ark:/20179/KH200958
005 20240512042922.0
035    $a HZ_
071 01 $a 0602517727885 $b Interscope Records
090    $a 200958
091    $a 1 $b 20240512 $c 0
099    $t DC $c 2014-06-30 $d 2024-05-12 $x 30
100    $a 20140630 2008         frey50        
101    $a fre
200    $a Kung Fu Panda $b Enr. sonore $e [B.O.F.] $f Hanz Zimmer, John Powell, mus. $g Mark Osborne, John Stevenson, réal.
210    $d P 2008
215    $a 1 d.c. $e 1 Dépliant (12 cm)
327    $a Hero $a Let the tournament begin $a Dragon warrior is among us $a Tai lung escapes $a Peach tree of wisdom $a Accu-flashback $a Impersonating shifu $a Sacred pool of tears $a Training po $a The bridge $a Shifu faces tai lung $a The dragon scroll $a Po vs tai lung $a Dragon warrior rises $a Panda po $a Oogway ascends $a Kung fu fighting
339    $a a
345    $a CVS
606 0  $a Musique de film $x Disques $2 rameau
679    $a 722
700    $7 ba0yba0y $8 fre    $a Zimmer $b Hans $f 1957-.... $3 13926736 $9 16401
701  1 $a Powell $b John $f 1963-....
801    $a FR $b 595126101 $c 20081120 $g AFNOR
995    $0 0 $2 0 $4 0 $5 2008-10-29 $9 229109 $P 16.94 $b MED $c MED $e MED2A $f C0004622600 $h JMUEFZZ $k DC/722 KUN $o 0 $p 16.94 $r PRETSON $s DC_722_000000000000000_KUN $w 61 $y 2024-04-25 $7 CVS

