01242nj  a2200325 n 4500
001 201093
003 http://www.mediathequederoubaix.fr/ark:/20179/KH201093
005 20240512043537.0
035    $a HZ_
071 01 $a 561154 $b Ocora
090    $a 201093
091    $a 1 $b 20240512 $c 0
099    $t DC $c 2014-06-30 $d 2024-05-12 $x 11
100    $a 20140630 2008         frey50        
101    $a fre
200    $a Alap $b Enr. sonore $a Jhor $a Jhaptal... [etc :] $f Kushal Das, sitar $g Abhijit Banerjee, tabla $g Sudipta Rémy, tampura
210    $d P 2008
215    $a 1 d.c. $e 1 Livret (16 p.; 12 cm)
327    $a Contient aussi : Drut tîntal - gat $a Aochar $a Sitarkhani
339    $a m
345    $a CVS
606 0  $a Sitar, Musique de $x Disques $2 rameau
606 0  $a Musique traditionnelle $y Inde $x Disques $2 rameau
606 0  $a Raga $x Disques $2 rameau
679    $a 031.1
700  1 $7 ba0yba0y $8 fre    $3 15007818 $9 303019 $a Das $b Kushal $f 1959-....
701  1 $a Banerjee $b Abhijit
701  1 $7 ba0yba0y $8 fre    $3 15007838 $9 303020 $a Rémy $b Sudipta
801    $a FR $b 595126101 $c 20081118 $g AFNOR
995    $0 0 $2 0 $4 0 $5 2008-10-29 $9 229334 $P 14.81 $b MED $c MED $e MED1A $f C0004622406 $h AMV90ZZ $k DC/031.1 DAS $o 0 $p 14.81 $r PRETSON $s DC_031_100000000000000_DAS $w 28 $y 2023-07-25 $7 CVS

