02297cam a2200469   4500
001 201287
003 http://www.mediathequederoubaix.fr/ark:/20179/KH201287
010    $a 978-2-87833-461-6 $b rel. $d 12 EUR
020    $a FR $b 00902659
033    $a http://catalogue.bnf.fr/ark:/12148/cb41386656h
035    $a FRBNF413866560000009
073  0 $a 9782878334616
090    $a 201287
091    $b 20240512 $c 1 $a 2
099    $t LI $c 2014-06-30 $d 2024-05-12 $x 8
100    $a 20081126d2008    a  y0frey50      ba
101 1  $a fre $c ita
102    $a FR
105    $a ||||z   00|a|
106    $a r
181  0 $6 01 $a i  $b xxxe  
181    $6 02 $c txt $2 rdacontent
182  0 $6 01 $a n
182    $6 02 $c n $2 rdamedia
200 1  $a Au supermarché des animaux $b Texte imprimé $f Giovanna Zoboli $g [illustrations de] Simona Mulazzani $g [traduction de Vito Castiglione Minischetti]
210    $a [Paris] $c Circonflexe $d DL 2008 $e impr. en Italie
215    $a 1 vol. (non paginé [18] p.) $c ill. en coul., couv. ill. en coul. $d 28 cm
225    $a Albums Circonflexe
321    $a La Revue des livres pour enfants $x 0398-8384
329    $c Pourquoi pas ? $d 20081222 $2 CNLJ $k Avis critique donné par le Centre national de la littérature pour la jeunesse
330    $a Au supermarché des animaux l'escargot trouve des fines herbes, les ours des myrtilles, les abeilles des coquelicots, etc. Sur le goût et sur l'alimentation des animaux.
339    $a a
410  0 $0 34285562 $t Albums Circonflexe (Paris) $x 1258-3146 $d 2008
454  1 $t Al supermercato degli animali
608    $a Albums $2 CNLJ $k Avis critique donné par le Centre national de la littérature pour la jeunesse
686    $a 809 $2 Cadre de classement de la Bibliographie nationale française
700    $3 15099827 $9 75898 $o ISNI0000000121404731 $a Zoboli $b Giovanna $f 1962-.... $4 070
702    $3 15099831 $9 98072 $o ISNI0000000116592141 $a Mulazzani $b Simona $4 440
702    $3 13761634 $9 34310 $o ISNI0000000083544353 $a Castiglione Minischetti $b Vito $f 1951-.... $4 730
801  0 $a FR $b FR-751131015 $c 20081126 $g AFNOR $h FRBNF413866560000009 $2 intermrc
999    $a FRBNF413866560000009
995    $0 0 $2 0 $4 0 $5 2008-11-07 $9 229541 $P 12.00 $b MED $c MED $e MED0A $f C0004743595 $h JABPFAF $k EXT PE A/ZOB $n 2024-07-02 $o 0 $p 12.00 $r PRETLIV $s EXT_PE_A_ZOB $w 13 $y 2023-09-05 $7 Bateau Livre

