01151nj  a2200253 n 4500
001 201450
003 http://www.mediathequederoubaix.fr/ark:/20179/KH201450
005 20240512043652.0
035    $a HZ_
090    $a 201450
091    $a 1 $b 20240512 $c 0
099    $t DC $c 2014-06-30 $d 2024-05-12 $x 4
100    $a 20140630 2008         frey50        
101    $a fre
200    $a The love album $b Enr. sonore $f Anaïs
210    $d P 2008
215    $a 1 d.c. $e 1 Livret (n.p.; 12 cm)
327    $a Le premier amour $a I love you (from The amber story) $a Elle me plait $a Malheureux $a J'sais pas $a Moi qui croyais $a Entre deux verres $a Farniente $a Peut-être une angine $a Si j'avais su que notre amour / en duo rêvé avec Chris Isaak $a Je voudrais partir en week-end $a Qui c'est la fille sur la photo $a Elle sort qu'avec des blacks (pimped version)
339    $a m
345    $a Temple du Disque
679    $a 099.2
700  1 $a Anaïs $f 1965-....
801    $a FR $b 595126101 $c 20081128 $g AFNOR
995    $0 0 $2 0 $4 0 $5 2008-11-22 $9 229758 $P 21.65 $b MED $c MED $e MED3C $f C0004625226 $h AMV80ZZ $k DC/099.2 ANA $o 0 $p 21.65 $r PRETSON $s DC_099_200000000000000_ANA $w 34 $y 2021-01-30 $7 Le temple du disque

