01291ng  a2200313 n 4500
001 201594
003 http://www.mediathequederoubaix.fr/ark:/20179/KH201594
005 20240512044223.0
035    $a HZ_VHS
090    $a 201594
091    $a 1 $b 20240512 $c 0
099    $t VD $c 2014-06-30 $d 2024-05-12 $x 17
100    $a 20140630 2005         frey50        
101    $a fre $a tai
200    $a Dangerous flowers $b DVD $f Poj Arnon, réal.
210    $a Thaïlande $c Sahamongkolfilm International $d [2005]
215    $a 1 DVD (1h 41 min) $c coul., sonore
305    $a Version en français et en thaïlandais
323    $a Interprètes : Supakson Chaimongkol, Kessarin Ektawatkul, Bunyawan Pongsuwan...[et al.]
330    $a Un groupe de cinq femmes espionnes forment les "Chai Lai Angels". Un jour elles sont chargées de protéger une petite fille possèdant un mystérieux secret...
339    $a m
345    $a VHS $d P
606 0  $a Cinéma $y Thaïlande $z 1990-.... $x DVD $2 rameau
700  1 $4 300 $a Arnon $b Poj
702  1 $a Chaimongkol $b Supakson
702  1 $a Ektawatkul $b Kessarin
702  1 $a Pongsuwan $b Bunyawan
801    $a FR $b 595126101 $c 20081118 $g AFNOR
995    $0 0 $2 0 $4 0 $5 2008-11-15 $9 229948 $P 35.00 $b MED $c MED $e MED3E $f C0004619877 $h AAPCIFI $k DVD/F ARN $o 0 $p 35.00 $r PRETDVD $s DVD_F_ARN $w 44 $y 2017-08-08

