01931cam a2200397   4500
001 201757
003 http://www.mediathequederoubaix.fr/ark:/20179/KH201757
010    $a 978-2-07-061616-9 $b rel. $d 14 EUR
020    $a FR $b 00855695
033    $a http://catalogue.bnf.fr/ark:/12148/cb413541968
035    $a FRBNF413541960000007
073  0 $a 9782070616169
090    $a 201757
091    $b 20240512 $c 1 $a 2
099    $t LI $c 2014-06-30 $d 2024-05-12 $x 9
100    $a 20081013d2008    a  y0frey50      ba
101 0  $a fre
102    $a FR
105    $a ||||z   00|a|
106    $a r
181  0 $6 01 $a i  $b xxxe  
181    $6 02 $c txt $2 rdacontent
182  0 $6 01 $a n
182    $6 02 $c n $2 rdamedia
200 1  $a Ma folle semaine avec Papyrus $b Texte imprimé $f textes, Isabelle Jarry $g illustrations, Aurore Callias
210    $a [Paris] $c Gallimard jeunesse-Giboulées $d DL 2008 $e 85-Luçon $g Impr. Pollina
215    $a 1 vol. (101 p.) $c ill., couv. ill. $d 22 cm
330    $a Titus, 9 ans, va passer une semaine en compagnie de son grand-père, Papyrus, un vieil homme extravagant, se faisant toujours remarquer et lui faisant parfois un peu honte : il fait par exemple pousser des plantes à l'arrière de sa voiture ou vient chercher son petit-fils à l'école, vêtu d'un kilt.
339    $a a
608    $a Albums $2 CNLJ $k Avis critique donné par le Centre national de la littérature pour la jeunesse
686    $a 809 $2 Cadre de classement de la Bibliographie nationale française
700    $3 12151639 $9 25219 $o ISNI0000000081482910 $a Jarry $b Isabelle $f 1959-.... $4 070
702    $3 14581885 $9 72596 $o ISNI0000000008832726 $a Callias $b Aurore $f 1978-.... $4 440
801  0 $a FR $b FR-751131015 $c 20081013 $g AFNOR $h FRBNF413541960000007 $2 intermrc
999    $a FRBNF413541960000007
995    $0 0 $2 0 $4 0 $5 2008-11-28 $9 230140 $P 14.00 $b MED $c MED $e MED0A $f C0004763317 $h JROROZZ $k EXT E R/JAR $o 0 $p 14.00 $r PRETLIV $s EXT_E_RJAR $w 5 $y 2017-03-15 $7 Bateau Livre

