00916nas a2200253 n 4500
001 201925
003 http://www.mediathequederoubaix.fr/ark:/20179/KH201925
005 20160917191401.0
035    $a HZ_PER_0480
090    $a 201925
091    $a 0
099    $t PE $c 2014-06-30 $d 2014-06-30 $x 0
100    $a          1987         frey5003    ba
101    $a fre
102    $a   
200    $a Livres en Nord $e catalogue des ouvrages régionaux reçus à la bibliothèque municipale de Lille $f dir. de publ. Jean-Marie Alexandre
210    $a Lille $c ACCES $d 1987-
326    $a Annuel
339    $a m
607 0  $a Nord (France) $x Bibliographie $x Catalogues $x Périodiques $2 rameau
601 02 $a Médiathèque municipale Jean Lévy (Lille) $x Catalogues $x Périodiques $2 rameau
702  1 $9 149393 $4 651 $a Alexandre $b Jean-Marie
801    $a FR $b 595126101 $c 20140329 $g AFNOR
955    $r 1987-1988, 1988-1989, 1989-1990, 1990-1991, 1991-1992 

