01092nj  a2200253 n 4500
001 202043
003 http://www.mediathequederoubaix.fr/ark:/20179/KH202043
005 20240512044916.0
035    $a HZ_
071 01 $a 26046 $b CBS
090    $a 202043
091    $a 1 $b 20240512 $c 0
099    $t DV $c 2014-06-30 $d 2024-05-12 $x 0
100    $a 20140630              frey50        
101    $a fre
200    $a Where the beat meets the street $b Enr. sonore $f Bobby & the Midnites
215    $a 1 disque
327    $a Face 1 : (I want to live in) America $a Where the beat meets the street $a She's gonna win your heart $a Ain't that peculiar $a Lifeguard $a Face 2 : Rock in the 80's $a Lifeline $a Falling $a Thunder & lightning $a Gloria Monday
339    $a m
710 02 $a Bobby & the Midnites
801    $a FR $b 595126101 $c 20081126 $g AFNOR
930    $5 595126101:F DESD 30/3984 $b 595126101 $a F DESD 30/3984 $e Fonds Patrice Desdoit
317    $a Collection de Patrice Desdoit
995    $0 0 $2 0 $4 0 $5 2008-11-26 $9 230572 $b MED $c MED $e MED2D $f F DESD 30/3984 $h PENPDZZ $k F DESD 30/3984 $o 0 $r PRETSON $s F_DESD_30_398400000000000 $w 0 $y 2014-06-30

