02141cam a2200433   4500
001 202220
003 http://www.mediathequederoubaix.fr/ark:/20179/KH202220
010    $a 978-2-7560-1382-4 $b rel. $d 14,95 EUR
020    $a FR $b 00852796
033    $a http://catalogue.bnf.fr/ark:/12148/cb413355517
035    $a FRBNF413355510000004
073  0 $a 9782756013824
090    $a 202220
091    $b 20240512 $c 1 $a 2
099    $t LI $c 2014-06-30 $d 2024-05-12 $x 9
100    $a 20080919d2008    m  y0frey50      ba
101 1  $a fre $c spa
102    $a FR
105    $a ||||t   00|a|
106    $a r
181  0 $6 01 $a i  $b xxxe   $a b  $b xb2e  
181    $6 02 $c txt $c sti $2 rdacontent
182  0 $6 01 $a n
182    $6 02 $c n $2 rdamedia
200 1  $a L'héritage du colonel $b Texte imprimé $f scénario, Carlos Trillo $g dessin et couleur, Lucas Varela
210    $a [Paris] $c Delcourt $d impr. 2008 $e 85-Luçon $g Impr. Pollina
215    $a 1 vol. (101 p.) $c ill. en coul., jaquette ill. en coul. $d 27 cm
225    $a Mirages
300    $a Trad. de l'espagnol
330    $a Dans l'Argentine de la junte militaire, le très terne quotidien d'Elvio Guastavino, un petit fonctionnaire vivant avec sa vieille mère qu'il néglige, ne s'éclaire que lorsqu'il fantasme sur Luisita, une poupée dans la devanture de la boutique de M. Aaron. En fait, Luisita renvoie Elvio à son adolescence, quand il voyait son père torturer une belle inconnue...
339    $a m
410  0 $0 39190687 $t Mirages (Paris. 2004) $x 1767-2570 $d 2008
608    $a Bandes dessinées $2 CNLJ $k Avis critique donné par le Centre national de la littérature pour la jeunesse
686    $a 805 $2 Cadre de classement de la Bibliographie nationale française
700    $3 12052322 $9 50632 $o ISNI0000000120318399 $a Trillo $b Carlos $f 1943-2011 $4 070
701    $3 15816667 $9 98294 $o ISNI0000000120220711 $a Varela $b Lucas $f 1971-.... $4 070
801  0 $a FR $b FR-751131015 $c 20080919 $g AFNOR $h FRBNF413355510000004 $2 intermrc
999    $a FRBNF413355510000004
995    $0 0 $2 0 $4 0 $5 2008-12-02 $9 230788 $P 14.95 $b MED $c MED $e MED0C $f C0004721331 $h AAPBDZZ $k BD/TRI $o 0 $p 14.95 $r PRETLIV $s BD_TRI $w 22 $y 2022-04-06 $7 BD fugue

