02222cam a2200457   4500
001 202419
003 http://www.mediathequederoubaix.fr/ark:/20179/KH202419
010    $a 978-2-02-049087-0 $b rel. $d 39 EUR
020    $a FR $b 00909197
033    $a http://catalogue.bnf.fr/ark:/12148/cb41372055b
035    $a FRBNF413720550000007
073  0 $a 9782020490870
090    $a 202419
091    $b 20240512 $c 1 $a 2
099    $t LI $c 2014-06-30 $d 2024-05-12 $x 14
100    $a 20081105d2008    m  y0frey50      ba
101 0  $a fre
102    $a FR
105    $a ||||z   00|y|
106    $a r
181  0 $6 01 $a i  $b xxxe  
181    $6 02 $c txt $2 rdacontent
182  0 $6 01 $a n
182    $6 02 $c n $2 rdamedia
200 1  $a Noir $b Texte imprimé $e histoire d'une couleur $f Michel Pastoureau
210    $a Paris $c Éd. du Seuil $d DL 2008 $e impr. en Italie
215    $a 1 vol. (210 p.) $c ill. en coul. $d 25 cm
300    $a Bibliogr. p. 207-210
330    $a Cette histoire du noir dans les sociétés européennes met l'accent sur les pratiques sociales de la couleur (lexiques, teintures, vêtements, emblèmes) et sur ses enjeux proprement artistiques. L'attention est portée à la symbolique ambivalente du noir, appréhendé tantôt de façon positive (fertilité, dignité, autorité, humilité), tantôt de façon négative (tristesse, deuil, péché, enfer).
339    $a m
606    $3 12499413 $9 44832 $a Noir $3 11934444 $9 494 $x Histoire $2 rameau
606    $3 12499413 $9 44832 $a Noir $3 13505483 $9 3498 $x Aspect symbolique $2 rameau
606    $3 12499413 $9 44832 $a Noir $3 16175138 $9 341129 $x Société $2 rameau
608    $a Ouvrages de référence $2 CNLJ $k Avis critique donné par le Centre national de la littérature pour la jeunesse
676    $a 306.4 $v 23
676    $a 701.850 9 $v 23
686    $a 300 $2 Cadre de classement de la Bibliographie nationale française
700    $3 11918746 $9 11572 $o ISNI0000000114704939 $a Pastoureau $b Michel $f 1947-.... $4 070
801  0 $a FR $b FR-751131015 $c 20081105 $g AFNOR $h FRBNF413720550000007 $2 intermrc
999    $a FRBNF413720550000007
995    $0 0 $2 0 $4 0 $5 2019-11-06 $9 401457 $b MED $c MED $e MED1A $f C1400007258 $h AAPATAP $k Doc./714 COU $o 0 $p 39.60 $r PRETLIV $s DOC___714_000000000000000_COU $w 12 $y 2023-09-09

