01050nam a2200289 n 4500
001 202580
003 http://www.mediathequederoubaix.fr/ark:/20179/KH202580
005 20160125021206.0
035    $a HZ_
090    $a 202580
091    $a 0
099    $t LI $c 2014-06-30 $d 2014-06-30 $x 0
100    $a          1945         frey5003    ba
101    $a fre
102    $a   
200    $a La passion des équipages $f Pierre Mariage
210    $a Paris $c Plon $d 1945
215    $a VIII-178 p. $c couv. ill. $d 19 cm
300    $a Grand prix littéraire de l'aéro-club de France
310    $a Dos déchiré
339    $a m
606 0  $9 259166 $a Avions de reconnaissance
606 0  $9 241190 $a Guerre mondiale (1939-1945) $x Récits personnels
700  0 $9 188853 $a Mariage $b Pierre
801    $a FR $b 595126101 $c 20090221 $g AFNOR
930    $5 595126101:C0004785898 $b 595126101 $a MAG L/P 8/116 226 $e Fonds patrimonial
995    $0 0 $2 0 $4 0 $5 2008-12-06 $9 231153 $b MED $c MED $e MED3I $f C0004785898 $h PPEFGZZ $k MAG L/P 8/116 226 $o 2 $r PRETLIV $s MAG_LP_8116_226000000000000 $w 0 $y 2014-06-30 $7 Don

