02548cmm a2200613   4500
001 202746
003 http://www.mediathequederoubaix.fr/ark:/20179/KH202746
010    $a 2-75400-212-X $d 22,90 EUR
020    $a FR $b 70617845
033    $a http://catalogue.bnf.fr/ark:/12148/cb402117126
035    $a FRBNF402117120000007
073  0 $a 9782754002127
090    $a 202746
091    $b 20240512 $c 1 $a 2
099    $t ML $c 2014-06-30 $d 2024-05-12 $x 31
100    $a 20060814d2006    u  y0frey50      ba
101 0  $a fre $a chi $c eng
102    $a FR
105    $a y   z   001y|
106    $a r
126    $a aguxhxx||||||cd $b bex
181  0 $6 01 $a i  $b xxxe  
181    $6 02 $c txt $2 rdacontent
181  0 $6 03 $a h  $b xxxa  
181    $6 04 $c spw $2 rdacontent
182  0 $6 01 $a n
182    $6 02 $c n $2 rdamedia
182  0 $6 03 $a a
182    $6 04 $c s $2 rdamedia
200 1  $a Le chinois pour les nuls $b Multimédia multisupport $f Wendy Abraham $g Joël Bellassen,... Wenhong Yu,... pour l'adaptation française
210    $a Paris $c First éd. $d DL 2006
215    $a 1 vol. (XI-384 p.) $c couv. ill $d 23 cm
215    $a 1 disque compact
225    $a Pour les nuls
300    $a Index, mini dictionnaire chinois-français
302    $a Latin étendu
302    $a Chinois - hanzi, coréen - hanja, japonais - kanji
330    $a Méthode d'apprentissage du chinois mandarin pour acquérir les bases en grammaire et vocabulaire, et s'entraîner en compréhension et expression orale et écrite, avec des tableaux récapitulatifs, des enregistrements de dialogues, des jeux et des exercices.
339    $a m
410  0 $0 34280056 $t Pour les nuls (Paris) $x 1248-4601 $d 2005
454  1 $t Chinese for dummies
503 1  $a Méthode de langue (chinois)
606    $3 11949219 $9 54014 $a Chinois (langue) $2 rameau
608    $a enregistrement parlé $2 frTAV
608    $a édition commerciale $2 frTAV
608    $a autoformation $2 frTAV
608    $a méthode de langue $2 frTAV
686    $a 405 $2 Cadre de classement de la Bibliographie nationale française
702    $3 15098091 $9 290776 $o ISNI0000000071452945 $a Abraham $b Wendy $4 070
702    $3 11891035 $9 98602 $o ISNI0000000079774682 $a Bellassen $b Joël $4 730
702    $3 15068779 $9 52464 $o ISNI0000000005073306 $a Yu $b Wen hong $4 730
801  0 $a FR $b FR-751131015 $c 20060814 $g AFNOR $h FRBNF402117120000007 $2 intermrc
999    $a FRBNF402117120000007
995    $0 0 $2 0 $4 0 $5 2009-01-16 $9 231320 $P 22.90 $b MED $c MED $e MED3A $f C0004800698 $h ACFLALE $k CHI ML $o 0 $p 22.90 $r PRETLIV $s CHI_ML $w 59 $y 2024-02-29 $7 Decitre

