01068nj  a2200253 n 4500
001 202937
003 http://www.mediathequederoubaix.fr/ark:/20179/KH202937
005 20240512045805.0
035    $a HZ_
071 01 $a ATL 50 651 $b Atlantic
090    $a 202937
091    $a 1 $b 20240512 $c 0
099    $t DV $c 2014-06-30 $d 2024-05-12 $x 0
100    $a 20140630              frey50        
101    $a fre
200    $a Head games $b Enr. sonore $f Foreigner
215    $a 1 disque
327    $a Face 1 : Dirty white boy $a Love on the telephone $a Women $a I'll get even with you $a Seveteen $a Face 2 : Head games $a The modern day $a Blinded by science $a Do what you like $a Rev on the red line
339    $a m
710    $7 ba0yba0y $8 fre    $a Foreigner $3 13903561 $9 300387
801    $a FR $b 595126101 $c 20081211 $g AFNOR
930    $5 595126101:F DESD 30/4081 $b 595126101 $a F DESD 30/4081 $e Fonds Patrice Desdoit
317    $a Collection de Patrice Desdoit
995    $0 0 $2 0 $4 0 $5 2008-12-11 $9 231516 $b MED $c MED $e MED2D $f F DESD 30/4081 $h PENPDZZ $k F DESD 30/4081 $o 0 $r PRETSON $s F_DESD_30_408100000000000 $w 0 $y 2014-06-30

