01575na  a2200373 i 4500
001 203244
003 http://www.mediathequederoubaix.fr/ark:/20179/KH203244
005 20240513023023.0
010    $a 978-88-7301-659-5 $b Rel. ss jaq. $d 28.00 EUR
035    $a HZ_2008231838
090    $a 203244
091    $a 2 $b 20240513 $c 0 $s http://www.sudoc.fr/130224758 $m 3
099    $t LI $c 2014-06-30 $d 2024-05-13 $x 2
100    $a 20081027d2008    m  |0frey50  ||||ba
101    $a fre
102    $a IT
105    $a a       0||y|
200    $a Dansons comme des dieux $f Anton Du Beke $g photographies Gregory King
210    $a Rome $c Gremese $d 2008
211    $a 20081002
215    $a 224 p. $c illustrations en noir et en couleur $d 26 x 21 cm $e 1 DVD vidéo
300    $a Sites Web
330    $a Tous les secrets, astuces et techniques pour devenir des danseurs chevronnés et apprendre les techniques avec facilité et succès. Un ouvrage qui prodigue des leçons pour apprendre à bien danser avec un professeur de renommée internationale.
333    $a Tout public
339    $a m
345    $b 9788873016595
606    $a Danse $x Technique $2 rameau
676    $a 792.8 $v 99
700  1 $3 2008230522 $4 070 $a Du Beke $b Anton
801  3 $a FR $b Electre $c 20081027 $g AFNOR
830    $a ELECTREfilo 20090106
856 4  $u http://www.electre.com/GetBlob.asp?Ean=9788873016595,0-2008231838&Size=Original
947    $c 28.00
995    $0 0 $2 0 $4 0 $5 2009-01-06 $9 231885 $P 28.00 $b MED $c MED $e MED1A $f C0004753778 $h AMVASDC $k Doc./788.1 TEC $o 0 $p 28.00 $r PRETLIV $s DOC__788_100000000000000_TEC $w 6 $y 2014-11-07 $7 Decitre

