01886cam a2200409   4500
001 203432
003 http://www.mediathequederoubaix.fr/ark:/20179/KH203432
010    $a 978-2-87767-517-8 $b rel. $d 12,50 EUR
020    $a FR $b 00721284
033    $a http://catalogue.bnf.fr/ark:/12148/cb40999213z
035    $a FRBNF409992130000001
073  0 $a 9782877675178
090    $a 203432
091    $b 20240513 $c 1 $a 2
099    $t LI $c 2014-06-30 $d 2024-05-13 $x 17
100    $a 20070319d2007    a  y0frey50      ba
101 0  $a fre
102    $a FR
105    $a ||||z   00|a|
106    $a r
181  0 $6 01 $a i  $b xxxe  
181    $6 02 $c txt $2 rdacontent
182  0 $6 01 $a n
182    $6 02 $c n $2 rdamedia
200 1  $a Igor et les trois petits cochons $b Texte imprimé $f Geoffroy de Pennart
210    $a Paris $c Kaléidoscope $d DL 2007 $e impr. en Italie
215    $a 1 vol. (non paginé [40] p.) $c ill. en coul., couv. ill. en coul. $d 25 cm
321    $a La Revue des livres pour enfants $x 0398-8384
329    $c Pourquoi pas ? $d 20070424 $2 CNLJ $k Avis critique donné par le Centre national de la littérature pour la jeunesse
339    $a a
608    $a Albums $2 CNLJ $k Avis critique donné par le Centre national de la littérature pour la jeunesse
686    $a 809 $2 Cadre de classement de la Bibliographie nationale française
700    $3 11919058 $9 20601 $o ISNI0000000121386289 $a Pennart $b Geoffroy de $f 1951-.... $4 070
801  0 $a FR $b FR-751131015 $c 20070319 $g AFNOR $h FRBNF409992130000001 $2 intermrc
999    $a FRBNF409992130000001
995    $0 0 $2 0 $4 0 $5 2009-02-18 $9 232438 $P 12.50 $b MED $c MED $e MED0A $f C0004858984 $h JABPFAF $k EXT PE A/PEN $n 2024-07-05 $o 0 $p 12.50 $r PRETLIV $s EXT_PE_A_PEN $w 12 $y 2023-09-21 $7 Bateau Livre
995    $0 0 $2 0 $4 0 $5 2014-01-08 $9 232439 $P 12.70 $b MED $c MED $e MED0A $f C0005646456 $h JABEFAE $k EXT E A/PEN $n 2024-07-12 $o 0 $p 12.70 $r PRETLIV $s EXT_E_A_PEN $w 11 $y 2023-09-02 $7 Bateau Livre

