02047nam a2200445   4500
001 203646
003 http://www.mediathequederoubaix.fr/ark:/20179/KH203646
010    $a 2-86424-362-8 $b br. $d Prix : 85 F : 12,96 EUR
020    $a FR $b 00069144
033    $a http://catalogue.bnf.fr/ark:/12148/cb371961828
035    $a FRBNF37196182000000X
039    $o OPL $a 025840222
090    $a 203646
091    $b 20240513 $c 1 $a 2
099    $t LI $c 2014-06-30 $d 2024-05-13 $x 3
100    $a 20001114d2000    m  y0frey50      ba
101 1  $a fre $c ita
102    $a FR
105    $a ||||z   00|a|
106    $a r
181  0 $6 01 $a i  $b xxxe  
181    $6 02 $c txt $2 rdacontent
182  0 $6 01 $a n
182    $6 02 $c n $2 rdamedia
200 1  $a Le bâtard de Palerme $b Texte imprimé $f Luigi Natoli $g trad. de l'italien par Maruzza Loria et Serge Quadruppani
210    $a Paris $c Métailié $d 2000 $e 18-Saint-Amand-Montrond $g Bussière Camedan impr.
215    $a 777 p. $c couv. ill. en coul. $d 19 cm
225 19 $a Histoire des Beati Paoli. $v 1
225    $a Suites $e suite italienne $x 1281-5667 $v 35
330    $a L'intrigue, publiée en feuilleton en 1909, se déroule au début du XVIIIe siècle en pleine période baroque, après un tremblement de terre, au moment où les souverains espagnols abandonnent la Sicile pour laisser la place à un roi de la famille de Savoie.
339    $a m
410  0 $0 34293233 $t Suites (Paris) $x 1281-5667 $v 35
454  1 $t I Beati Paoli
686    $a 823 $2 Cadre de classement de la Bibliographie nationale française
700    $3 11887089 $9 36144 $o ISNI0000000081151409 $a Natoli $b Luigi $f 1857-1941 $4 070
702    $3 12150202 $9 36145 $o ISNI0000000121356821 $a Loria $b Maruzza $4 730
702    $3 11920821 $9 19696 $o ISNI0000000121435212 $a Quadruppani $b Serge $f 1952-.... $4 730
801  0 $a FR $b FR-751131015 $c 20001114 $g AFNOR $h FRBNF37196182000000X $2 intermrc
999    $a FRBNF37196182000000X
995    $0 0 $2 0 $4 0 $5 2009-01-22 $9 232668 $P 13.00 $b MED $c MED $e MED1A $f C0004767303 $h ALTROZZ $k R/NAT $o 0 $p 13.00 $r PRETLIV $s RNAT $w 4 $y 2019-08-16 $7 Majuscule

