01234nam a2200313 n 4500
001 203815
003 http://www.mediathequederoubaix.fr/ark:/20179/KH203815
005 20180724131016.0
010    $a 978-2-916766-08-9
033    $a http://catalogue.bnf.fr/ark:/12148/cb413109700
035    $a HZ_
090    $a 203815
091    $a 0
099    $t LI $c 2014-06-30 $d 2014-06-30 $x 0
100    $a          2008         frey5003    ba
101    $a fre
102    $a   
200    $a Henri Claverie $e l'intelligence et la bonté... $f Marg Geehli $g [hommage de Pierre Descamps $g conclusion par Monsieur le Professeur Henri Claverie]
210    $a Roubaix $c Ed. Saint-Martin $d 2008
215    $a 196 p. $c ill. $d 21 cm
225 2  $a Les mots de la vie
339    $a m
410    $t Les mots de la vie
700  1 $9 290806 $a Geehli $b Marg $f 1937-....
702  1 $9 211137 $4 080 $a Claverie $b Henri
702  1 $9 286492 $a Descamps $b Pierre $f 1929-.... $4 080
801    $a FR $b 595126101 $c 20090410 $g AFNOR
930    $5 595126101:c0004708202 $b 595126101 $a MAG L/P 8/116 299 $e Fonds patrimonial
995    $0 0 $2 0 $4 0 $5 2009-01-27 $9 232837 $P 23.00 $b MED $c MED $e MED3I $f c0004708202 $h PPEFGZZ $k MAG L/P 8/116 299 $o 2 $p 23.00 $r PRETLIV $s MAG_LP_8116_299000000000000 $w 0 $y 2014-06-30 $7 Decitre

