01018nj  a2200253 n 4500
001 203968
003 http://www.mediathequederoubaix.fr/ark:/20179/KH203968
005 20240513023632.0
035    $a HZ_
071 01 $a LDX 74588 $b Le Chant du monde
090    $a 203968
091    $a 1 $b 20240513 $c 0
099    $t DV $c 2014-06-30 $d 2024-05-13 $x 0
100    $a 20140630              frey50        
101    $a fre
200    $a Piano concerts $b Enr. sonore $f François "Faton" Cahen
215    $a 1 disque
327    $a Face A : Moyen $a Belette bleue $a Face B : Chanson pour le chêne noir $a Boogie 105 $a Japon pollution
339    $a m
700    $7 ba0yba0y $8 fre    $a Cahen $b Faton $f 1944-2011 $3 13892065 $9 1289
801    $a FR $b 595126101 $c 20090131 $g AFNOR
930    $5 595126101:F DESD 30/4161 $b 595126101 $a F DESD 30/4161 $e Fonds Patrice Desdoit
317    $a Collection de Patrice Desdoit
995    $0 0 $2 0 $4 0 $5 2009-01-31 $9 232990 $b MED $c MED $e MED2D $f F DESD 30/4161 $h PENPDZZ $k F DESD 30/4161 $o 0 $r PRETSON $s F_DESD_30_416100000000000 $w 0 $y 2014-06-30

