02094cam a2200433   4500
001 204140
003 http://www.mediathequederoubaix.fr/ark:/20179/KH204140
010    $a 978-2-221-10879-6 $b br. $d 21 EUR
020    $a FR $b 00907613
033    $a http://catalogue.bnf.fr/ark:/12148/cb41418684z
035    $a FRBNF41418684000000X
073  0 $a 9782221108796
090    $a 204140
091    $b 20240513 $c 1 $a 2
099    $t LI $c 2014-06-30 $d 2024-05-13 $x 15
100    $a 20090128d2008    m  y0frey50      ba
101 1  $a fre $c eng
102    $a FR
105    $a ||||z   00|a|
106    $a r
181  0 $6 01 $a i  $b xxxe  
181    $6 02 $c txt $2 rdacontent
182  0 $6 01 $a n
182    $6 02 $c n $2 rdamedia
200 1  $a Le club des policiers yiddish $b Texte imprimé $f Michael Chabon $g traduit de l'anglais (États-Unis) par Isabelle D. Philippe
210    $a Paris $c R. Laffont $d impr. 2008 $e 27-Mesnil-sur-l'Estrée $g Impr. Firmin-Didot
215    $a 1 vol. (481 p.) $c couv. et jaquette ill. $d 22 cm
225    $a Pavillons
300    $a Glossaire
330    $a Dans le nouvel Israël, à Sitka, en Alaska, vivent deux millions de Juifs. Un junkie est retrouvé dans un hôtel minable, assassiné. Landsman découvre qu'il s'agit du fils du plus puissant rabbin de la région, le chef des verbovers, des Juifs ultra-orthodoxes. Mais des ordres venant de l'étranger exigent la clôture de l'enquête. Landsman, indépendant et têtu, veut en savoir plus...
339    $a m
410  0 $0 34234474 $t Pavillons (Paris. 1945) $x 0768-0015 $d 2008
454  1 $t The Yiddish policemen's union
686    $a 803 $2 Cadre de classement de la Bibliographie nationale française
700    $3 12105261 $9 69821 $o ISNI0000000121319326 $a Chabon $b Michael $f 1963-.... $4 070
702    $3 12109502 $9 283217 $o ISNI0000000110344673 $a Philippe $b Isabelle D. $4 730
801  0 $a FR $b FR-751131015 $c 20090128 $g AFNOR $h FRBNF41418684000000X $2 intermrc
999    $a FRBNF41418684000000X
995    $0 0 $2 0 $4 0 $5 2009-02-04 $9 233161 $P 21.00 $b MED $c MED $e MED1A $f C0004828256 $h ALTROPL $k RP/CHA $o 0 $p 21.00 $r PRETLIV $s RPCHA $w 35 $y 2024-03-02 $7 Majuscule

