01088nj  a2200253 n 4500
001 204289
003 http://www.mediathequederoubaix.fr/ark:/20179/KH204289
005 20240513024106.0
035    $a HZ_
071 01 $a SLP 87 $b Milan
090    $a 204289
091    $a 1 $b 20240513 $c 0
099    $t DV $c 2014-06-30 $d 2024-05-13 $x 0
100    $a 20140630              frey50        
101    $a fre
200    $a Tu as calé le moteur $b Enr. sonore $a In the sweet bye and bye $a Caravan... [etc.] $f Haricots rouges
215    $a 1 disque
327    $a Aussi : Love me tender $a Shake rattle and roll $a Face B : Bourbon street parade $a Hé là-bas $a Freight train $a Tu peux pas étrangler ta femme $a Panama $a Every body loves saturday night
339    $a m
710 02 $a Haricots Rouges
801    $a FR $b 595126101 $c 20090205 $g AFNOR
930    $5 595126101:F DESD 30/4214 $b 595126101 $a F DESD 30/4214 $e Fonds Patrice Desdoit
317    $a Collection de Patrice Desdoit
995    $0 0 $2 0 $4 0 $5 2009-02-05 $9 233351 $b MED $c MED $e MED2D $f F DESD 30/4214 $h PENPDZZ $k F DESD 30/4214 $o 0 $r PRETSON $s F_DESD_30_421400000000000 $w 0 $y 2014-06-30

