01870cam a2200409   4500
001 204467
003 http://www.mediathequederoubaix.fr/ark:/20179/KH204467
010    $a 978-2-8036-2508-6 $b rel. $d 29 EUR
020    $a FR $b 00911351
033    $a http://catalogue.bnf.fr/ark:/12148/cb41415357h
035    $a FRBNF414153570000002
073  0 $a 9782803625086
090    $a 204467
091    $b 20240513 $c 1 $a 2
099    $t LI $c 2014-06-30 $d 2024-05-13 $x 1
100    $a 20090122d2009    m  y0frey50      ba
101 1  $a fre $c dut
102    $a BE
105    $a ||||t   00|a|
106    $a r
181  0 $6 01 $a i  $b xxxe   $a b  $b xb2e  
181    $6 02 $c txt $c sti $2 rdacontent
182  0 $6 01 $a n
182    $6 02 $c n $2 rdamedia
200 1  $a Kinky & Cosy $b Texte imprimé $f Nix
210    $a Bruxelles $a [Paris] $c le Lombard $d DL 2009 $e impr. en Chine
215    $a 1 vol. (266-[31] p.) $c ill. en coul., couv. ill. en coul. $d 18 x 23 cm
327    $a Contient aussi : C'est encore loin ? ; Rincez-moi, SVP ; Avec ou sans, ça dépend, etc.
330    $a Les jumelles Kinky et Cosy sont des fillettes cyniques et particulièrement curieuses du monde des adultes. Ce volume contient la totalité des strips parus à ce jour, des inédits, des jeux et des maquettes de personnages à monter soi-même.
339    $a m
517 1  $a Kinky et Cosy
608    $a Bandes dessinées $2 CNLJ $k Avis critique donné par le Centre national de la littérature pour la jeunesse
686    $a 805 $2 Cadre de classement de la Bibliographie nationale française
700    $3 14646179 $9 15949 $o ISNI0000000079982676 $a Nix $f 1969-.... $4 070
801  0 $a FR $b FR-751131015 $c 20090122 $g AFNOR $h FRBNF414153570000002 $2 intermrc
999    $a FRBNF414153570000002
995    $0 0 $2 0 $4 0 $5 2009-02-10 $9 233531 $P 29.00 $b MED $c MED $e MED0C $f C0004830457 $h AAPBDZZ $k BD/NIX $o 0 $p 29.00 $r PRETLIV $s BDNIX $w 19 $y 2021-06-04 $7 BD fugue

