01482nj  a2200277 n 4500
001 204606
003 http://www.mediathequederoubaix.fr/ark:/20179/KH204606
005 20240513024156.0
035    $a HZ_
071 01 $b EMI Music
090    $a 204606
091    $a 1 $b 20240513 $c 0
099    $t DC $c 2014-06-30 $d 2024-05-13 $x 32
100    $a 20140630 2007         frey50        
101    $a fre
200    $a Selling England by the pound $b Enr. sonore $f Genesis
210    $d P 2007
215    $a 1d.c. $e 1 DVD $e 1 livret (12 cm ; n.p.)
327    $a CD : Dancing With The Moonlit knight $a I Know What I Like (In your Wardrobe) $a First of fifth $a More Fool Me $a The Battle Of Epping forest $a After The Ordeal $a The Cinema Show $a Aisle Of Plenty $a DVD : Dancing With The Moonlit knight $a I Know What I Like (In your Wardrobe) $a First of fifth $a More Fool Me $a The Battle Of Epping forest $a After The Ordeal $a The Cinema Show $a Aisle Of Plenty $a DVD extras : Reissues interview 2007 $a Shepperton studios, Italians TV 1973 $a Bataclan, France 1973
339    $a m
345    $a Temple du disque
606 0  $7 ba0yba0y $8 fre    $3 12499708 $9 400 $a Rock progressif $x Disques $y Grande-Bretagne $y Angleterre (GB) $2 rameau
679    $a 2 $c 40
710  1 $7 ba0yba0y $8 fre    $a Genesis
801    $a FR $b 595126101 $c 20090918 $g AFNOR
995    $0 0 $2 0 $4 0 $5 2009-03-14 $9 233701 $P 23.25 $b MED $c MED $e MED1A $f C0004803777 $h AMV20ZZ $k DC/2 GEN 40 $l contient 1 DC + 1 DVD $o 0 $p 23.25 $r PRETSON $s DC_2_GEN_400000000000000 $w 72 $y 2023-09-08 $7 Le temple du disque

