00950nj  a2200253 n 4500
001 204920
003 http://www.mediathequederoubaix.fr/ark:/20179/KH204920
005 20240513024619.0
035    $a HZ_
071 01 $a 812 529-1 $b Good Times
090    $a 204920
091    $a 1 $b 20240513 $c 0
099    $t DV $c 2014-06-30 $d 2024-05-13 $x 0
100    $a 20140630              frey50        
101    $a fre
200    $a Break out $b Enr. sonore $f Quenzo
215    $a 1 disque
327    $a Face A : Break out (version vocale longue + instrumentale mixée) $a Face B : Break out (remix version longue)
339    $a m
710 02 $a Quenzo
801    $a FR $b 595126101 $c 20090220 $g AFNOR
930    $5 595126101:F DESD 30/4439 $b 595126101 $a F DESD 30/4439 $e Fonds Patrice Desdoit
317    $a Collection de Patrice Desdoit
995    $0 0 $2 0 $4 0 $5 2009-02-20 $9 234014 $b MED $c MED $e MED2D $f F DESD 30/4439 $h PENPDZZ $k F DESD 30/4439 $o 0 $r PRETSON $s F_DESD_30_443900000000000 $w 0 $y 2014-06-30

