01682nj  a2200337 n 4500
001 205098
003 http://www.mediathequederoubaix.fr/ark:/20179/KH205098
005 20240513024658.0
035    $a HZ_
071 01 $a 773.808 $b Malligator
090    $a 205098
091    $a 1 $b 20240513 $c 0
099    $t DV $c 2014-06-30 $d 2024-05-13 $x 0
100    $a 20140630              frey50        
101    $a fre
200    $a The Best of Disco $b Enr. sonore $f Kongas, Pado and Co, Don Ray... [et al.]
215    $a 2 disques
327    $a Face A : Africanism - Gimme some loving / Kongas $a Let's have a party / Pado and Co $a Standing in the rain / Don Ray $a Face B : Got to have loving / Don Ray $a Tatoo woman / Kongas $a Crocos dance / Revelacion $a Face C : The house of the rising sun - Revelacion suite / Revelacion $a Don't refuse me / Pado and Co $a La nuit pour nous / Cristal $a Face D : Générique (B.O.F. Brigade Mondaine) / Cerrone $a Dream disco / Max Berlins's $a Disco radio / Five Letters $a Phonic (B.O.F. Brigade Mondaine) / Cerrone
339    $a m
701  1 $a Ray $b Don
701  1 $a Berlins $b Max
701    $7 ba0yba0y $8 fre    $a Cerrone $b Marc $f 1952-.... $3 12595645 $9 10504
710    $7 ba0yba0y $8 fre    $a Kongas $3 13904468 $9 85913
711 02 $a Pado and Co
711 02 $a Revelacion
711 02 $a Cristal
711    $7 ba0yba0y $8 fre    $a Five letters $3 13903502 $9 21277
801    $a FR $b 595126101 $c 20101005 $g AFNOR
930    $5 595126101:F DESD 30/4462 $b 595126101 $a F DESD 30/4462 $e Fonds Patrice Desdoit
317    $a Collection de Patrice Desdoit
995    $0 0 $2 0 $4 0 $5 2009-02-24 $9 234245 $b MED $c MED $e MED2D $f F DESD 30/4462 $h PENPDZZ $k F DESD 30/4462 $o 0 $r PRETSON $s F_DESD_30_446200000000000 $w 0 $y 2014-06-30

