01024nj  a2200253 n 4500
001 205237
003 http://www.mediathequederoubaix.fr/ark:/20179/KH205237
005 20240513025207.0
035    $a HZ_
071 01 $a 2c068-72349 $b Pathé Marconi
090    $a 205237
091    $a 1 $b 20240513 $c 0
099    $t DV $c 2014-06-30 $d 2024-05-13 $x 0
100    $a 20140630              frey50        
101    $a fre
200    $a Latitude $b Enr. sonore $f Marc Uhlrich
215    $a 1 disque
327    $a Face 1 : Petite romance $a Deckaroo $a Ballade opus $a Behind the gates of paradise $a Melancholy mood $a Face 2 : Digits $a Rendez-vous $a Exit one $a Natural mind $a Come in Rangoon
339    $a m
700  1 $a Ulrich $b Marc
801    $a FR $b 595126101 $c 20090227 $g AFNOR
930    $5 595126101:F DESD 30/4529 $b 595126101 $a F DESD 30/4529 $e Fonds Patrice Desdoit
317    $a Collection de Patrice Desdoit
995    $0 0 $2 0 $4 0 $5 2009-02-27 $9 234410 $b MED $c MED $e MED2D $f F DESD 30/4529 $h PENPDZZ $k F DESD 30/4529 $o 0 $r PRETSON $s F_DESD_30_452900000000000 $w 0 $y 2014-06-30

