00926nam a2200265 n 4500
001 205391
003 http://www.mediathequederoubaix.fr/ark:/20179/KH205391
005 20160125013807.0
035    $a HZ_
090    $a 205391
091    $a 0
099    $t LI $c 2014-06-30 $d 2014-06-30 $x 0
100    $a          1941         frey5003    ba
101    $a fre
102    $a   
200    $a La faute d'autrui $f par Henri Ardel
210    $a Paris $c Plon $d [1941]
215    $a 253 p. $c couv. ill. en coul. $d 17 cm
225 2  $a Nouvelle bibliothèque Plon $v 30
339    $a m
410    $t Nouvelle bibliothèque Plon $v 30
700  1 $9 212828 $a Ardel $b Henri
801    $a FR $b 595126101 $c 20090313 $g AFNOR
930    $5 595126101:C0004789444 $b 595126101 $a MAG L/P 8/116 252 $e Fonds patrimonial
995    $0 0 $2 0 $4 0 $5 2009-03-05 $9 234595 $b MED $c MED $e MED3I $f C0004789444 $h PPEFGZZ $k MAG L/P 8/116 252 $o 2 $r PRETLIV $s MAG_LP_8116_252000000000000 $w 0 $y 2014-06-30 $7 Don

