01362nam a2200337 n 4500
001 205511
003 http://www.mediathequederoubaix.fr/ark:/20179/KH205511
005 20220619021551.0
035    $a HZ_
090    $a 205511
091    $a 0
099    $t LI $c 2014-06-30 $d 2022-06-19 $x 0
100    $a          2003         frey5003    ba
101    $a fre
102    $a   
200    $a En barque pour le nouveau monde... $e journée d'animations sur les berges et sur le canal de Roubaix $f Associations L'O de vie
210    $a Lille $c L'O de vie $d [2003]
215    $a [9] f. $c ill. en noir et en coul., couv. ill. en coul. $d 30 cm
300    $a Don de Emile Duhamel, novembre 2005
304    $a Titre de couverture
307    $a Verso des feuillets blanc
310    $a Rel. spirale
339    $a m
606 0  $9 247031 $a Canaux $y France $y Roubaix (Nord)
606 0  $9 258202 $a Animation socio-culturelle $y France $y Roubaix (Nord)
607    $7 ba0yba0y $8 fre    $a Roubaix, Canal de (Nord, France) $9 81351
702  1 $9 165913 $4 320 $a Duhamel $b Émile $c roubaisien
710 02 $9 135790 $a L' O de vie $c Lille
801    $a FR $b 595126101 $c 20100916 $g AFNOR
930    $5 595126101:C0004821709 $b 595126101 $a RES 4/1324 $e Fonds patrimonial
995    $0 0 $2 0 $4 0 $5 2009-03-07 $9 234721 $b MED $c MED $e MED3P $f C0004821709 $h PPEFGZZ $k RES 4/1324 $o 2 $r PRETLIV $s RES_41324_000000000000000 $w 0 $y 2014-06-30 $7 Don

