01180na  a2200289   4500
001 205664
003 http://www.mediathequederoubaix.fr/ark:/20179/KH205664
005 20220417042657.0
011    $a 0337-4661
033    $a http://catalogue.bnf.fr/ark:/12148/cb34376394b
035    $a HZ_
090    $a 205664
091    $a 0
099    $t LI $c 2014-06-30 $d 2022-04-17 $x 2
100    $a 19       2009    k  y0frey5003    ba
101    $a fre
200    $a Mésaventures d'un petit reporter en Nord $f Jean-Noël Coghe $g avec les dessins de presse de Matthieu Bouyer
210    $a Lille $c Les Lumières de Lille $d 2009
215    $a 125 p. $c ill. $d 28 cm
339    $a m
606 0  $a Célébrités $y France $y Nord-Pas-de-Calais (France) $2 rameau
607    $a Nord (France) $x Anecdotes $2 rameau
702  1 $9 212926 $4 440 $a Bouyer $b Matthieu
700    $7 ba0yba0y $8 fre    $a Coghe $b Jean-Noël $f 1946-.... $9 52742
801    $a FR $b 595126101 $c 20090314 $g AFNOR
930    $5 595126101:C0004823400 $b 595126101 $a FR/305.844 COG $e Fonds régional de prêt
995    $0 0 $2 0 $4 0 $5 2009-03-14 $9 234901 $b MED $c MED $e MED3J $f C0004823523 $h PPEFGZZ $k MAG L/P 4/209 899 $o 2 $r PRETLIV $s MAG_LP_4209_899000000000000 $w 0 $y 2014-06-30 $7 Don

