01798cam a2200373   4500
001 205827
003 http://www.mediathequederoubaix.fr/ark:/20179/KH205827
010    $a 978-2-207-26071-5 $b br. $d 16 EUR
020    $a FR $b 00940018
033    $a http://catalogue.bnf.fr/ark:/12148/cb414949478
035    $a FRBNF414949470000003
073  0 $a 9782207260715
090    $a 205827
091    $b 20240513 $c 1 $a 2
099    $t LI $c 2014-06-30 $d 2024-05-13 $x 3
100    $a 20090605d2009    m  y0frey50      ba
101 0  $a fre
102    $a FR
105    $a ||||z   00|a|
106    $a r
181  0 $6 01 $a i  $b xxxe  
181    $6 02 $c txt $2 rdacontent
182  0 $6 01 $a n
182    $6 02 $c n $2 rdamedia
200 1  $a À la recherche d'Alice $b Texte imprimé $e roman $f Sophie Bassignac
210    $a [Paris] $c Denoël $d impr. 2009 $e 27-Mesnil-sur-l'Estrée $g Impr. CPI Firmin-Didot
215    $a 1 vol. (196 p.) $c jaquette ill. en coul. $d 21 cm
330    $a Alice Conque a ligoté la belle et célibataire Catherine Hersch. L'inspecteur Picasso qui tente de déterminer la cause de ses actes l'interroge. Elle lui révèle des lettres anonymes, des rendez-vous secrets, des bijoux et des inconnus qui apparaissent et disparaissent mystérieusement. Troublé, il décide de s'intéresser de plus près à cette guide conférencière passionnée de sculpture antique.
339    $a m
686    $a 803 $2 Cadre de classement de la Bibliographie nationale française
700    $3 15989013 $9 99435 $o ISNI0000000120964972 $a Bassignac $b Sophie $f 1960-.... $4 070
801  0 $a FR $b FR-751131015 $c 20090605 $g AFNOR $h FRBNF414949470000003 $2 intermrc
999    $a FRBNF414949470000003
995    $0 0 $2 0 $4 0 $5 2009-03-20 $9 235071 $P 16.00 $b MED $c MED $e MED1A $f C0004842022 $h ALTROZZ $k R/BAS $o 0 $p 16.00 $r PRETLIV $s R_BAS $w 6 $y 2020-12-10 $7 Majuscule

