01891ng  a2200337 n 4500
001 205970
003 http://www.mediathequederoubaix.fr/ark:/20179/KH205970
005 20240513025955.0
035    $a HZ_ADAV114512               
090    $a 205970
091    $a 1 $b 20240513 $c 0
099    $t VD $c 2014-06-30 $d 2024-05-13 $x 15
100    $a 20140630 2008         frey50        
101    $a spa
200    $a Les enfants sont partis $b DVD $d El nido vacio $f Daniel Burman, réal. $g Santiago Río Hinckelmann, mus.
210    $a Argentine $c BD Cine $d 2008
215    $a 1 DVD (1h 32 min) $c coul., sonore
305    $a Version original sous-titré en français
323    $a Interprètes : Cecilia Roth, Inés Efron, Jean Pierre Noher...[et al.]
327    $a Les coulisses du film
330    $a Ecrivain réputé, Leonardo est marié à Martha, parents de trois enfants, ils forment un couple comblé et font l'envie de leurs amis... Mais lorsque Julia, leur fille cadette, se marie et quitte la ville, Leonardo et Martha se retrouvent seuls. Martha tente de surmonter ses frustrations en retournant à l'université et en menant une vie sociale intense. De son côté, Leonardo se réfugie dans ses fantasmes. A tel point qu'il ne parvient bientôt plus à distinguer son monde imaginaire de la réalité...
339    $a m
510    $a El nido vacio
606 0  $a Cinéma $y Argentine $z 1990-.... $x DVD $2 rameau
700    $7 ba0yba0y $8 fre    $a Burman $b Daniel $f 1973-.... $3 14627492 $4 300 $9 82527
702  1 $4 545 $a Hinckelmann $b Santiago Río
702  1 $a Noher $b Jean Pierre
702    $7 ba0yba0y $8 fre    $a Efron $b Inés $3 15949587 $9 99471
702    $7 ba0yba0y $8 fre    $a Roth $b Cecilia $f 1958-.... $3 14038943 $9 95003
801    $a FR $b 595126101 $c 20090903 $g AFNOR
995    $0 0 $2 0 $4 0 $5 2009-06-11 $9 235215 $P 41.20 $b MED $c MED $e MED1A $f C0004816461 $h AAPCIFI $k DVD/F BUR $o 0 $p 41.20 $r PRETDVD $s DVD_F_BUR $w 39 $y 2023-09-17 $7 ADAV

