01004nj  a2200253 n 4500
001 206130
003 http://www.mediathequederoubaix.fr/ark:/20179/KH206130
005 20240513030523.0
035    $a HZ_
071 01 $a 2429 151 $b Capricorn Super
090    $a 206130
091    $a 1 $b 20240513 $c 0
099    $t DV $c 2014-06-30 $d 2024-05-13 $x 0
100    $a 20140630              frey50        
101    $a fre
200    $a Left coast live $b Enr. sonore $f Wet Willie
215    $a 1 disque
327    $a Face 1 : No, no, no $a Grits and groceries $a Everything that 'cha do (will come back to you) $a Teaser $a Face 2 : Lucy was in trouble $a Keep on smilin'
339    $a m
710 02 $a Wet Willie
801    $a FR $b 595126101 $c 20090402 $g AFNOR
930    $5 595126101:F DESD 30/4691 $b 595126101 $a F DESD 30/4691 $e Fonds Patrice Desdoit
317    $a Collection de Patrice Desdoit
995    $0 0 $2 0 $4 0 $5 2009-04-02 $9 235420 $b MED $c MED $e MED2D $f F DESD 30/4691 $h PENPDZZ $k F DESD 30/4691 $o 0 $r PRETSON $s F_DESD_30_469100000000000 $w 0 $y 2014-06-30

