01579cam a2200373   4500
001 206429
003 http://www.mediathequederoubaix.fr/ark:/20179/KH206429
010    $a 978-2-84414-298-6 $b br. $d 27 EUR
020    $a FR $b 00924395
033    $a http://catalogue.bnf.fr/ark:/12148/cb414372303
035    $a FRBNF41437230000000X
073  0 $a 9782844142986
090    $a 206429
091    $b 20240513 $c 1 $a 2
099    $t LI $c 2014-06-30 $d 2024-05-13 $x 1
100    $a 20090302d2009    m  y0frey50      ba
101 0  $a fre
102    $a FR
105    $a ||||t   00|a|
106    $a r
181  0 $6 01 $a i  $b xxxe   $a b  $b xb2e  
181    $6 02 $c txt $c sti $2 rdacontent
182  0 $6 01 $a n
182    $6 02 $c n $2 rdamedia
200 1  $a Gaspation ! $b Texte imprimé $f Charlie Schlingo
210    $a Paris $c l'Association $d impr. 2009 $e 42-Saint-Étienne $g Impr. Vasti-Dumas
215    $a 1 vol. (non paginé [ca 152] p.) $c ill. en noir et en coul., couv. ill. $d 32 cm
330    $a Réunit l'ouvrage paru en 1979 et des planches de la période 1978-1982, ensemble représentatif de l'humour underground, iconoclaste et absurde de Charlie Schlingo.
339    $a m
686    $a 805 $2 Cadre de classement de la Bibliographie nationale française
700    $3 11923999 $9 27303 $o ISNI0000000079746243 $a Schlingo $b Charlie $f 1955-2005 $4 070
801  0 $a FR $b FR-751131015 $c 20090302 $g AFNOR $h FRBNF41437230000000X $2 intermrc
999    $a FRBNF41437230000000X
995    $0 0 $2 0 $4 0 $5 2009-04-14 $9 235910 $P 27.00 $b MED $c MED $e MED3H $f C0004838099 $h AAPBDZZ $k BD/SCH $o 0 $p 27.00 $r PRETLIV $s BD_SCH $w 5 $y 2017-05-03 $7 BD fugue

