02155ng  a2200325 n 4500
001 206661
003 http://www.mediathequederoubaix.fr/ark:/20179/KH206661
005 20240513030723.0
035    $a HZ_VHS
090    $a 206661
091    $a 1 $b 20240513 $c 0
099    $t VD $c 2014-06-30 $d 2024-05-13 $x 27
100    $a 20140630 2008         frey50        
101    $a fre
200    $a Coco Chanel $b DVD $f Christian Duguay, réal. $g Ron Hutchinson, Enrico Medioli, scénario $g Andrea Guerra, mus.
210    $a France $c Pampa Production $d 2008
215    $a 1 DVD (3h) $c coul., sonore
323    $a Interprètes : Barbora Bobulova, Shirley MacLaine, Sagamore Stevenin...[et al.]
330    $a Comment Gabrielle est devenue Coco Chanel. De l'orphelinat qui, en lui apprenant la couture, lui facilitera la découverte de ses dons, à l'amour fondateur de sa vie, son aventure avec Boy Capel, la première partie de la vie de celle que tous ses collaborateurs appelaient "Mademoiselle ". C'est à, travers le regard de Chanel en 1954, de retour d&lt;U+00B9&gt;un exil volontaire en Suisse qui l'aura éloignée plus de 15 ans des ateliers de la mode, que la 2ème partie suit la métamorphose de cette femme intraitable et géniale qui a non seulement habillé les plus grandes de ce monde, mais aura révolutionné la mode en permettant aux femmes de vivre naturellement.
339    $a m
345    $a VHS $b 19477 $d P/C
606 0  $7 ba0yba0y $8 fre    $3 11982337 $9 74088 $a Téléfilms $x DVD $y France $z 1990-.... $2 rameau
700    $7 ba0yba0y $8 fre    $a Duguay $b Christian $f 1957-.... $3 14044245 $4 300 $9 74114
702  1 $4 690 $a Hutchinson $b Ron
702  1 $7 ba0yba0y $8 fre    $3 14229973 $9 273 $7 ba0yba0y $8 fre    $a Stévenin $b Sagamore $f 1974-....
702  1 $7 ba0yba0y $8 fre    $3 14516337 $9 268 $7 ba0yba0y $8 fre    $a Bobulova $b Barbora $f 1974-....
702    $7 ba0yba0y $8 fre    $a Medioli $b Enrico $f 1925-2017 $3 13621479 $9 271
702    $7 ba0yba0y $8 fre    $a MacLaine $b Shirley $f 1934-.... $3 11913812 $9 79114
801    $a FR $b 595126101 $c 20090520 $g AFNOR
995    $0 0 $2 0 $4 0 $5 2009-05-16 $9 236184 $P 52.00 $b MED $c MED $e MED1A $f C0004812679 $h AAPCIFI $k DVD/F DUG $o 0 $p 52.00 $r PRETDVD $s DVD_F_DUG $w 57 $y 2020-10-15 $7 VHS

