03165cam a2200529   4500
001 206802
003 http://www.mediathequederoubaix.fr/ark:/20179/KH206802
010    $a 978-2-07-061370-0 $b br. $d 7,90 EUR
020    $a FR $b 00935521
033    $a http://catalogue.bnf.fr/ark:/12148/cb41483667m
035    $a FRBNF414836670000001
073  0 $a 9782070613700
090    $a 206802
091    $b 20240513 $c 1 $a 2
099    $t LI $c 2014-06-30 $d 2024-05-13 $x 12
100    $a 20090518d2009    a  y0frey50      ba
101 1  $a fre $c eng
102    $a FR
105    $a ||||z   00|a|
106    $a r
181  0 $6 01 $a i  $b xxxe  
181    $6 02 $c txt $2 rdacontent
182  0 $6 01 $a n
182    $6 02 $c n $2 rdamedia
200 1  $a La ferme de grand-père $b Texte imprimé $f Patricia MacLachlan $g illustré par Quentin Blake $g [traduit de l'anglais par Anne Krief]
210    $a [Paris] $c Gallimard jeunesse $d DL 2009 $e impr. en Italie
215    $a 1 vol. (104 p.) $c ill. en coul., couv. ill. en coul. $d 18 cm
225 19 $a L'histoire de Sarah la pas belle $v 5
225    $a Folio cadet $v 523
321    $a La Revue des livres pour enfants $x 0398-8384
321    $a La Revue des livres pour enfants. Sélection annuelle
329    $c Bravo ! $a S'il ne se passe pas grand-chose au fil des pages, ce petit roman a le goût de la vie, celle des habitants de l'Ouest américain au XIXe siècle. Tandis que sa grande soeur se marie, Cassie, neuf ans, observe les choses et les gens, et en particulier Jack, son petit frère, qui adore son grand-père et l'imite en tout - attitudes et langage -. Mais le grand-père est vieux, il meurt... Jack est-il capable de comprendre ce qui se passe ? Cassie en est persuadée. Un roman plein de finesse, qui regarde le monde à hauteur d'enfant. $d 20090415 $f MA $2 CNLJ $k Avis critique donné par le Centre national de la littérature pour la jeunesse
330    $a Grand-père n'apprécie pas l'effervescence des préparatifs du mariage d'Anna, la belle-fille de Sarah. Puis son agacement laisse place à la joie de fêter l'évènement : il acquiert une voiture pour l'occasion et est prêt à accueillir les invités.
333    $a À partir de 9 ans $2 CNLJ $k Avis critique donné par le Centre national de la littérature pour la jeunesse
339    $a a
410  0 $0 34229509 $t Folio cadet $x 0293-891X $v 523
454  1 $t Grandfather's dance
461    $3 2009130402 $t L'histoire de Sarah la pas belle
608    $a Romans $2 CNLJ $k Avis critique donné par le Centre national de la littérature pour la jeunesse
676    $a 811.5 $v 23
686    $a 809 $2 Cadre de classement de la Bibliographie nationale française
700    $3 12015973 $9 13153 $o ISNI0000000081000045 $a MacLachlan $b Patricia $f 1938-2022 $4 070
702    $3 11892199 $9 2032 $o ISNI0000000121037484 $a Blake $b Quentin $f 1932-.... $4 440
702    $3 11910100 $9 9662 $o ISNI0000000121201010 $a Krief $b Anne $4 730
801  0 $a FR $b FR-751131015 $c 20090518 $g AFNOR $h FRBNF414836670000001 $2 intermrc
999    $a FRBNF414836670000001
995    $0 0 $2 0 $4 0 $5 2009-04-17 $9 236395 $P 7.90 $b MED $c MED $e MED0A $f C0004867658 $h JROROZZ $k EXT E R/MAC $o 0 $p 7.90 $r PRETLIV $s EXT_E_R_MAC $w 11 $y 2021-09-21 $7 Bateau Livre

