01809cam a2200409   4500
001 206953
003 http://www.mediathequederoubaix.fr/ark:/20179/KH206953
010    $a 978-2-08-12-1334-0 $b br. $d 19 EUR
020    $a FR $b 00921069
033    $a http://catalogue.bnf.fr/ark:/12148/cb414250796
035    $a FRBNF414250790000007
073  0 $a 9782081213340
090    $a 206953
091    $b 20240513 $c 1 $a 2
099    $t LI $c 2014-06-30 $d 2024-05-13 $x 24
100    $a 20090210d2009    m  y0frey50      ba
101 0  $a fre
102    $a FR
105    $a ||||z   00|y|
106    $a r
181  0 $6 01 $a i  $b xxxe  
181    $6 02 $c txt $2 rdacontent
182  0 $6 01 $a n
182    $6 02 $c n $2 rdamedia
200 1  $a Entre mères et filles $b Texte imprimé $e les mots qui tuent $f Caroline et Joseph Messinger
210    $a Paris $c Flammarion $d impr. 2009 $e 27-Mesnil-sur-l'Estrée $g Impr. CPI Firmin-Didot
215    $a 1 vol. (300 p.) $c couv. ill. en coul. $d 24 cm
330    $a Grâce à de nombreux exemples issus de témoignages, les auteurs proposent aux femmes de décrypter leur usage des mots afin de favoriser l'épanouissement au sein de la relation avec leur fille.
339    $a m
606    $3 11946074 $9 10560 $a Mères et filles $2 rameau
676    $a 155.646 3 $v 23
686    $a 150 $2 Cadre de classement de la Bibliographie nationale française
700    $3 13549769 $9 89711 $o ISNI0000000039744251 $a Messinger $b Caroline $4 070
701    $3 12297852 $9 89710 $o ISNI0000000120998216 $a Messinger $b Joseph $f 1945-2012 $4 070
801  0 $a FR $b FR-751131015 $c 20090210 $g AFNOR $h FRBNF414250790000007 $2 intermrc
999    $a FRBNF414250790000007
995    $0 0 $2 0 $4 0 $5 2009-04-21 $9 236568 $P 19.00 $b MED $c MED $e MED1A $f C0004794384 $h AAPPLPS $k Doc./157 FAM $o 0 $p 19.00 $r PRETLIV $s DOC___157_000000000000000_FAM $w 42 $y 2024-03-12 $7 Decitre

