01022nj  a2200253 n 4500
001 207120
003 http://www.mediathequederoubaix.fr/ark:/20179/KH207120
005 20240513031750.0
035    $a HZ_
071 01 $a 2C 068-64334 $b Pathé Marconi
090    $a 207120
091    $a 1 $b 20240513 $c 0
099    $t DV $c 2014-06-30 $d 2024-05-13 $x 0
100    $a 20140630              frey50        
101    $a fre
200    $a You got my love $b Enr. sonore $a Can you handle it $a It's a lie... [etc.] $f Sharon Redd
215    $a 1 disque
327    $a Face 2 : Try my love on for size $a Leaving you is easier said than done $a Love is gonna get ya $a You stayed on my mind
339    $a m
700  1 $a Redd $b Sharon
801    $a FR $b 595126101 $c 20090422 $g AFNOR
930    $5 595126101:F DESD 30/4855 $b 595126101 $a F DESD 30/4855 $e Fonds Patrice Desdoit
317    $a Collection de Patrice Desdoit
995    $0 0 $2 0 $4 0 $5 2009-04-22 $9 236765 $b MED $c MED $e MED2D $f F DESD 30/4855 $h PENPDZZ $k F DESD 30/4855 $o 0 $r PRETSON $s F_DESD_30_485500000000000 $w 0 $y 2014-06-30

