01036nj  a2200253 n 4500
001 207252
003 http://www.mediathequederoubaix.fr/ark:/20179/KH207252
005 20240513031809.0
035    $a HZ_
071 01 $a 407 $b VG
090    $a 207252
091    $a 1 $b 20240513 $c 0
099    $t DV $c 2014-06-30 $d 2024-05-13 $x 12
100    $a          1974         frey5003    ba
101    $a    
200    $a Greatest hits $b Enr. sonore $f Elton John
210    $d P 1974
215    $a 1 disque $c 33t $d 30 cm
327    $a Face A : Your song $a Daniel $a Honky cat $a Goodbye yellow brick road $a Saturday nights alright for fighting $a Face B : Rocket man $a Candle in the wind $a Don't let the sun go down on me $a Border song $a Crocodile rock
339    $a m
679    $a 2
700    $7 ba0yba0y $8 fre    $a John $b Elton $f 1947-.... $3 13608247 $9 4908
801    $a FR $b 595126101 $c 20121109 $g AFNOR
995    $0 0 $2 0 $4 0 $5 2009-04-28 $9 236914 $P 10.00 $b MED $c MED $e MED1A $f C0004807315 $h AMV20ZZ $k DISQ 30/2 JOH $o 0 $p 10.00 $r PRETSON $s DISQ_30_200000000000000_JOH $u Coup de coeur $w 14 $y 2024-05-17

