01598nj  a2200289 n 4500
001 207420
003 http://www.mediathequederoubaix.fr/ark:/20179/KH207420
005 20240513031836.0
035    $a HZ_
090    $a 207420
091    $a 1 $b 20240513 $c 0
099    $t DC $c 2014-06-30 $d 2024-05-13 $x 19
100    $a 20140630 2006         frey50        
101    $a fre
200    $a Relaxation d'ailleurs $b Enr. sonore $f Satria Jaya $g Inyoman Siring $g Homang Parwati ... [et al.] $e Bali
210    $d P 2006
215    $a 1 d.c. $e 1 livret (12 cm ; 7 p.)
327    $a Colourful Ubud / Satria Jaya $a Memory of love / Suari $a Balinese tales / Satria Jaya $a In the rice fields / Inyoman Siring $a Emerald forest / Satria Jaya $a Spirit of Elders / Suari $a Bamboo divine / Satria Jaya $a Early in the morning / Inyoman Siring $a Galungan / Homang Parwati $a Island of bliss / Satria Jaya $a Dancing in te moonlight / Satria Jaya $a Love in Huta beach / Suari $a Selemat datang / Satria Jaya $a Taman ayu / Ida Bagus & Iwayan Hartika
339    $a m
345    $a CVS
606 0  $7 ba0yba0y $8 fre    $3 12550689 $9 2813 $a Musique de relaxation $x Disques $y Bali $2 rameau
679    $a 554
700  1 $7 ba0yba0y $8 fre    $3 14649822 $9 99818 $7 ba0yba0y $8 fre    $a Jaya $b Satria
701  1 $7 ba0yba0y $8 fre    $3 15517479 $9 99820 $7 ba0yba0y $8 fre    $a Parwati $b Homang
701  1 $7 ba0yba0y $8 fre    $3 15517477 $9 99819 $7 ba0yba0y $8 fre    $a Siring $b Inyoman
801    $a FR $b 595126101 $c 20090528 $g AFNOR
995    $0 0 $2 0 $4 0 $5 2009-05-20 $9 237090 $P 16.94 $b MED $c MED $e MED1A $f C0004812653 $h AMV50ZZ $k DC/554 REL $o 0 $p 16.94 $r PRETSON $s DC_554_000000000000000_REL $w 44 $y 2023-03-03 $7 CVS

