01454ng  a2200337 n 4500
001 207602
003 http://www.mediathequederoubaix.fr/ark:/20179/KH207602
005 20240513031911.0
035    $a HZ_VHS
090    $a 207602
091    $a 1 $b 20240513 $c 0
099    $t VD $c 2014-06-30 $d 2024-05-13 $x 3
100    $a 20140630 1977         frey50        
101    $a fre
200    $a Les filles $b DVD $f Pierre Sabbagh, réal. $g Jean Marsan, mise en scène
210    $a France $c LMLR $d 1977
215    $a 1 DVD (1 h 37 min) $c coul., sonore
225 2  $a Au théâtre ce soir
323    $a Interprètes : Jean Jacques, Marc Dudicourt, Vannick Le Poulain... [et al.]
330    $a Un homme pris au piège du jeu de séduction d'une jeune femme la suit et entre dans la maison de ses parents qu'il prend pour une "Maison close"...
339    $a m
345    $a VHS $b 80244 $d P/C
410    $t Au Théâtre Ce Soir
606 0  $a Théâtre $x Adaptations télévisées $x DVD $2 rameau
700    $7 ba0yba0y $8 fre    $a Sabbagh $b Pierre $f 1918-1994 $3 11923206 $4 300 $9 402
702  1 $a Jacques $b Jean
702  1 $4 690 $a Marsan $b Jean
702  1 $7 ba0yba0y $8 fre    $3 14173518 $9 99874 $7 ba0yba0y $8 fre    $a Dudicourt $b Marc
702    $7 ba0yba0y $8 fre    $a Le Poulain $b Vannick $3 14627741 $9 120999
801    $a FR $b 595126101 $c 20090618 $g AFNOR
995    $0 0 $2 0 $4 0 $5 2009-06-16 $9 237283 $P 39.30 $b MED $c MED $e MED1A $f C0004620983 $h AMVTHCA $k DVD/T SAB $o 0 $p 39.30 $r PRETDVD $s DVDT_SAB $w 18 $y 2018-02-10 $7 VHS

