01838nam a2200409   4500
001 207749
003 http://www.mediathequederoubaix.fr/ark:/20179/KH207749
010    $a 2-08-161012-4 $b rel. $d 69 F
020    $a FR $b 00041046
033    $a http://catalogue.bnf.fr/ark:/12148/cb37095385f
035    $a FRBNF370953850000005
039    $o OPL $a 025212491
073  0 $a 9782081610125 $2 ALS
090    $a 207749
091    $b 20240513 $c 1 $a 2
099    $t LI $c 2014-06-30 $d 2024-05-13 $x 84
100    $a 20000315d1999    a  y0frey50      ba
101 0  $a fre
102    $a FR
105    $a a   z   00|a|
106    $a r
181  0 $6 01 $a i  $b xxxe   $a b  $b xb2e  
181    $6 02 $c txt $c sti $2 rdacontent
182  0 $6 01 $a n
182    $6 02 $c n $2 rdamedia
200 1  $a Poule rousse $b Texte imprimé $f vieux conte nouvellement raconté par Lida $g images d'Étienne Morel
210    $a [Paris] $c Flammarion $d 1999 $e 93-Pantin $g Impr. PPO
215    $a Non paginé [22] p. $c ill. en coul., couv. ill. en coul. $d 22 x 27 cm
330    $a Le renard a bien envie de manger Poule Rousse si grassouillette. C'est compter sans l'astuce de la tourterelle, son amie, qui a plus d'un tour dans son sac.
339    $a a
686    $a 823 $2 Cadre de classement de la Bibliographie nationale française
700    $3 11912977 $9 15623 $o ISNI0000000121383686 $a Lida $f 1899-1955 $4 070
702    $3 12170301 $9 281324 $o ISNI0000000120984519 $a Morel $b Étienne $f 1924-1969 $4 440
801  0 $a FR $b FR-751131015 $c 20000315 $g AFNOR $h FRBNF370953850000005 $2 intermrc
999    $a FRBNF370953850000005
995    $0 0 $2 0 $4 0 $5 2021-12-15 $9 436825 $b MED $c MED $e MED2A $f C2500025743 $h JABCTPE $k PE C $o 0 $p 13.50 $r PRETLIV $s PE_C $w 22 $y 2024-05-19
995    $0 0 $2 0 $4 0 $5 2022-07-02 $9 446215 $P 13.50 $b MED $c MED $e MED0A $f C3500016231 $h JABCTEF $k EXT E C/LID $n 2024-06-25 $o 0 $r PRETLIV $s EXT_E_C_LID $w 8 $y 2024-04-17 $8 MA016

