00833naa2a2200229   4500
001 208065
003 http://www.mediathequederoubaix.fr/ark:/20179/KH208065
005 20240513052749.0
035 00 $a HZ_RBX273993
090    $a 208065
091    $a 2 $b 20240513 $c 0
099    $t AP $c 2014-06-30 $d 2024-05-13 $x 0
100    $a 19               k  y0frey5003    ba
101    $a fre
200    $a Autour de Noël
215    $a 125 p.
300    $a In : Mémoires du Cercle d'études mythologiques = ISSN 1159-6031.- (2007)Tome 17
339    $a m
493    $1 Mémoires du Cercle d'études mythologiques / dir. de publ. Bernard Coussée . $1 Cercle d'études mythologiques , 1991- .
606 0  $a Noël $y France $y Nord-Pas-de-Calais (France) $2 rameau
606 0  $a Fêtes $y France $y Nord-Pas-de-Calais (France) $2 rameau
801    $a FR $b 595126101 $c 20090514 $g AFNOR

