01814na  a2200385 i 4500
001 208248
003 http://www.mediathequederoubaix.fr/ark:/20179/KH208248
005 20240513053208.0
010    $a 2-87443-018-8 $b Br. $d 15.00 EUR
035    $a HZ_2006220261
090    $a 208248
091    $a 2 $b 20240513 $c 0 $s http://www.sudoc.fr/112995020 $m 3
099    $t LI $c 2014-06-30 $d 2024-05-13 $x 7
100    $a 20081110d2006    |  |0frey50  ||||ba
101    $a fre
102    $a BE
105    $a aa      0||a|
200    $a Le serrurier volant $e roman $f texte Tonino Benacquista $g illustrations de Jacques Tardi
210    $a Blandain (Belgique) $c Estuaire $d 2006
211    $a 20061117
215    $a 142 p. $c illustrations en noir et en couleur $d 19 x 13 cm
225 2  $a Carnets littéraires
330    $a Marc préfère oublier la tragédie qu'il a vécu et ne plus en parler. Il décide de changer de vie et devient serrurier volant. Au fil des ouvertures de portes, il découvre les misères de ses congénères et, à la demande d'un de ses clients, son passé resurgit. Avec en fin d'ouvrage un dossier sur la collaboration du romancier et de l'auteur de bandes dessinées.
339    $a m
345    $b 9782874430183
410    $3 4330450000 $t Carnets littéraires
676    $a 843.1 $v 99
676    $a 843 $v 99a
700    $7 ba0yba0y $8 fre    $a Benacquista $b Tonino $f 1961-.... $3 12040410 $4 070 $9 12585
702    $3 11926024 $7 ba0yba0y $8 fre    $a Tardi $b Jacques $f 1946-.... $4 440 $9 27
801  3 $a FR $b Electre $c 20081110 $g AFNOR
830    $a ELECTREadudon19052009 20090519
856 4  $u http://beta.electre.com//GetBlob.asp?Ean=9782874430183,0-2006220261&Size=Original
947    $c 15.00
995    $0 0 $2 0 $4 0 $5 2009-05-19 $9 237923 $P 15.00 $b MED $c MED $e MED1A $f C0004430752 $h ALTROZZ $k R/BEN $o 0 $p 15.00 $r PRETLIV $s R_BEN $w 14 $y 2023-11-25

