00917nj  a2200253 n 4500
001 208374
003 http://www.mediathequederoubaix.fr/ark:/20179/KH208374
005 20240513053230.0
035    $a HZ_
071 01 $a 291 $b CB
090    $a 208374
091    $a 1 $b 20240513 $c 0
099    $t DV $c 2014-06-30 $d 2024-05-13 $x 1
100    $a          1984         frey5003    ba
101    $a    
200    $a Decoy $b Enr. sonore $f Miles Davis
210    $d P 1984
215    $a 1 disque $c 33 tours $d 30 cm
327    $a Face 1: Decoy $a Robot 415 $a Code M.D. $a Freaky deaky $a Face 2: What it is $a That's right $a That's what happened
339    $a m
679    $a 1
700    $3 13893030 $7 ba0yba0y $8 fre    $a Davis $b Miles $f 1926-1991 $9 248
801    $a FR $b 595126101 $c 20090522 $g AFNOR
995    $0 0 $2 0 $4 0 $5 2009-05-22 $9 238051 $P 10.00 $b MED $c MED $e MED3C $f C0004811330 $h AMV13ZZ $k DISQ 30/1 DAV $o 0 $p 10.00 $r PRETSON $s DISQ_30_100000000000000_DAV $w 1 $y 2015-12-11

