01904cam a2200421   4500
001 208551
003 http://www.mediathequederoubaix.fr/ark:/20179/KH208551
010    $a 978-2-7144-4492-9 $b br. $d 21 EUR
020    $a FR $b 00926723
033    $a http://catalogue.bnf.fr/ark:/12148/cb414620330
035    $a FRBNF414620330000009
073  0 $a 9782714444929
090    $a 208551
091    $b 20240513 $c 1 $a 2
099    $t LI $c 2014-06-30 $d 2024-05-13 $x 17
100    $a 20090408d2009    m  y0frey50      ba
101 1  $a fre $c eng
102    $a FR
105    $a ||||z   00|a|
106    $a r
181  0 $6 01 $a i  $b xxxe  
181    $6 02 $c txt $2 rdacontent
182  0 $6 01 $a n
182    $6 02 $c n $2 rdamedia
200 1  $a Mémoire trouble $b Texte imprimé $f Lisa Unger $g traduit de l'américain par Françoise Rose
210    $a Paris $c Belfond $d impr. 2009 $e 18-Saint-Amand-Montrond $g Impr. Bussière
215    $a 1 vol. (391 p.) $c couv. ill. $d 24 cm
225    $a Belfond noir
330    $a Malgré son bonheur et sa joie de vivre apparents, Annie Powers porte avec elle les stigmates de blessures enfouies qu'elle ne parvient pas à évacuer. Dans un climat de suspense psychologique Annie sera amenée à exorciser ses démons pour tenter de se débarrasser d'un passé qui ne cesse de la hanter.
339    $a m
410  0 $0 41018451 $t Belfond noir $x 1956-6360 $d 2009
454  1 $t Black out
686    $a 803 $2 Cadre de classement de la Bibliographie nationale française
700    $3 15085704 $9 37783 $o ISNI000000011654406X $a Unger $b Lisa $f 1970-.... $4 070
702    $3 12096193 $9 22734 $o ISNI0000000071410403 $a Rose $b Françoise $f 1948-.... $4 730
801  0 $a FR $b FR-751131015 $c 20090408 $g AFNOR $h FRBNF414620330000009 $2 intermrc
999    $a FRBNF414620330000009
995    $0 0 $2 0 $4 0 $5 2009-05-29 $9 238236 $P 21.00 $b MED $c MED $e MED1A $f C0004873659 $h ALTROPL $k RP/UNG $o 0 $p 21.00 $r PRETLIV $s RP_UNG $w 33 $y 2023-08-16 $7 Majuscule

