01215nj  a2200265 n 4500
001 208714
003 http://www.mediathequederoubaix.fr/ark:/20179/KH208714
005 20240513053648.0
035    $a HZ_
071 01 $a 67545 $b Carrere
090    $a 208714
091    $a 1 $b 20240513 $c 0
099    $t DV $c 2014-06-30 $d 2024-05-13 $x 0
100    $a 20140630              frey50        
101    $a fre
200    $a Méthode de guitare rythmique et d'accompagnement $b Enr. sonore $v Vol. 1 $f Pierre Fanen, Bob Mathieu
215    $a 1 disque $e 1 livret (34 p.)
327    $a Face A : Rock'n roll $a Blues lent $a Rock'n roll ternaire $a Hard rock $a Style funky $a Style Bo Diddley $a Face B : Just Boogie $a Shuffle $a Country blue grass $a Musique callifornienne $a Country rock ternaire $a Valse style folk
339    $a m
700    $7 ba0yba0y $8 fre    $a Fanen $b Pierre $f 1946-2000 $3 13985273 $9 100137
701  1 $a Mathieu $b Bob
801    $a FR $b 595126101 $c 20090527 $g AFNOR
930    $5 595126101:F DESD 30/5037 $b 595126101 $a F DESD 30/5037 $e Fonds Patrice Desdoit
317    $a Collection de Patrice Desdoit
995    $0 0 $2 0 $4 0 $5 2009-05-27 $9 238402 $b MED $c MED $e MED2D $f F DESD 30/5037 $h PENPDZZ $k F DESD 30/5037 $o 0 $r PRETSON $s F_DESD_30_503700000000000 $w 0 $y 2014-06-30

