01047nj  a2200265 n 4500
001 208854
003 http://www.mediathequederoubaix.fr/ark:/20179/KH208854
005 20240513053715.0
035    $a HZ_
071 01 $a FLAM 33.03 $b Flamophone
090    $a 208854
091    $a 1 $b 20240513 $c 0
099    $t DV $c 2014-06-30 $d 2024-05-13 $x 0
100    $a 20140630              frey50        
101    $a fre
200    $a Ilous & Decuyper $b Enr. sonore
215    $a 1 disque
327    $a Face 1 : Indifférents $a Vous mourrez demain $a Cor bucolique $a Eleonor Rigby $a Non $a Nuit de glace $a Face 2 : L'élu $a Cyclothymie $a Mélancolie $a Berceuse $a Beurk!!! $a Indifférents
339    $a m
700  1 $a Ilous $b Bernard
701  1 $a Decuyper $b Patrice
801    $a FR $b 595126101 $c 20090530 $g AFNOR
930    $5 595126101:F DESD 30/36 $b 595126101 $a F DESD 30/36 $e Fonds Patrice Desdoit
317    $a Collection de Patrice Desdoit
995    $0 0 $2 0 $4 0 $5 2009-05-30 $9 238620 $b MED $c MED $e MED2D $f F DESD 30/36 $h PENPDZZ $k F DESD 30/36 $o 0 $r PRETSON $s F_DESD_30_360000000000000 $w 0 $y 2014-06-30

