01329nj  a2200277 n 4500
001 209076
003 http://www.mediathequederoubaix.fr/ark:/20179/KH209076
005 20240513053741.0
035    $a HZ_
071 01 $a E.S.P $b 538104
090    $a 209076
091    $a 1 $b 20240513 $c 0
099    $t DV $c 2014-06-30 $d 2024-05-13 $x 2
100    $a                       frey5003    ba
101    $a    
200    $a Live Performance $b Enr. sonore $f Charlie Parker, saxo $g Miles Davis trp $g Dizzy Gillespie, trp $h Vol. 1
215    $a 1 disque $c 33 tours $d 30 cm
323    $a Interpreté aussi par : John Laporta, clar. ; Max Roach, batt. ; Ray Brown, Tommy Potter, BContre ; Lennie Tristano, Al Haig, p ; Billy Bauer, guit. ; Kenny Dorham, trp ;
327    $a Face A: Tiger rag $a Groovin' high $a Big foot $a Ornithology $a Face B: Slow boat to china $a Half Nelson $a White Christmas $a Little leaps
339    $a m
679    $a 1
700    $3 13898247 $7 ba0yba0y $8 fre    $a Parker $b Charlie $f 1920-1955 $9 240
702    $3 13893030 $7 ba0yba0y $8 fre    $a Davis $b Miles $f 1926-1991 $9 248
702    $3 13894473 $7 ba0yba0y $8 fre    $a Gillespie $b Dizzy $f 1917-1993 $9 244
801    $a FR $b 595126101 $c 20091209 $g AFNOR
995    $0 0 $2 0 $4 0 $5 2009-06-03 $9 238856 $P 10.00 $b MED $c MED $e MED1A $f C0004811893 $h AMV13ZZ $k DISQ 30/1 PAR $o 0 $p 10.00 $r PRETSON $s DISQ_30_100000000000000_PAR $w 2 $y 2023-04-27

