01653cam a2200409   4500
001 209286
003 http://www.mediathequederoubaix.fr/ark:/20179/KH209286
010    $a 978-2-35077-115-1 $b br. $d 22 EUR
020    $a FR $b 00952349
033    $a http://catalogue.bnf.fr/ark:/12148/cb420092474
035    $a FRBNF420092470000006
073  0 $a 9782350771151
090    $a 209286
091    $b 20240513 $c 1 $a 2
099    $t LI $c 2014-06-30 $d 2024-05-13 $x 0
100    $a 20090626d2009    m  y0frey50      ba
101 0  $a fre
102    $a FR
105    $a ||||z   00|y|
106    $a r
181  0 $6 01 $a i  $b xxxe  
181    $6 02 $c txt $2 rdacontent
182  0 $6 01 $a n
182    $6 02 $c n $2 rdamedia
200 1  $a Retrouver ses ancêtres belges $b Texte imprimé $f Christophe Drugy
210    $a Paris $c Archives et culture $d impr. 2009 $e 85-Le Poiré-sur-Vie $g Imprimerie graphique de l'Ouest
215    $a 1 vol. (150 p.) $c ill., couv. ill. en coul. $d 24 cm
300    $a Bibliogr. p. 139-141. Glossaire. Index
339    $a m
606    $3 11934650 $9 7999 $a Généalogie $3 11933381 $9 5820 $y Belgique $2 rameau
608    $3 11975688 $9 1606 $a Guides pratiques $2 rameau
676    $a 929.107 20493 $v 23
686    $a 920 $2 Cadre de classement de la Bibliographie nationale française
700    $3 12572151 $9 54259 $o ISNI0000000037157985 $a Drugy $b Christophe $f 1971-.... $4 070
801  0 $a FR $b FR-751131015 $c 20090626 $g AFNOR $h FRBNF420092470000006 $2 intermrc
999    $a FRBNF420092470000006
995    $0 0 $2 0 $4 0 $5 2009-06-09 $9 239074 $P 22.00 $b MED $c MED $e MED2B $f C0004926753 $h ACFUEZZ $k U ETUD /929.1 DRU $o 2 $p 22.00 $r PRETLIV $s U_ETUD_929_100000000000000_DRU $w 0 $y 2014-06-30 $7 Decitre

