01631cam a2200373   4500
001 209440
003 http://www.mediathequederoubaix.fr/ark:/20179/KH209440
010    $a 978-2-86424-687-9 $b br. $d 17 EUR
020    $a FR $b 00932289
033    $a http://catalogue.bnf.fr/ark:/12148/cb414813768
035    $a FRBNF414813760000005
073  0 $a 9782864246879
090    $a 209440
091    $b 20240513 $c 1 $a 2
099    $t LI $c 2014-06-30 $d 2024-05-13 $x 6
100    $a 20090514d2009    m  y0frey50      ba
101 0  $a fre
102    $a FR
105    $a ||||z   00|a|
106    $a r
181  0 $6 01 $a i  $b xxxe  
181    $6 02 $c txt $2 rdacontent
182  0 $6 01 $a n
182    $6 02 $c n $2 rdamedia
200 1  $a Cher amour $b Texte imprimé $e roman $f Bernard Giraudeau
210    $a Paris $c Métailié $d 2009 $e 27-Mesnil-sur-l'Estrée $g Impr. Firmin-Didot
215    $a 1 vol. (267 p.) $c cartes, couv. ill. en coul. $d 22 cm
330    $a Le narrateur écrit à la femme qu'il n'a pas encore rencontrée. Il lui raconte ses voyages, de l'Amazonie au Cambodge, en passant par le Chili, l'Indonésie ou Djibouti, ainsi que ses retours à Paris où il cherche cette inconnue qu'il attend.
339    $a m
686    $a 803 $2 Cadre de classement de la Bibliographie nationale française
700    $3 12142140 $9 58474 $o ISNI0000000121387353 $a Giraudeau $b Bernard $f 1947-2010 $4 070
801  0 $a FR $b FR-751131015 $c 20090514 $g AFNOR $h FRBNF414813760000005 $2 intermrc
999    $a FRBNF414813760000005
995    $0 0 $2 0 $4 1 $5 2009-06-12 $9 239271 $P 17.00 $b MED $c MED $e MED1A $f C0004848311 $h ALTROZZ $k R/GIR $o -4 $p 17.00 $r PRETLIV $s RGIR $w 22 $y 2023-06-30 $7 Majuscule $8  $A  $m  $z 

