02330cam a2200481   4500
001 209776
003 http://www.mediathequederoubaix.fr/ark:/20179/KH209776
010    $a 978-2-263-04087-0 $b rel. $d 23 EUR
020    $a FR $b 00722728
033    $a http://catalogue.bnf.fr/ark:/12148/cb409870429
035    $a FRBNF40987042000000X
073  0 $a 9782263040870
090    $a 209776
091    $b 20240513 $c 1 $a 2
099    $t LI $c 2014-06-30 $d 2024-05-13 $x 17
100    $a 20070223d2007    m  y0frey50      ba
101 1  $a fre $c spa $g fre
102    $a FR
105    $a ||||z   00|y|
106    $a r
181  0 $6 01 $a i  $b xxxe  
181    $6 02 $c txt $2 rdacontent
182  0 $6 01 $a n
182    $6 02 $c n $2 rdamedia
200 1  $a Manuel de la peinture chinoise $b Texte imprimé $f [textes de Walter Chen]
210    $a [Paris] $c Solar $d DL 2007 $e impr. en Espagne
215    $a 1 vol. (143 p.) $c ill. en noir et en coul., couv. ill. en coul. $d 29 cm
300    $a La couv. porte en plus : "les techniques, les styles, les supports, le matériel, les conseils, les sujets"
304    $6 a01 $7 ba $a Mention parallèle de titre ou de responsabilité : Zhong guo shu hua
304    $6 a01 $7 ea $a Mention parallèle de titre ou de responsabilité : 中国书画
330    $a Une introduction à la peinture chinoise. Des conseils pour choisir, utiliser et entretenir son matériel (peintures, pinceaux, sceaux, papiers...). Les grands thèmes de la peinture chinoise, les techniques et les pratiques sont abordés avec des explications claires, synthétiques et pédagogiques.
339    $a m
454  1 $t Todo sobre la pintura china
510 1  $6 a01 $7 ba $z chi $a Zhong guo shu hua
510 1  $6 a01 $7 ea $z chi $a 中国书画
606    $3 12335187 $9 85695 $a Peinture à l'encre $3 11963283 $9 4600 $y Chine $2 rameau
608    $3 11976167 $9 3372 $a Manuels d'amateurs $2 rameau
676    $a 751.425 1 $v 23
686    $a 750 $2 Cadre de classement de la Bibliographie nationale française
700    $3 15024419 $9 100480 $o ISNI0000000002097281 $a Chen $b Walter $4 070
801  0 $a FR $b FR-751131015 $c 20070223 $g AFNOR $h FRBNF40987042000000X $2 intermrc
999    $a FRBNF40987042000000X
995    $0 0 $2 0 $4 0 $5 2009-06-16 $9 239738 $P 23.00 $b MED $c MED $e MED1A $f C0004915697 $h AAPATLC $k Doc./704 PEI $o 0 $p 23.00 $r PRETLIV $s DOC___704_000000000000000_PEI $w 25 $y 2021-01-26 $7 Decitre

