01459nam a2200397   4500
001 209991
003 http://www.mediathequederoubaix.fr/ark:/20179/KH209991
010    $a 2-07-036692-8
033    $a http://catalogue.bnf.fr/ark:/12148/cb37465977j
035    $a FRBNF374659770000006
039    $o GEA $a 002791613
090    $a 209991
091    $a 2 $b 20240513 $c 1
099    $t LI $c 2014-06-30 $d 2024-05-13 $x 15
100    $a 19950615d1994    m  y0frey50      ba
101 1  $a fre $c eng
102    $a FR
105    $a ||||z   00|y|
106    $a r
181  0 $6 01 $a i  $b xxxe  
181    $6 02 $c txt $2 rdacontent
182  0 $6 01 $a n
182    $6 02 $c n $2 rdamedia
200 1  $a Les pâturages du ciel $b Texte imprimé $f John Steinbeck $g trad. de l'anglais par Louis Guilloux
210    $a [Paris] $c Gallimard $d 1994
215    $a 340 p. $c couv. ill. en coul. $d 18 cm
225    $a Collection Folio $v 692
339    $a m
410  0 $0 34234540 $t Collection Folio $x 0768-0732 $v 692
454  1 $t Pastures of heaven
676    $a 813.5 $v 23
700    $3 11925483 $9 3841 $o ISNI0000000121445760 $a Steinbeck $b John $f 1902-1968 $4 070
702    $3 11906466 $9 1149 $o ISNI0000000121475871 $a Guilloux $b Louis $f 1899-1980 $4 730
801  0 $a FR $b FR-751131015 $c 19950615 $g AFNOR $h FRBNF374659770000006 $2 intermrc
999    $a FRBNF374659770000006
995    $0 0 $2 0 $4 0 $5 2009-06-23 $9 239954 $P 7.00 $b MED $c MED $e MED1A $f C0004916562 $h ALTROZZ $k R/STEI $o 0 $p 7.00 $r PRETLIV $s R_STEI $w 18 $y 2023-11-22 $7 Majuscule

