01571ng  a2200277 n 4500
001 210120
003 http://www.mediathequederoubaix.fr/ark:/20179/KH210120
005 20240513054916.0
035    $a HZ_ADAV40503               
090    $a 210120
091    $a 1 $b 20240513 $c 0
099    $t VD $c 2014-06-30 $d 2024-05-13 $x 12
100    $a 20140630 2002         frey50        
101    $a fre
200    $a Guy Bedos à l'Olympia $b DVD $f Dominique Colonna, réal. $g Guy Bedos, aut.
210    $a France $c Avril Production $d 2002
215    $a 1 DVD (2h) $c coul., sonore
327    $a Bonus : making of, soir de première
330    $a Vous pensez que le monde ne tourne plus rond et qu'il n'y a pas lieu d'en rire ? Retrouvez Guy Bedos cuvée 2002 et laissez vous emporter par une tornade d'humour ... noir. L'eil rieur, remuant, batailleur, malicieux, insolent... il blague pêle-mêle sur son âge, les psy, sa mère, le racisme, les dimanches électoraux et l'actuadthté qu'il décortique brillament dans son incontournable revue de presse ! Pendant près de deux heures exceptionnelles, Bedos cogne fort sans épargner personne, tout en préservant l'essentiel : nous faire rire!
339    $a m
606    $a Humour $x DVD $2 rameau
676    $a 792.7
700  1 $4 300 $a Colonna $b Dominique
702    $7 ba0yba0y $8 fre    $a Bedos $b Guy $f 1934-2020 $3 11890924 $4 070 $9 9488
801    $a FR $b 595126101 $c 20090723 $g AFNOR
995    $0 0 $2 0 $4 0 $5 2009-07-10 $9 240090 $P 51.90 $b MED $c MED $e MED1A $f C0004907694 $h AAPPLHU $k DVD/682 BED $o 0 $p 51.90 $r PRETDVD $s DVD_682_000000000000000_BED $w 27 $y 2024-04-12 $7 ADAV $A 0

