01062na  a2200277 n 4500
001 210258
003 http://www.mediathequederoubaix.fr/ark:/20179/KH210258
005 20231121212007.0
010    $a 9782840010487
033    $a http://catalogue.bnf.fr/ark:/12148/cb36152216t
035    $a HZ_
090    $a 210258
091    $a 0
099    $t LI $c 2014-06-30 $d 2023-11-21 $x 3
100    $a          1993         frey5003    ba
101    $a    
102    $a   
200    $a Le VAL $e histoire d'un nouveau moyen de transport $f Bernard Félix
210    $a Strasbourg $c Ronald Hirlé $c Maxima $d 1993
215    $a 273 p. $c ill., couv. ill. $d 12 cm
339    $a m
606 0  $9 237801 $a Tramways $y France $y Lille (Nord ; agglomération)
700  1 $9 290924 $a Félix $b Bernard $f 1931-....
801    $a FR $b 595126101 $c 20090627 $g AFNOR
930    $5 595126101:C0000446094 $b 595126101 $a FR/388.4 FEL $e Fonds régional de prêt
995    $0 0 $2 0 $4 0 $5 2009-06-27 $9 240232 $P 14.00 $b MED $c MED $e MED0C $f C0000446094 $h PRRRGZZ $k FR/388.4 FEL $o 0 $p 14.00 $r PRETLIV $s FR_388_400000000000000_FEL $w 13 $y 2023-11-24

