02180cam a2200445   4500
001 210408
003 http://www.mediathequederoubaix.fr/ark:/20179/KH210408
010    $a 978-2-915002-23-2 $b rel. $d 24 EUR
020    $a FR $b 00826953
033    $a http://catalogue.bnf.fr/ark:/12148/cb41257974q
035    $a FRBNF412579740000004
073  0 $a 9782915002232
090    $a 210408
091    $b 20240513 $c 1 $a 2
099    $t LI $c 2014-06-30 $d 2024-05-13 $x 31
100    $a 20080519d2008    m  y0frey50      ba
101 0  $a fre
102    $a FR
105    $a ||||z   00|y|
106    $a r
181  0 $6 01 $a i  $b xxxe  
181    $6 02 $c txt $2 rdacontent
182  0 $6 01 $a n
182    $6 02 $c n $2 rdamedia
200 1  $a Croatie $b Texte imprimé $e douceur adriatique $f Sandrine Pierrefeu, Serge Vincenti
210    $a Brest $c Géorama $d impr. 2008 $e 29-Saint-Thonan $g Impr. Cloître
215    $a 1 vol. (112 p.) $c ill. en coul., couv. ill. en coul. $d 19 x 25 cm
225    $a Un regard sur notre monde
330    $a Un album présentant la diversité du patrimoine et des richesses naturelles de la Croatie : 2.000 kilomètres de côtes, cités fortifiées, villages médiévaux, montagnes, forêts de chênes. Une présentation du pays à travers l'Istrie, les lacs de Plitvice, Zadar et Pag, la Dalmatie et Sibenic, Makarska, Dubrovnic, Zagreb, etc. Avec des repères historiques et des informations pratiques.
339    $a m
410  0 $0 37124607 $t Regards sur le monde (Brest) $x 1621-3165 $d 2008
607    $3 11951317 $9 5253 $a Croatie $2 rameau
608    $3 11932731 $9 20688 $a Récits de voyages $2 rameau
676    $a 914.972 04 $v 23
686    $a 910 $2 Cadre de classement de la Bibliographie nationale française
700    $3 13529146 $9 100593 $o ISNI0000000366850756 $a Pierrefeu $b Sandrine $f 1970-.... $4 070
701    $3 12944893 $9 100594 $o ISNI0000000031112049 $a Vincenti $b Serge $f 1957-.... $4 070
801  0 $a FR $b FR-751131015 $c 20080519 $g AFNOR $h FRBNF412579740000004 $2 intermrc
999    $a FRBNF412579740000004
995    $0 0 $2 0 $4 0 $5 2009-07-01 $9 240387 $P 24.00 $b MED $c MED $e MED1A $f C0004903218 $h AAPPLGO $k Doc./905 SUD $o 0 $p 24.00 $r PRETLIV $s DOC___905_000000000000000_SUD $w 48 $y 2023-08-09 $7 Majuscule

