01885nam a2200445   4500
001 210545
003 http://www.mediathequederoubaix.fr/ark:/20179/KH210545
010    $a 2-211-02856-X $b rel. $d 60 F
020    $a FR $b 09014391
033    $a http://catalogue.bnf.fr/ark:/12148/cb35071896t
035    $a FRBNF350718960000007
039    $o OPL $a 00780945X
073  0 $a 9782211028561 $2 ALS
090    $a 210545
091    $b 20240513 $c 1 $a 2
099    $t LI $c 2014-06-30 $d 2024-05-13 $x 5
100    $a 19900405d1990    a  y0frey50      ba
101 1  $a fre $c eng
102    $a FR
105    $a a   z   00|a|
106    $a r
181  0 $6 01 $a i  $b xxxe   $a b  $b xb2e  
181    $6 02 $c txt $c sti $2 rdacontent
182  0 $6 01 $a n
182    $6 02 $c n $2 rdamedia
200 1  $a Max et la poule en chocolat $b Texte imprimé $f Rosemary Wells $g [trad. de l'américain par Isabelle Reinharez]
210    $a Paris $c l'École des loisirs $d 1990 $e 86-Poitiers $g Impr. Aubin
215    $a [22] p. $c ill. en coul., couv. ill. en coul. $d 21 cm
330    $a Max et Marie partent à la recherche des oeufs peints, un beau matin de printemps. Pour les petits.
339    $a a
454  1 $t Max's chocolate chicken
608    $a Albums $2 CNLJ $k Avis critique donné par le Centre national de la littérature pour la jeunesse
610 0  $a Pâques (album) (ALS)
610 0  $a Gourmandise (album) (ALS)
686    $a 823 $2 Cadre de classement de la Bibliographie nationale française
700    $3 11929054 $9 13126 $o ISNI0000000121452442 $a Wells $b Rosemary $4 070
702    $3 11921437 $9 1706 $o ISNI0000000081507364 $a Reinharez $b Isabelle $4 730
801  0 $a FR $b FR-751131015 $c 19900405 $g AFNOR $h FRBNF350718960000007 $2 intermrc
999    $a FRBNF350718960000007
995    $0 0 $2 0 $4 0 $5 2009-07-18 $9 240657 $P 11.00 $b MED $c MED $e MED0A $f C0004921876 $h JABPFAF $k EXT PE A/WEL $o 0 $p 11.00 $r PRETLIV $s EXT_PE_AWEL $w 10 $y 2022-10-06 $7 Bateau Livre

