01217nj  a2200265 n 4500
001 210678
003 http://www.mediathequederoubaix.fr/ark:/20179/KH210678
005 20240513055837.0
035    $a HZ_
071 01 $a 529026 $b Byg records
090    $a 210678
091    $a 1 $b 20240513 $c 0
099    $t DV $c 2014-06-30 $d 2024-05-13 $x 0
100    $a 20140630              frey50        
101    $a fre
200    $a L'incendie $b Enr. sonore $f Areski, Brigitte Fontaine
215    $a 1 disque
327    $a Face A : Le 6 septembre $a Ragilia $a Il pleur sur la gare $a Déclaration de sinistre $a Les murailles $a L'engourdie $a Face B : Nous avons tant parlé $a Les Borgias $a Les petites madones $a L'abeille $a Après la guerre $a La fête bandée $a Le chant des chants
339    $a m
700    $7 ba0yba0y $8 fre    $a Areski Belkacem $f 1940-.... $3 13890860 $9 3419
701  1 $7 ba0yba0y $8 fre    $a Fontaine $b Brigitte $f 1940-....
801    $a FR $b 595126101 $c 20090707 $g AFNOR
930    $5 595126101:F DESD 30/234 $b 595126101 $a F DESD 30/234 $e Fonds Patrice Desdoit
317    $a Collection de Patrice Desdoit
995    $0 0 $2 0 $4 0 $5 2009-07-07 $9 240843 $b MED $c MED $e MED2D $f F DESD 30/234 $h PENPDZZ $k F DESD 30/234 $o 0 $r PRETSON $s F_DESD_30_234000000000000 $w 0 $y 2014-06-30

