02180cam a2200457   4500
001 210853
003 http://www.mediathequederoubaix.fr/ark:/20179/KH210853
010    $a 978-2-7485-0786-7 $b br. $d 14,90 EUR
020    $a FR $b 00924448
033    $a http://catalogue.bnf.fr/ark:/12148/cb41450671h
035    $a FRBNF41450671000000X
073  0 $a 9782748507867
090    $a 210853
091    $b 20240513 $c 1 $a 2
099    $t LI $c 2014-06-30 $d 2024-05-13 $x 37
100    $a 20090323d2009    a  y0frey50      ba
101 0  $a fre
102    $a FR
105    $a ||||z   00|a|
106    $a r
181  0 $6 01 $a i  $b xxxe  
181    $6 02 $c txt $2 rdacontent
182  0 $6 01 $a n
182    $6 02 $c n $2 rdamedia
200 1  $a L'île $b Texte imprimé $f Yves Grevet
210    $a [Paris] $c Syros $d DL 2009 $e 18-Saint-Amand-Montrond $g Impr. Bussière
215    $a 1 vol. (246 p.) $c couv. ill. en coul. $d 22 cm
225 19 $a Méto $v tome 2
321    $a La Revue des livres pour enfants $x 0398-8384
329    $c Intéressant $d 20090312 $f MA $2 CNLJ $k Avis critique donné par le Centre national de la littérature pour la jeunesse
329    $c Intéressant $d 20090415 $f MA $2 CNLJ $k Avis critique donné par le Centre national de la littérature pour la jeunesse
330    $a Méto et ses compagnons ont réussi à franchir les portes de la Maison à l'issue d'une bataille sanglante durant laquelle il s'est évanoui. Il se réveille entravé à un lit, blessé et les paupières cousues.
333    $a À partir de 13 ans $2 CNLJ $k Avis critique donné par le Centre national de la littérature pour la jeunesse
339    $a m
608    $a Romans $2 CNLJ $k Avis critique donné par le Centre national de la littérature pour la jeunesse
676    $a 811.5 $v 23
686    $a 809 $2 Cadre de classement de la Bibliographie nationale française
700    $3 14559664 $9 74288 $o ISNI0000000000730282 $a Grevet $b Yves $f 1961-.... $4 070
801  0 $a FR $b FR-751131015 $c 20090323 $g AFNOR $h FRBNF41450671000000X $2 intermrc
999    $a FRBNF41450671000000X
995    $0 0 $2 0 $4 0 $5 2009-08-22 $9 241031 $P 14.90 $b MED $c MED $e MED1A $f C0004925749 $h ALTROAD $k ADO R/GRE $o 0 $p 14.90 $r PRETLIV $s ADO_R_GRE $w 41 $y 2023-11-15 $7 Bateau Livre

