01949nj  a2200301 n 4500
001 211024
003 http://www.mediathequederoubaix.fr/ark:/20179/KH211024
005 20240513055932.0
035    $a HZ_
090    $a 211024
091    $a 1 $b 20240513 $c 0
099    $t DV $c 2014-06-30 $d 2024-05-13 $x 1
100    $a                       frey5003    ba
101    $a    
200    $a Stabat Mater $b Enr. Sonore $f Gioacchino Rossini, comp. $g Catherine Malfitano, S $g Agnes Baltsa, MS $g Robert Gambill, T $g Gwynne Howell, B $g Orchestre et choeurs du Maggio musicale Fiorentino $g Ricardo Muti, dir.
215    $a 1 Disque $c 33 t $d 30 cm
327    $a Face 1 : Introduction - "Stabat mater dolorosa" $a Aria "Cujus animam" (Ténor) $a Duo "Quis est homo" (Soprano-contralto) $a Aria "Pro peccatis suae gentis" (Basse) $a Face 2 : Choeur et récitatif : "Eja, mater fons amoris" (Basse) $a Quatuor "Sancta mater, istud agas" (Soprano, contralto, ténor et basse) $a Cavatine : "Fac ut portem christi mortem" (Contralto) $a Aria et choeur : "Inflammatus et accensus" (Soprano) $a Choeur : "Quando corpus morietur" $a Finale : "Amen, amen, in sempiterna saecula"
339    $a m
679    $a 3
700    $7 ba0yba0y $8 fre    $a Rossini $b Gioachino $f 1792-1868 $x Bibliothèque $3 13568485 $2 rameau $9 3242
702    $7 ba0yba0y $8 fre    $a Malfitano $b Catherine $f 1948-.... $3 13928924 $9 100681
702  1 $7 ba0yba0y $8 fre    $3 13895364 $9 3416 $7 ba0yba0y $8 fre    $a Howell $b Gwynne $f 1938-....
702  1 $7 ba0yba0y $8 fre    $3 13940258 $9 15843 $7 ba0yba0y $8 fre    $a Gambill $b Robert $f 1955-....
702    $7 ba0yba0y $8 fre    $a Baltsa $b Agnes $f 1944-.... $3 13891110 $9 302796
702    $7 ba0yba0y $8 fre    $a Muti $b Riccardo $f 1941-.... $3 13897829 $9 16022
712 02 $a Orchestre et choeurs du Maggio musicale Fiorentino
801    $a FR $b 595126101 $c 20090718 $g AFNOR
995    $0 0 $2 0 $4 0 $5 2009-07-18 $9 241204 $P 10.00 $b MED $c MED $e MED1A $f C0004908022 $h AMV30ZZ $k DISQ 3 / 3 ROSS $o 0 $p 10.00 $r PRETSON $s DISQ_3_300000000000000_ROSS $w 1 $y 2017-02-07

