01325na  a2200301 n 4500
001 211223
003 http://www.mediathequederoubaix.fr/ark:/20179/KH211223
005 20220716072956.0
010    $a 9782952430548
033    $a http://catalogue.bnf.fr/ark:/12148/cb414910770
035    $a HZ_
090    $a 211223
091    $a 0
099    $t LI $c 2014-06-30 $d 2022-07-16 $x 2
100    $a          2009         frey5003    ba
101    $a fre
102    $a   
200    $a Qui veut tuer la dentelle de Calais ? $f Thierry Butzbach, Morgan Railane
210    $a Roubaix $c Les Lumières de Lille $d 2009
215    $a 187 p. $d 21 cm
339    $a m
606 0  $a Dentelle $y France $y Calais (Pas-de-Calais) $2 rameau
701  1 $9 290947 $a Railane $b Morgan $f 1971-.... $4 070
701    $7 ba0yba0y $8 fre    $a Butzbach $b Thierry $f 1965-.... $4 070 $9 81343
801    $a FR $b 595126101 $c 20090723 $g AFNOR
930    $5 595126101:C0004919332 $b 595126101 $a FR/677 BUT $e Fonds régional de prêt
995    $0 0 $2 0 $4 0 $5 2009-07-23 $9 241399 $P 20.00 $b MED $c MED $e MED3I $f C0004876665 $h PPEFGZZ $k MAG L/P 8/116 377 $o 2 $p 20.00 $r PRETLIV $s MAG_LP_8116_377000000000000 $w 0 $y 2014-06-30 $7 Lumires de Lille
995    $0 0 $2 0 $4 0 $5 2009-07-23 $9 241400 $P 20.00 $b MED $c MED $e MED0C $f C0004919332 $h PRRRGZZ $k FR/744 DEN $o 0 $p 20.00 $r PRETLIV $s FR_744_000000000000000_DEN $w 9 $y 2019-04-05 $7 Lumires de Lille

