00982nam a2200277 n 4500
001 211412
003 http://www.mediathequederoubaix.fr/ark:/20179/KH211412
005 20180724131022.0
035    $a HZ_
090    $a 211412
091    $a 0
099    $t LI $c 2014-06-30 $d 2014-06-30 $x 0
100    $a          1950         frey5003    ba
101    $a fre
102    $a   
200    $a Bohémienne et marquise $f par Eliane Valéry
210    $a Paris $c Ed. Ferenczi $d 1950
215    $a 32 p. $c ill., couv. ill. en coul. $d 20 cm
225 2  $a Collection Jeunesse $v 18
339    $a m
410    $t Collection Jeunesse $v 18
606 0  $9 259494 $a Littérature pour la jeunesse $z 20e siècle
700  1 $9 290953 $a Valéry $b Éliane
801    $a FR $b 595126101 $c 20090724 $g AFNOR
930    $5 595126101:C0004918815 $b 595126101 $a BR 8/2770 $e Fonds patrimonial
995    $0 0 $2 0 $4 0 $5 2009-07-24 $9 241626 $b MED $c MED $e MED3M $f C0004918815 $h PPEFGZZ $k BR 8/2770 $o 2 $r PRETLIV $s BR_82770_000000000000000 $w 0 $y 2014-06-30 $7 Don

