01636nc  a2200277 n 4500
001 211559
003 http://www.mediathequederoubaix.fr/ark:/20179/KH211559
005 20240513060649.0
035    $a HZ_
090    $a 211559
091    $a 2 $b 20240513 $c 0
099    $t PA $c 2014-06-30 $d 2024-05-13 $x 1
100    $a          2002         frey5003    ba
101    $a    
102    $a   
200    $a Mel Bay's Complete classic Chicago blues harp $b Musique imprimée $f David Barrett, hrmca
210    $a Missouri $c Mel Bay publications $d 2002
215    $a 1 partition (31 cm ; 144 p.) $e 1 d.c.
327    $a Section 1 : chapitre 1 : up front $a chapitre 2 : getting familar with your harmonica $a chapitre 3 : getting started with notation $a chapitre 4 : a musical foundation for the soloist $a chapitre 5 : straight forward blues (part 1) $a chapitre 6 : bending (part 1) $a chapitre 7 : straight :foward blues (part 2) $a chapitre 8 : bending (part 2) $a chapitre 9 : Section review $a Section 2 : chapitre 10 : techniques for blusier playing $a chapitre 11 : tongue blocking $a chapitre 12 : blow bends & 1st position $a chapitre 13 : 3rd position & other extensed positions $a chapitre 14 : section review
339    $a m
606 0  $7 ba0yba0y $8 fre    $3 12472584 $9 268765 $a Harmonica, Musique d' (blues) $x Partitions $2 rameau
679    $a 110
700  1 $a Bay $b Mel
702    $7 ba0yba0y $8 fre    $a Barrett $b David Vickers $f 1952-.... $3 13076969 $9 300842
801    $a FR $b 595126101 $c 20100928 $g AFNOR
995    $0 0 $2 0 $4 0 $5 2009-12-08 $9 241804 $P 32.95 $b MED $c MED $e MED1A $f C0005016894 $h AMV11ZZ $k PA/110 BAY $o 0 $p 32.95 $r PRETPAR $s PA_110_000000000000000_BAY $w 2 $y 2016-03-25 $7 Allegro Partition

