01105nj  a2200253 n 4500
001 211729
003 http://www.mediathequederoubaix.fr/ark:/20179/KH211729
005 20240513060725.0
035    $a HZ_
090    $a 211729
091    $a 1 $b 20240513 $c 0
099    $t DV $c 2014-06-30 $d 2024-05-13 $x 1
100    $a                       frey5003    ba
101    $a    
200    $a Concerto pour piano et orchestre n&lt;U+00B0&gt;5 "L'Empereur" $b Enr. sonore $f Beethoven $g Wilhelm Kempff, p. $g Orchestre Philharmonique de Berlin $g Ferdinand Leitner, dir.
215    $a 1 disque
339    $a m
679    $a 3
700    $3 13891295 $7 ba0yba0y $8 fre    $a Beethoven $b Ludwig van $f 1770-1827 $9 2263
702  1 $7 ba0yba0y $8 fre    $3 13896521 $9 33513 $7 ba0yba0y $8 fre    $a Leitner $b Ferdinand $f 1912-1996
702    $7 ba0yba0y $8 fre    $a Kempff $b Wilhelm $f 1895-1991 $3 13895930 $9 33514
712 02 $a Orchestre Philharmonique de Berlin
801    $a FR $b 595126101 $c 20090801 $g AFNOR
995    $0 0 $2 0 $4 0 $5 2009-08-01 $9 241976 $P 10.00 $b MED $c MED $e MED1A $f C0004905692 $h AMV30ZZ $k DISQ 30/3 BEE $o 0 $p 10.00 $r PRETSON $s DISQ_30_300000000000000_BEE $w 1 $y 2019-02-15

