02154cam a2200433   4500
001 211927
003 http://www.mediathequederoubaix.fr/ark:/20179/KH211927
010    $a 978-2-273-00802-0 $b br. $d 12 EUR
020    $a FR $b 00947869
033    $a http://catalogue.bnf.fr/ark:/12148/cb41487848v
035    $a FRBNF414878480000005
090    $a 211927
091    $b 20240513 $c 1 $a 2
099    $t LI $c 2014-06-30 $d 2024-05-13 $x 14
100    $a 20090526d2009    m  y0frey50      ba
101 0  $a fre
102    $a FR
105    $a ||||z   00|y|
106    $a r
181  0 $6 01 $a i  $b xxxe  
181    $6 02 $c txt $2 rdacontent
182  0 $6 01 $a n
182    $6 02 $c n $2 rdamedia
200 1  $a Les métiers du spectacle $b Texte imprimé $f ONISEP, Office national d'information sur les enseignements et les professions
210    $a Lognes $c ONISEP $d DL 2009 $e impr. en Italie
215    $a 1 vol. (103 p.) $c ill. en coul., couv. ill. en coul. $d 24 cm
225    $a Parcours $x 1765-9329 $v 72
300    $a Index
330    $a Propose une présentation des différents métiers artistiques, techniques ou administratifs du spectacle vivant (musique, danse, théâtre, cirque) illustrée de témoignages de professionnels, ainsi qu'une description des formations et des diplômes du secteur, au lycée, à l'université, dans les conservatoires ou les écoles.
339    $a m
410  0 $0 39123799 $t Parcours (Lognes) $x 1765-9329 $v 72
606    $3 13318614 $9 24576 $a Spectacles et divertissements $3 11932920 $9 5827 $x Orientation professionnelle $3 11931476 $9 109 $y France $2 rameau
608    $3 11975688 $9 1606 $a Guides pratiques $2 rameau
676    $a 790.023 44 $v 23
686    $a 790 $2 Cadre de classement de la Bibliographie nationale française
710    $3 11865180 $9 91051 $o ISNI0000000120970125 $a Office national d'information sur les enseignements et les professions $c France $4 070
801  0 $a FR $b FR-751131015 $c 20090526 $g AFNOR $h FRBNF414878480000005 $2 intermrc
999    $a FRBNF414878480000005
995    $0 0 $2 0 $4 0 $5 2009-08-08 $9 242188 $P 12.00 $b MED $c MED $e MED3A $f C0004849545 $h ACFRUZZ $k Doc./031 CUL $o 0 $p 12.00 $r PRETLIV $s DOC___031_000000000000000_CUL $w 18 $y 2022-03-05 $7 Decitre

