01090nj  a2200241 n 4500
001 212107
003 http://www.mediathequederoubaix.fr/ark:/20179/KH212107
005 20240513061430.0
035    $a HZ_
090    $a 212107
091    $a 1 $b 20240513 $c 0
099    $t DV $c 2014-06-30 $d 2024-05-13 $x 0
100    $a                       frey5003    ba
101    $a    
200    $a Carnaval de Vienne $b Enr. sonore $a Papillons $a Sonate en sol mineur... [et al.] $f Robert Schumann $g Sviatoslav Richter, p.
215    $a 2 disques
327    $a Face 1 : Fantaisie un ut majeur, op.17 $a Face 2 : Papillon, op.2 $a Face 3 : Sonate n&lt;U+00B0&gt;2 en sol mineur, op.22 $a Face 4 : Carnaval de Vienne, op.26
339    $a m
679    $a 3
700  1 $7 ba0yba0y $8 fre    $a Schumann $b Robert $f 1810-1856
702    $7 ba0yba0a $8 fre    $a Rihter $b Svâtoslav Teofilovič $f 1915-1997 $3 12163923 $9 8304
801    $a FR $b 595126101 $c 20090826 $g AFNOR
995    $0 0 $2 0 $4 0 $5 2009-08-26 $9 242370 $P 10.00 $b MED $c MED $e MED1A $f C0004928705 $h AMV30ZZ $k DISQ 30/3 SCH $l Contient 2 disques $o 0 $p 10.00 $r PRETSON $s DISQ_30_300000000000000_SCH $w 0 $y 2014-06-30

