01780cam a2200397   4500
001 212306
003 http://www.mediathequederoubaix.fr/ark:/20179/KH212306
010    $a 978-2-7427-8567-4 $b br. $d 18 EUR
020    $a FR $b 00943004
033    $a http://catalogue.bnf.fr/ark:/12148/cb42021253j
035    $a FRBNF420212530000004
073  0 $a 9782742785674
090    $a 212306
091    $b 20240513 $c 1 $a 2
099    $t LI $c 2014-06-30 $d 2024-05-13 $x 8
100    $a 20090717d2009    m  y0frey50      ba
101 0  $a fre
102    $a FR
105    $a ||||z   00|a|
106    $a r
181  0 $6 01 $a i  $b xxxe  
181    $6 02 $c txt $2 rdacontent
182  0 $6 01 $a n
182    $6 02 $c n $2 rdamedia
200 1  $a La double vie d'Anna Song $b Texte imprimé $e roman $f Minh Tran Huy
210    $a Arles $c Actes Sud $d impr. 2009 $e 53-Mayenne $g Impr. Floch
215    $a 1 vol. (191 p.) $c couv. ill. en coul. $d 22 cm
225    $a Domaine français
330    $a Anna Song, pianiste, vient de mourir, laissant derrière elle une oeuvre discographique sans précédent. Paul Desroches, son mari et producteur, lui dresse un tombeau musical et littéraire, à la fois ode à une femme désespérément aimée, à une enfance engloutie dans le temps et à un pays perdu.
339    $a m
410  0 $0 34288251 $t Domaine français (Arles) $x 1264-5036 $d 2009
686    $a 803 $2 Cadre de classement de la Bibliographie nationale française
700    $3 15554107 $9 93275 $o ISNI0000000117775572 $a Tran Huy $b Minh $f 1979-.... $4 070
801  0 $a FR $b FR-751131015 $c 20090717 $g AFNOR $h FRBNF420212530000004 $2 intermrc
999    $a FRBNF420212530000004
995    $0 0 $2 0 $4 0 $5 2009-09-03 $9 242594 $P 18.00 $b MED $c MED $e MED1A $f C0004851526 $h ALTROZZ $k R/TRA $n 2024-05-21 $o 0 $p 18.00 $r PRETLIV $s R_TRA $w 20 $y 2024-04-30 $7 Majuscule

