02192cam a2200457   4500
001 212512
003 http://www.mediathequederoubaix.fr/ark:/20179/KH212512
010    $a 978-2-35290-036-8 $b br. $d 10,95 EUR
020    $a FR $b 00931587
033    $a http://catalogue.bnf.fr/ark:/12148/cb41422818g
035    $a FRBNF414228180000001
073  0 $a 9782352900221
090    $a 212512
091    $b 20240513 $c 1 $a 2
099    $t LI $c 2014-06-30 $d 2024-05-13 $x 7
100    $a 20090205d2008    a  y0frey50      ba
101 0  $a fre
102    $a FR
105    $a ||||z   00|y|
106    $a r
181  0 $6 01 $a i  $b xxxe  
181    $6 02 $c txt $2 rdacontent
182  0 $6 01 $a n
182    $6 02 $c n $2 rdamedia
200 1  $a Bauhaus $b Texte imprimé $f par Caroline Larroche & Olivier Morel
210    $a [Paris] $c Éd. courtes et longues $d impr. 2008 $e impr. en Italie
215    $a 1 vol. (50 p.) $c ill. en noir et en coul., couv. ill. en coul. $d 29 cm
225    $a Toutes mes histoires de l'art $x 1955-4885
300    $a Glossaire. Index
330    $a Ce volume propose de découvrir ce mouvement artistique né en Allemagne en 1919. Ephémère, le Bauhaus fut essentiel pour l'architecture et les arts décoratifs. Présentation des oeuvres et des lieux, avec 5 modules de 8 à 10 pages contenant chacun un texte, des oeuvres commentées, un jeu ou une activité qui permet d'assimiler chaque caractéristique.
339    $a a
410  0 $0 41012494 $t Toutes mes histoires de l'art $x 1955-4885 $d 2008
601    $3 11943959 $9 47860 $a Bauhaus $2 rameau
608    $3 12042408 $9 314947 $a Ouvrages pour la jeunesse $2 rameau
676    $a 709.430 9042 $v 23
686    $a 700 $2 Cadre de classement de la Bibliographie nationale française
700    $3 12126756 $9 67504 $o ISNI0000000108985957 $a Larroche $b Caroline $f 1961-.... $4 070
701    $3 14964395 $9 90459 $o ISNI0000000002367392 $a Morel $b Olivier $f 1964-.... $4 070
801  0 $a FR $b FR-751131015 $c 20090205 $g AFNOR $h FRBNF414228180000001 $2 intermrc
999    $a FRBNF414228180000001
995    $0 0 $2 0 $4 0 $5 2010-06-04 $9 242848 $P 10.95 $b MED $c MED $e MED2A $f C0005049106 $h JDT70ZZ $k E/710.7 BAU $o 0 $p 10.95 $r PRETLIV $s E_710_700000000000000_BAU $w 4 $y 2024-05-03 $7 COLLINES DIFFUSION

