01049nj  a2200253 n 4500
001 212692
003 http://www.mediathequederoubaix.fr/ark:/20179/KH212692
005 20240513062140.0
035    $a HZ_
090    $a 212692
091    $a 1 $b 20240513 $c 0
099    $t DV $c 2014-06-30 $d 2024-05-13 $x 0
100    $a                       frey5003    ba
101    $a    
200    $a Pièces pour piano $b Enr. sonore $f Charles-Valentin Alkan, comp. $g Bernard Ringeissen, p
210    $a P 1977
215    $a 1 disque
327    $a Face 1 : Sonatine $a Zorcico $a Face 2 : Scherzo diabolico $a 2e nocturne $a Gigue $a Marche N&lt;U+00B0&gt; 1 $a Bararolle $a Saltarelle
339    $a m
679    $a 3
700    $7 ba0yba0y $8 fre    $a Alkan $b Charles-Valentin $f 1813-1888 $3 13890675 $9 6396
702    $7 ba0yba0y $8 fre    $a Ringeissen $b Bernard $f 1934-.... $3 14837230 $9 6395
801    $a FR $b 595126101 $c 20090909 $g AFNOR
995    $0 0 $2 0 $4 0 $5 2009-09-09 $9 243056 $P 10.00 $b MED $c MED $e MED1A $f C0004908967 $h AMV30ZZ $k DISQ 30 / 3.11 ALK $o 0 $p 10.00 $r PRETSON $s DISQ_30_300000000000000_11_ALK $w 0 $y 2014-06-30

