01138naa2a2200253   4500
001 212867
003 http://www.mediathequederoubaix.fr/ark:/20179/KH212867
005 20240513062653.0
035 00 $a HZ_RBX273055
090    $a 212867
091    $a 2 $b 20240513 $c 0
099    $t AP $c 2014-06-30 $d 2024-05-13 $x 0
100    $a 19               k  y0frey5003    ba
101    $a fre
200    $a La catastrophe de Courrières vue par "L'illustration" $f texte Nicolas Delecourt $g photos Jérôme Chabanne
215    $a [4] p. $c ill. en coul.
300    $a In : Pays du Nord = ISSN 1263-8730.- (1996-03/04)N&lt;U+00B0&gt;10, p. 42-45
339    $a m
493    $1 Pays du Nord : Nord-Pas de Calais-Picardie-Belgique / dir. de la publ. Christophe Bonicel . $1 Ed. Freeway , 1994- .
606 0  $a Mines $x Accidents $y France $y Courrières (Pas-de-Calais) $2 rameau
606 0  $a Charbon $x Mines et extraction $x Accidents $y France $y Courrières (Pas-de-Calais) $2 rameau
700    $7 ba0yba0y $8 fre    $a Delecourt $b Nicolas $f 1964-.... $3 12040404 $9 25290
702    $7 ba0yba0y $8 fre    $a Chabanne $b Jérôme $f 1969-.... $3 13177521 $4 600 $9 80844
801    $a FR $b 595126101 $c 20090912 $g AFNOR

