01815cam a2200397   4500
001 213066
003 http://www.mediathequederoubaix.fr/ark:/20179/KH213066
010    $a 978-2-91501835-6 $b br. $d 20 EUR
020    $a FR $b 00948496
033    $a http://catalogue.bnf.fr/ark:/12148/cb42034019r
035    $a FRBNF420340190000009
073  0 $a 9782915018356
090    $a 213066
091    $b 20240513 $c 1 $a 2
099    $t LI $c 2014-06-30 $d 2024-05-13 $x 1
100    $a 20090810d2009    m  y0frey50      ba
101 0  $a fre
102    $a FR
105    $a ||||z   00|a|
106    $a r
181  0 $6 01 $a i  $b xxxe  
181    $6 02 $c txt $2 rdacontent
182  0 $6 01 $a n
182    $6 02 $c n $2 rdamedia
200 1  $a Un plat de sang andalou $b Texte imprimé $f David M. Thomas
210    $a Meudon $c Quidam éd. $d impr. 2009 $e 53-Lassay-les-Châteaux $g Impr. EMD
215    $a 1 vol. (274 p.) $c couv. ill. $d 21 cm
225    $a Made in Europe $x 1779-7888 $v 36
330    $a Au fin fond de l'Andalousie, une petite ville portuaire oubliée du monde est sur le point de faire la une de la presse internationale avant de retomber dans l'oubli. Récit retraçant la vie des républicains espagnols d'Almeria, de la guerre civile à la défaite, des camps de la mort nazis à la dictature du général Franco. Premier roman.
339    $a m
410  0 $0 40119199 $t Made in Europe (Meudon) $x 1779-7888 $v 36
686    $a 803 $2 Cadre de classement de la Bibliographie nationale française
700    $3 16125333 $9 101230 $o ISNI0000000078511194 $a Thomas $b David M. $f 1959-.... $4 070
801  0 $a FR $b FR-751131015 $c 20090810 $g AFNOR $h FRBNF420340190000009 $2 intermrc
999    $a FRBNF420340190000009
995    $0 0 $2 0 $4 0 $5 2009-10-16 $9 243468 $P 20.00 $b MED $c MED $e MED1A $f C0005061174 $h ALTROZZ $k R/THO $o 0 $p 20.00 $r PRETLIV $s RTHO $w 9 $y 2016-08-06 $7 Majuscule

