02131cam a2200421   4500
001 213234
003 http://www.mediathequederoubaix.fr/ark:/20179/KH213234
010    $a 978-2-916238-55-5 $b br. $d 6,90 EUR
020    $a FR $b 00952160
033    $a http://catalogue.bnf.fr/ark:/12148/cb42046503f
035    $a FRBNF420465030000009
073  0 $a 9782916238555
090    $a 213234
091    $b 20240513 $c 1 $a 2
099    $t LI $c 2014-06-30 $d 2024-05-13 $x 81
100    $a 20090903d2009    a  y0frey50      ba
101 0  $a fre
102    $a FR
105    $a ||||z   00|a|
106    $a r
181  0 $6 01 $a i  $b xxxe  
181    $6 02 $c txt $2 rdacontent
182  0 $6 01 $a n
182    $6 02 $c n $2 rdamedia
200 1  $a Blanche et les sept danseurs $b Texte imprimé $f Gwendoline Raisson $g illustré par Ewen Blain
210    $a [Saint-Mandé] $c Talents hauts $d DL 2009 $e impr. en Italie
215    $a 1 vol. (47 p.) $c ill. en coul., couv. ill. en coul. $d 18 cm
225    $a Livres et égaux $x 1961-2001
330    $a Blanche, la fille du directeur du supermarché Miniprix, est très belle. Cela exaspère sa belle-mère qui ne supporte pas qu'il existe une femme plus belle qu'elle dans le centre commercial et ordonne qu'on la tue. Blanche est recueillie par des danseurs de cabaret, mais sa belle-mère réussit à l'empoisonner avec un sushi avarié. Elle est réveillée par le fils du directeur du supermarché Superprix.
339    $a a
410  0 $0 41350099 $t Livres et égaux $x 1961-2001 $d 2009
608    $a Premières lectures $2 CNLJ $k Avis critique donné par le Centre national de la littérature pour la jeunesse
686    $a 809 $2 Cadre de classement de la Bibliographie nationale française
700    $3 15619599 $9 97791 $o ISNI0000000002508300 $a Raisson $b Gwendoline $f 1972-.... $4 070
702    $3 16134272 $9 101292 $o ISNI0000000071127173 $a Blain $b Ewen $4 440
801  0 $a FR $b FR-751131015 $c 20090903 $g AFNOR $h FRBNF420465030000009 $2 intermrc
999    $a FRBNF420465030000009
995    $0 0 $2 0 $4 0 $5 2009-09-29 $9 243688 $P 6.90 $b MED $c MED $e MED2A $f C0004941290 $h JRORMZZ $k PRE R/RAI $o 0 $p 6.90 $r PRETLIV $s PRE_R_RAI $w 47 $y 2023-05-23 $7 Bateau Livre

