02254cam a2200469   4500
001 213397
003 http://www.mediathequederoubaix.fr/ark:/20179/KH213397
010    $a 978-2-07-062532-1 $b br. $d 8,90 EUR
020    $a FR $b 00950928
033    $a http://catalogue.bnf.fr/ark:/12148/cb42016689n
035    $a FRBNF420166890000008
073  0 $a 9782070625321
090    $a 213397
091    $b 20240513 $c 1 $a 2
099    $t LI $c 2014-06-30 $d 2024-05-13 $x 7
100    $a 20090708d2009    a  y0frey50      ba
101 0  $a fre
102    $a FR
105    $a ||||z   00|y|
106    $a r
181  0 $6 01 $a i  $b xxxe  
181    $6 02 $c txt $2 rdacontent
182  0 $6 01 $a n
182    $6 02 $c n $2 rdamedia
200 1  $a Ne plus jamais s'ennuyer à la mer $b Texte imprimé $f Yves Cohat $g [illustré par Élisa Géhin]
210    $a [Paris] $c Gallimard jeunesse $d DL 2009 $e impr. en Italie
215    $a 1 vol. (128 p.) $c ill. en noir et en coul., couv. ill. en coul. $d 16 cm
225    $a Ne plus jamais s'ennuyer
300    $a Index
312    $a Autre forme de titre : À la mer
330    $a Le guide contient à la fois des documentaires, des activités et des planches d'identification pour tout savoir sur le milieu marin et ne pas s'ennuyer par temps de pluie. Le jeune lecteur apprendra par exemple à fabriquer un bombe à eau, à prévoir le temps qu'il fera, à bricoler avec des coquillages ou à différencier une mouette d'un goéland.
339    $a a
410  0 $0 42031000 $t Ne plus jamais s'ennuyer $x 2109-6260 $d 2009
517 1  $a À la mer
608    $a Documentaires : activités, loisirs et divers $2 CNLJ $k Avis critique donné par le Centre national de la littérature pour la jeunesse
676    $a 793.908 3 $v 23
686    $a 793 $2 Cadre de classement de la Bibliographie nationale française
700    $3 12044067 $9 14348 $o ISNI0000000121417700 $a Cohat $b Yves $f 1953-.... $4 070
702    $3 15698979 $9 98244 $o ISNI0000000004915858 $a Géhin $b Élisa $f 1984-.... $4 440
801  0 $a FR $b FR-751131015 $c 20090708 $g AFNOR $h FRBNF420166890000008 $2 intermrc
999    $a FRBNF420166890000008
995    $0 0 $2 0 $4 0 $5 2009-11-28 $9 243988 $P 8.90 $b MED $c MED $e MED0A $f C0005034363 $h JDT50ZZ $k EXT E/552 MER $n 2024-06-29 $o 0 $p 8.90 $r PRETLIV $s EXT_E552_MER $w 9 $y 2022-08-25

