01683cam a2200409   4500
001 213520
003 http://www.mediathequederoubaix.fr/ark:/20179/KH213520
010    $a 2-87706-512-X $b br. $d 5,80 EUR
020    $a FR $b 00442925
033    $a http://catalogue.bnf.fr/ark:/12148/cb39223303z
035    $a FRBNF392233030000004
090    $a 213520
091    $b 20240513 $c 1 $a 2
099    $t LI $c 2014-06-30 $d 2024-05-13 $x 25
100    $a 20040810d2004    m  y0frey50      ba
101 0  $a fre
102    $a FR
105    $a ||||z   00|a|
106    $a r
181  0 $6 01 $a i  $b xxxe  
181    $6 02 $c txt $2 rdacontent
182  0 $6 01 $a n
182    $6 02 $c n $2 rdamedia
200 1  $a Manon des sources $b Texte imprimé $f Marcel Pagnol,...
210    $a Paris $c de Fallois $d 2004 $e 72-La Flèche $g Impr. Brodard et Taupin
215    $a 285 p. $c couv. ill. en coul. $d 18 cm
225 19 $a L'eau des collines $v 2
225    $a Fortunio $v 6
300    $a Bibliogr., 2 p. Filmographie, 1 p.
330    $a Après la mort de son prère, Manon et sa mère s'installent dans la grotte de Baptistine. Manon cherche un moyen de venger la mort de son père. Roman inspiré des souvenirs d'enfance provençaux de M. Pagnol.
339    $a m
410  0 $0 34247558 $t Fortunio (Paris) $x 0989-3512 $v 6
686    $a 803 $2 Cadre de classement de la Bibliographie nationale française
700    $3 11918412 $9 5117 $o ISNI0000000121201141 $a Pagnol $b Marcel $f 1895-1974 $4 070
801  0 $a FR $b FR-751131015 $c 20040810 $g AFNOR $h FRBNF392233030000004 $2 intermrc
999    $a FRBNF392233030000004
995    $0 0 $2 0 $4 0 $5 2023-08-25 $9 464914 $b MED $c MED $e MED1A $f C1400017464 $h ALTROZZ $k R/PAG $o 0 $p 8.00 $r PRETLIV $s R_PAG $w 3 $y 2024-05-19

