01644ng  a2200301 n 4500
001 213665
003 http://www.mediathequederoubaix.fr/ark:/20179/KH213665
005 20240513063557.0
035    $a HZ_ADAV               
090    $a 213665
091    $a 1 $b 20240513 $c 0
099    $t VD $c 2014-06-30 $d 2024-05-13 $x 24
100    $a 20140630 1927         frey50        
101    $a fre
200    $a Le mecano de la Général $b DVD $f Clyde Bruckman, réal., scénario $g Buster Keaton, scénario
210    $a Etats-Unis $c Jokana $d [1927]
215    $a 1 DVD (1h 10 min) $c n.b., sonore
323    $a Interprètes : Marion Mack, Charles Smith, Richard Allen...[et al.]
330    $a Le cheminot Johnnie Gray partage sa vie entre sa fiancée Annabelle Lee et sa locomotive, la General. En pleine Guerre de Sécession, il souhaite s'engager dans l'armée sudiste, mais celle-ci estime qu'il se montrera plus utile en restant mécanicien. Pour prouver à Annabelle qu'il n'est pas lâche, il se lance seul à la poursuite d'espions nordistes qui se sont emparés d'elle et de sa locomotive.
339    $a m
606 0  $a Cinéma $y États-Unis $z 1895-1929 $x DVD $2 rameau
700  1 $7 ba0yba0y $8 fre    $3 14041550 $9 303640 $4 370 $4 690 $a Bruckman $b Clyde $f 1894-1955
702  1 $a Smith $b Charles
702  1 $a Allen $b Richard
702  1 $7 ba0yba0y $8 fre    $3 14201758 $9 303641 $a Mack $b Marion $f 1902-1989
702    $7 ba0yba0y $8 fre    $a Keaton $b Buster $f 1895-1966 $3 12007598 $4 690 $4 005 $9 4333
801    $a FR $b 595126101 $c 20091107 $g AFNOR
995    $0 0 $2 0 $4 0 $5 2009-10-09 $9 244392 $P 15.00 $b MED $c MED $e MED1A $f C0005011404 $h AAPCIFI $k DVD/F KEA $o 0 $p 15.00 $r PRETDVD $s DVD_F_KEA $w 38 $y 2024-03-24

