01070nj  a2200253 n 4500
001 213827
003 http://www.mediathequederoubaix.fr/ark:/20179/KH213827
005 20240513063653.0
035    $a HZ_CDM                              
071 01 $a 942.0173.022 $b Pias Records
090    $a 213827
091    $a 1 $b 20240513 $c 0
099    $t DC $c 2014-06-30 $d 2024-05-13 $x 7
100    $a 20140630 2009         frey50        
101    $a fre
200    $a A tout moment $b Enr. sonore $f Eiffel
210    $d P 2009
215    $a 1 d.c. $e 1 Livret collé (n.p.; 12 cm)
327    $a Minouche $a A tout moment la rue $a Le coeur d'Australie $a Je m'obstine $a Sous ton aile $a Cet instant-là $a Mort j'appelle $a Nous sommes du hasard $a Clash $a Ma blonde $a Mille voix rauques $a Ma nebuleuse mélancolique
339    $a m
679    $a 2
710 02 $a Eiffel
801    $a FR $b 595126101 $c 20091118 $g AFNOR
995    $0 0 $2 0 $4 0 $5 2009-11-14 $9 244571 $P 18.11 $b MED $c MED $e MED1A $f C0005014606 $h AMV80ZZ $k DC/099.2 EIF $l contient 1 DC + 1 livret coll $o 0 $p 18.11 $r PRETSON $s DC_099_200000000000000_EIF $w 31 $y 2022-08-30 $7 CVS $A 0

