01882cam a2200385   4500
001 214019
003 http://www.mediathequederoubaix.fr/ark:/20179/KH214019
010    $a 978-2-203-02101-3 $b rel. $d 17 EUR
020    $a FR $b 00963469
033    $a http://catalogue.bnf.fr/ark:/12148/cb420908762
035    $a FRBNF420908760000002
073  0 $a 9782203021013
090    $a 214019
091    $b 20240513 $c 1 $a 2
099    $t LI $c 2014-06-30 $d 2024-05-13 $x 5
100    $a 20091104d2009    m  y0frey50      ba
101 0  $a fre
102    $a BE
105    $a ||||t   00|a|
106    $a r
181  0 $6 01 $a i  $b xxxe   $a b  $b xb2e  
181    $6 02 $c txt $c sti $2 rdacontent
182  0 $6 01 $a n
182    $6 02 $c n $2 rdamedia
200 1  $a Bonne nuit les petits $b Texte imprimé $f dessin, Stéphane Lenglet $g scénario, Olivier Mau...
210    $a [Bruxelles] $a [Paris] $c Casterman $d DL 2009 $e impr. en Italie
215    $a 1 vol. (80 p.) $c ill., couv. ill. $d 31 cm
330    $a Jeanne et Fabrice ont 18 ans. Elle, jeune comédienne, incarne toutes les difficultés de son métier mais s'accroche, obstinée et rageuse. Lui, fils de millionnaire, n'a jamais travaillé et promène son ennui mondain, il déteste son père qui lui renvoie l'image de sa propre inutilité. Le destin de ces deux êtres va finir par se croiser mais pas de la manière dont on pourrait le penser.
339    $a m
686    $a 805 $2 Cadre de classement de la Bibliographie nationale française
700    $3 16159512 $9 101524 $o ISNI0000000073107694 $a Lenglet $b Stéphane $4 070
701    $3 13076489 $9 16603 $o ISNI0000000055120027 $a Mau $b Olivier $f 1967-.... $4 070
801  0 $a FR $b FR-751131015 $c 20091104 $g AFNOR $h FRBNF420908760000002 $2 intermrc
999    $a FRBNF420908760000002
995    $0 0 $2 0 $4 0 $5 2009-10-23 $9 244765 $P 17.00 $b MED $c MED $e MED0C $f C0004942115 $h AAPBDZZ $k BD/MAU $o 0 $p 17.00 $r PRETLIV $s BD_MAU $w 24 $y 2022-02-23 $7 BD fugue

