01262nam a2200313 n 4500
001 214242
003 http://www.mediathequederoubaix.fr/ark:/20179/KH214242
005 20220924053534.0
033    $a http://catalogue.bnf.fr/ark:/12148/cb306411400
035    $a HZ_
090    $a 214242
091    $a 0
099    $t LI $c 2014-06-30 $d 2022-09-24 $x 0
100    $a          1848         frey5003    ba
101    $a fre
102    $a   
200    $a Almanach de la République française et des barricades $e 1848 $f par trois ouvriers [Paul Jacquet, Ph. Bosc. et V. Hardy]
210    $a Paris $c Halley $d [1848]
215    $a 72 p. $c couv. ill. $d 16 cm
304    $a Philippe Bosc et Victor Hardy d'après BN Opale +
339    $a m
606 0  $9 258646 $a Almanachs français $z 19e siècle
607    $7 ba0yba0y $8 fre    $a France $z 1848-1852 (2e République) $9 25357
701  1 $9 215213 $a Jacquet $b Paul
701  1 $9 215214 $a Bosc $b Philippe
701  1 $9 215215 $a Hardy $b Victor
801    $a FR $b 595126101 $c 20100129 $g AFNOR
930    $5 595126101:c0004836770 $b 595126101 $a RES 8/1235 $e Fonds patrimonial
995    $0 0 $2 0 $4 0 $5 2009-10-24 $9 244985 $P 23.00 $b MED $c MED $e MED3O $f c0004836770 $h PPEFGZZ $k RES 8/1235 $o 2 $p 23.00 $r PRETLIV $s RES_81235_000000000000000 $w 0 $y 2014-06-30 $7 Librairie Farfouille

