00996na  a2200253 n 4500
001 214384
003 http://www.mediathequederoubaix.fr/ark:/20179/KH214384
005 20240513064445.0
035    $a HZ_
090    $a 214384
091    $a 2 $b 20240513 $c 0
099    $t LI $c 2014-06-30 $d 2024-05-13 $x 3
100    $a          1993         frey5003    ba
101    $a    
200    $a La Maillan racontée par ses amis $f Maritie et Gilbert Carpentier
210    $a Paris $c Ed. n&lt;U+00B0&gt;1 $d 1993
215    $a 223 p. $c ill., couv. ill. en coul. $d 23 cm
339    $a m
600    $7 ba0yba0y $8 fre    $a Maillan $b Jacqueline $f 1923-1992 $3 12361347 $9 38496
676    $a 792
700  1 $7 ba0yba0y $8 fre    $3 12595028 $9 101627 $7 ba0yba0y $8 fre    $a Carpentier $b Maritie $f 1921-2002
701  1 $a Carpentier $b Gilbert
801    $a FR $b 595126101 $c 20091030 $g AFNOR
995    $0 0 $2 0 $4 0 $5 2009-10-30 $9 245246 $P 20.00 $b MED $c MED $e MED1A $f C0000185305 $h AMVASDC $k Doc./788.6 MAI $o 0 $p 20.00 $r PRETLIV $s DOC__788_600000000000000_MAI $w 8 $y 2019-02-12

