02787nj  a2200289 n 4500
001 214578
003 http://www.mediathequederoubaix.fr/ark:/20179/KH214578
005 20240513065104.0
035    $a HZ_
071 01 $a 532 058 9 $b Universal Music
090    $a 214578
091    $a 1 $b 20240513 $c 0
099    $t DC $c 2014-06-30 $d 2024-05-13 $x 31
100    $a 20140630 2009         frey50        
101    $a fre
200    $a Contact play & dance 2009 $b Enr. sonore $f David Guetta, Bob Sinclar, Christophe Willem... [et al.]
210    $d P 2009
215    $a 2 d.c. $e 1 Feuillet (12 cm)
327    $a CD 1 : I know you want me (calle ocho) / Pitbull $a When love takes over / David Guetta / Feat. Kelly Rowland $a Love you no more / Bob Sinclar / Feat. Shabba Ranks $a Boom boom pow / The Black Eyed Peas $a Laisse-toi aller bébé / Collectif Métissé $a Plus que tout (daft trance remix radio) / Christophe Willem $a Hush, hush, hush, hush (bimbo jones radio) / The Pussycats Dolls $a Release me / Agnes $a Neon music 2009 / Big Ali $a Shine on / R.I.O. $a Même pas fatigué !! / Magic System / Feat. Khaled $a Move ya body / Sandy Ground Factory / Feat. L'Sai $a Feel the love / Marchi's Flow vs Love / Feat. Miss Tia $a Le fruit défendu / Ame Caleen $a A decade in blue / Eiffel 65 $a Ayo technology / Katerine Avgoustakis $a Upper hand (sexy mama) / Indra $a Reach for the stars / Antoine Clamaran / Feat. Annie C $a Ca m'énerve / Helmut Fritz $a Beautiful / Akon / Feat. Colby O4Donis & Kardinal Offishall $a If u seek amy / Britney Spears $a CD 2 : Eh, eh (nothing else i can say) (Pet Shop Boys radio mix) / Lady Gaga $a Please don't leave me (Digital Dog radio edit) / Pink $a What you get / Junior Caldera $a Walk the line / Laurent Wolf vs Johnny Cash $a Who's in the house / Chris Kaeser $a Let the bass kick / Chuckie $a Riverside / Sidney Samson $a Lift / Pryda $a Superstar / David May $a Stéréo flo / Dada, Obernik, Harris $a Don't upset the rhythm (go baby go) / The Noisettes $a Soundwaves / Angie Be $a Love can't get u wrong / Dim Chris / Feat. Angie $a Leave the world behind / Axwell / Ingrosso / Steve Angello / Laidback Luke / Feat. Deborah Cox $a Lucky star 2009 / Superfunk $a Stop playing with my mind / Daniel Bovie & Roy Rox $a Broken dream / Da Fresh $a Can't slow down / John Dahlback $a She came along / Sharam / Feat. Kid Cudi $a Wolfgang's 5th symphony / Wolfgang Gartner
339    $a m
345    $a CVS
679    $a 2 $c 90.1
700  1 $a Guetta $b David $f 1967-....
701    $7 ba0yba0y $8 fre    $a Sinclar $b Bob $f 1969-.... $3 14011545 $9 41566
701    $7 ba0yba0y $8 fre    $a Willem $b Christophe $f 1983-.... $3 15103499 $9 92209
801    $a FR $b 595126101 $c 20091126 $g AFNOR
995    $0 0 $2 0 $4 0 $5 2009-11-14 $9 245511 $P 22.40 $b MED $c MED $e MED1A $f C0005014915 $h AMV29ZZ $k DC/6 A $l contient 2 DC $o 0 $p 22.40 $r PRETSON $s DC_6_000000000000000_A $w 93 $y 2023-05-14 $7 CVS

