01229nam a2200325 n 4500
001 214730
003 http://www.mediathequederoubaix.fr/ark:/20179/KH214730
005 20200611020456.0
035    $a HZ_
090    $a 214730
091    $a 0
099    $t LI $c 2014-06-30 $d 2014-06-30 $x 0
100    $a          1938         frey5003    ba
101    $a fre
102    $a   
200    $a Flandres et pays du Nord $f [Claude Roger Marx]
210    $a Paris $c Les Laboratoires Le Brun & Mictasol $d [1938]
215    $a [12] p. $c ill. $d 27 cm
225 2  $a La caricature étrangère $v 2
305    $a 1938 d'après BN Opale +
339    $a m
410    $t La caricature étrangère $v 2
606 0  $7 ba0yba0y $8 fre    $a   $9 4837
607    $a Flandre (Belgique) $x Ouvrages illustrés $2 rameau
607    $a Belgique $x Ouvrages illustrés $2 rameau
607    $a Hollande (Pays-Bas) $x Ouvrages illustrés $2 rameau
700  1 $9 16228 $7 ba0yba0y $8 fre    $a Roger-Marx $b Claude $f 1888-1977
801    $a FR $b 595126101 $c 20110826 $g AFNOR
930    $5 595126101:c0004157998 $b 595126101 $a BR 4/2905 $e Fonds patrimonial
995    $0 0 $2 0 $4 0 $5 2009-11-03 $9 245741 $b MED $c MED $e MED3N $f c0004157998 $h PPEFGZZ $k BR 4/2905 $o 2 $r PRETLIV $s BR_42905_000000000000000 $w 0 $y 2014-06-30 $7 Don

