01994nam a2200445   4500
001 214927
003 http://www.mediathequederoubaix.fr/ark:/20179/KH214927
010    $a 2-85704-540-9 $b br. $d 139 F
020    $a FR $b 09829604
033    $a http://catalogue.bnf.fr/ark:/12148/cb36984212x
035    $a FRBNF369842120000008
039    $o OPL $a 023615198
090    $a 214927
091    $b 20240513 $c 1 $a 2
099    $t LI $c 2014-06-30 $d 2024-05-13 $x 11
100    $a 19980625d1998    m  y0frey50      ba
101 0  $a fre
102    $a FR
105    $a ||||z   00|y|
106    $a r
181  0 $6 01 $a i  $b xxxe  
181    $6 02 $c txt $2 rdacontent
182  0 $6 01 $a n
182    $6 02 $c n $2 rdamedia
200 1  $a Napoléon $b Texte imprimé $f Georges Bordonove
205    $a [Nouv. éd.]
210    $a Paris $c Pygmalion $d 1998 $e 18-Saint-Amand-Montrond $g Bussière Camedan impr.
215    $a 394 p. $c couv. ill. en coul. $d 24 cm
225 19 $a Les grandes heures de l'histoire de France.
300    $a Bibliogr. p. 375-378
330    $a L'auteur relate la vie de Napoléon : des premiers moments de son enfance, à l'événement du dix-huit Brumaire jusqu'aux batailles militaires (Austerlitz, campagne de Prusse, guerre d'Espagne ou la campagne de Russie) et sa captivité à Sainte-Hélène à partir de 1815.
339    $a m
600    $3 12008245 $9 8027 $a Napoléon $d Ier $f 1769-1821 $c empereur des Français $2 rameau
607    $3 11941635 $9 10892 $a France $z 1799-1815 (Consulat et Empire) $2 rameau
608    $3 11935764 $9 107 $a Biographie $2 rameau
686    $a 92  $2 Cadre de classement de la Bibliographie nationale française
700    $3 11892962 $9 8673 $o ISNI0000000121011807 $a Bordonove $b Georges $f 1920-2007 $4 070
801  0 $a FR $b FR-751131015 $c 19980625 $g AFNOR $h FRBNF369842120000008 $2 intermrc
999    $a FRBNF369842120000008
995    $0 0 $2 0 $4 0 $5 2009-11-10 $9 245971 $P 21.19 $b MED $c MED $e MED3A $f C0002308420 $h ACFHSZZ $k Doc./945.1 NAP $o 0 $p 21.19 $r PRETLIV $s DOC___945_100000000000000_NAP $w 18 $y 2023-01-14

