01187nj  a2200277 n 4500
001 215118
003 http://www.mediathequederoubaix.fr/ark:/20179/KH215118
005 20240513065909.0
035    $a HZ_CDM                              
071 01 $a 12885 $b Counter Records
090    $a 215118
091    $a 1 $b 20240513 $c 0
099    $t DC $c 2014-06-30 $d 2024-05-13 $x 5
100    $a 20140630 2009         frey50        
101    $a fre
200    $a The house that dirt built $b Enr. sonore $f The Heavy
210    $d P 2009
215    $a 1 d.c. $e 1 Livret (n.p.; 12 cm)
327    $a Oh no ! not you again !! $a How you like me now ? $a Sixteen $a Short change hero $a No time $a Long way from home $a Cause for alarm $a Love like that $a What you want me to do ? $a Stuck
339    $a m
606 0  $a Rock (musique) $y Grande-Bretagne $y Angleterre (GB) $x Disques $2 rameau
606 0  $a Funk $y Grande-Bretagne $y Angleterre (GB) $x Disques $2 rameau
679    $a 2
710 02 $a The heavy
801    $a FR $b 595126101 $c 20110525 $g AFNOR
995    $0 0 $2 0 $4 0 $5 2009-12-30 $9 246174 $P 20.79 $b MED $c MED $e MED1A $f C0005019282 $h AMV20ZZ $k DC/2 HEA $l contient 1 DC + 1 livret $o 0 $p 20.79 $r PRETSON $s DC_2_000000000000000_HEA $w 10 $y 2022-10-28 $7 CDMail

