02861nam a2200469   4500
001 215311
003 http://www.mediathequederoubaix.fr/ark:/20179/KH215311
010    $a 99919-53-42-6
010    $a 2-914815-11-5 $d 22 Eur
033    $a http://catalogue.bnf.fr/ark:/12148/cb433920760
035    $a FRBNF433920760000008
039    $o ALS $a 0794120
090    $a 215311
091    $a 2 $b 20240513 $c 1
099    $t LI $c 2014-06-30 $d 2024-05-13 $x 2
100    $a 20060620d2006    m  y0frey50      ba
101 0  $a fre
102    $a BJ
105    $a y   z   000||
106    $a r
181  0 $6 01 $a i  $b xxxe  
181    $6 02 $c txt $2 rdacontent
182  0 $6 01 $a n
182    $6 02 $c n $2 rdamedia
200 1  $a La longue histoire du pagne $b Texte imprimé $f Béatrice Lalinon Gbado, Christelle Ouassa, Mireille Agossou, et al. $g ill. Roger Boni Yaratchaou $g photos Alexandre Gbado, Charles P. Tossou
210    $a Cotonou $a Brazzaville $c Ruisseaux d'Afrique $c Mokand'Art $d 2006
215    $a 79 p. $c ill. en coul., couv. ill. en coul., photogr. $d 26 x 26 cm
225 1  $a Arts de vivre en Afrique
321    $a Takam Tikou $x 2107-6685
329    $c Coup de coeur ! $a Un grand et bel album carré, cartonné, pour tout voir et tout savoir sur le pagne : fabrication, histoire, types, les pagnes de la femme, de l'homme, les implications du pagne dans la vie quotidienne... Une illustration variée, en couleur (de très nombreuses photos, mais aussi des aquarelles) dans une mise en page dynamique, ambitieuse. Les textes brefs, concis, agréables à lire, et les images correspondent particulièrement aux aires Adja Tado et Kwa au Bénin, dans une grande partie du Golfe de Guinée et enAfrique centrale. Tout en étant accessible aux jeunes, un formidable éveil aux dimensions culturelles du pagne en Afrique, et un régal pour les yeux. $d 20060620 $f VQ $2 CNLJ $k Avis critique donné par le Centre national de la littérature pour la jeunesse
330    $a Un documentaire sur l'origine et la diversité du pagne en afrique.
339    $a m
608    $a Documentaires : sciences et techniques $2 CNLJ $k Avis critique donné par le Centre national de la littérature pour la jeunesse
700    $3 12934626 $9 59639 $o ISNI0000000033169241 $a Lalinon Gbado $b Béatrice $4 070
701    $3 16783525 $9 338205 $a Christelle Ouassa $4 070
701    $3 16778623 $9 338206 $a Agossou $b Mireille $4 070
702    $3 16805878 $9 338173 $o ISNI0000000387512078 $a Boni Yaratchaou $b Roger $4 440
702    $3 16787907 $9 338207 $a Gbado $b Alexandre $4 600
702    $3 16783274 $9 338208 $a Charles P. Tossou $4 600
801  0 $a FR $b FR-751131015 $c 20060620 $g AFNOR $h FRBNF433920760000008 $2 intermrc
999    $a FRBNF433920760000008
995    $0 0 $2 0 $4 0 $5 2009-11-25 $9 246353 $P 3.00 $b MED $c MED $e MED1A $f C0005303584 $h AAPATAP $k Doc./744 GEO $o 0 $p 3.00 $r PRETLIV $s DOC__744_000000000000000_GEO $w 4 $y 2023-01-26 $7 Joker Art Diffusion

