04723cam a2200541   4500
001 215462
003 http://www.mediathequederoubaix.fr/ark:/20179/KH215462
010    $a 978-2-84420-798-2 $b rel. $d 13 EUR
020    $a FR $b 01005303
033    $a http://catalogue.bnf.fr/ark:/12148/cb42132798h
035    $a FRBNF421327980000004
073  0 $a 9782844207982
090    $a 215462
091    $b 20240513 $c 1 $a 2
099    $t LI $c 2014-06-30 $d 2024-05-15 $x 106
100    $a 20100125d2009    a  y0frey50      ba
101 0  $a fre
102    $a FR
105    $a ||||z   00|a|
106    $a r
181  0 $6 01 $a i  $b xxxe  
181    $6 02 $c txt $2 rdacontent
182  0 $6 01 $a n
182    $6 02 $c n $2 rdamedia
200 1  $a Tout va bien Merlin ! $b Texte imprimé $f Emmanuelle Houdart
210    $a [Paris] $c T. Magnier $d impr. 2009 $e impr. en Belgique
215    $a 1 vol. (non paginé [32] p.) $c ill. en coul., couv. ill. en coul. $d 25 cm
321    $a La Revue des livres pour enfants $x 0398-8384
321    $a La Revue des livres pour enfants. Sélection annuelle
321    $a Escales en littérature de jeunesse $c 2013
329    $c Bravo ! $a Emmanuelle Houdart nous livre un excellent album pour les tout-petits, cohérent dans sa proposition, attachant dans sa mise en scène, savoureux dans sa construction de question-réponse :"Mais qui a plongé dans mon bain ? Tout va bien, Merlin, c'est un gentil monstre marin." Nous sommes à l'âge des apparitions/disparitions, mais aussi à celui des grandes peurs qui se cachent sous les formes les plus quotidiennes et banales. L'album en joue tout en les dédramatisant avec simplicité. On retrouve l'univers graphique chatoyant d'Emmanuelle Houdart : ses jeux de couleurs et de motifs, ainsi que ses êtres monstrueux et mythologiques, participent du bel effet de surprise. (A.L.C.) $d 20100224 $f ALC $2 CNLJ $k Avis critique donné par le Centre national de la littérature pour la jeunesse
329    $a Voici un excellent album pour les tout-petits, attachant dans sa mise en scène. Nous sommes à l'âge des apparitions / disparitions, mais aussi des grandes peurs qui se cachent sous les formes les plus quotidiennes et banales. L'album en joue en les dédramatisant. On retrouve l'univers graphique chatoyant d'Émmanuelle Houdart : ses jeux de couleurs et de motifs, ainsi que ses êtres monstrueux et mythologiques qui participent du bel effet de surprise... $d 20110113
329    $a Voici un album pour les tout-petits, à l'âge des apparitions-disparitions, mais aussi des grandes peurs qui se cachent sous les formes les plus quotidiennes. L'album en joue en les dédramatisant. On retrouve l'univers graphique chatoyant d'Emmanuelle Houdart ainsi que ses êtres monstrueux et mythologiques qui participent des effets de surprise. $d 20131001
330    $a De page en page, Merlin s'inquiète car d'étranges personnages se cachent dans ses endroits favoris, boivent son biberon ou jouent avec ses cubes. Juste le temps de tourner la page et le personnage apparaît en entier et révèle sa vraie nature. Mais les intrus ne sont que tendresse à partager. Un album pour vaincre la peur de l'inconnu.
333    $a De 0 à 3 ans $2 CNLJ $k Avis critique donné par le Centre national de la littérature pour la jeunesse
339    $a a
608    $a Albums $2 CNLJ $k Avis critique donné par le Centre national de la littérature pour la jeunesse
609 0  $7 ba0yba0y $8 fre    $a Livres de bébé
686    $a 809 $2 Cadre de classement de la Bibliographie nationale française
700    $3 13343302 $9 292458 $o ISNI0000000078364956 $a Houdart $b Emmanuelle $f 1967-.... $4 070
801  0 $a FR $b FR-751131015 $c 20100125 $g AFNOR $h FRBNF421327980000004 $2 intermrc
999    $a FRBNF421327980000004
995    $0 0 $2 0 $4 0 $5 2011-10-22 $9 246902 $P 13.00 $b MED $c MED $e MED0A $f C0005442317 $h JABPFAF $k EXT PE A/HOU $n 2024-07-04 $o 0 $p 13.00 $r PRETLIV $s EXT_PE_A_HOU $w 15 $y 2023-09-02
995    $0 0 $2 0 $4 0 $5 2010-04-02 $9 246903 $P 13.00 $b MED $c MED $e MED0A $f C0005043338 $h JABPFAF $k EXT PE A/HOU $o 0 $p 13.00 $r PRETLIV $s EXT_PE_A_HOU $w 21 $y 2024-02-11 $7 Bateau Livre
995    $0 0 $2 0 $4 0 $5 2022-02-23 $9 440092 $P 13.20 $b MED $c MED $e MED0A $f C3500015084 $h JABPFAF $k EXT PE A/HOU $n 2024-06-28 $o 0 $r PRETLIV $s EXT_PE_A_HOU $w 6 $y 2024-05-10 $A 0 $8 MA0PMKA
995    $0 0 $2 0 $3 0 $4 0 $5 2023-05-31 $9 461351 $P 13.20 $b MED $c MED $e MED2A $f C2500032498 $h JABPFEV $k PE A/HOU $n 2024-06-26 $o 0 $p 13.20 $r PRETLIV $s PE_A_HOU $w 11 $y 2024-05-15 $7  $8  $A 0 $m  $z 
995    $0 0 $2 0 $3 0 $4 0 $5 2023-12-01 $9 470445 $P 13.20 $b MED $c MED $e MED2A $f C2600008901 $h JABPFEV $k PE A/HOU $n 2024-06-04 $o 0 $p 13.20 $r PRETLIV $s PE_A_HOU $w 6 $y 2024-04-23 $A 0
995    $0 0 $2 0 $3 0 $4 0 $5 2023-12-01 $9 470446 $P 13.20 $b MED $c MED $e MED2A $f C2600008902 $h JABPFEV $k PE A/HOU $o 0 $p 13.20 $r PRETLIV $s PE_A_HOU $w 3 $y 2024-05-17 $7  $8  $A 0 $m  $z 

