01189nj  a2200277 n 4500
001 215624
003 http://www.mediathequederoubaix.fr/ark:/20179/KH215624
005 20240513070804.0
035    $a HZ_CDM911605                              
071 01 $a 91962 $b ECM Records
090    $a 215624
091    $a 1 $b 20240513 $c 0
099    $t DC $c 2014-06-30 $d 2024-05-13 $x 9
100    $a 20140630 2009         frey50        
101    $a fre
200    $a My foolish harp $b Enr. sonore $a Isabelle Olivier, hrp
210    $d P 2009
215    $a 1 d.c. $e 1 Livret (n.p.; 12 cm)
323    $a Interpreté aussi par : David Venitucci, acrdn ; Youn Sun Nah, voc. ; Louis Sclavis, clar. ; Peter Erskine, batt.
327    $a Tokyo bossa $a Pêle mêle $a Wae $a Mister $a Echo $a Movie $a Storia $a Miss murple $a Crazy $a On the lake $a Tango $a My foolish heart
339    $a m
606 0  $a Harpe, Musique de (jazz) $x Disques $2 rameau
679    $a 1
700  1 $a Olivier $b Isabelle $c musicien
801    $a FR $b 595126101 $c 20100128 $g AFNOR
995    $0 0 $2 0 $4 0 $5 2010-01-05 $9 247137 $P 21.07 $b MED $c MED $e MED1A $f C0005019363 $h AMV13ZZ $k DC/1 OLI $l contient 1 DC + 1 livret $o 0 $p 21.07 $r PRETSON $s DC_1_000000000000000_OLI $w 16 $y 2023-04-15 $7 CDMail

