01439ng  a2200337 n 4500
001 215771
003 http://www.mediathequederoubaix.fr/ark:/20179/KH215771
005 20240513070851.0
035    $a HZ_ADAV123059               
090    $a 215771
091    $a 1 $b 20240513 $c 0
099    $t VD $c 2014-06-30 $d 2024-05-13 $x 3
100    $a 20140630 2009         frey50        
101    $f fre
200    $a King Arthur $b DVD $f Olivier Simonet, réal. $g Henry Purcell, comp. $g Corinne et Gilles Benezio, mise en scène
210    $a Paris $c Telmondis $d 2009
215    $a 1 DVD (1 h 52 mn) $c coul., sonore $e 1 livret (37 p.)
323    $a interprétes : Ana Maria Labin, Chantal Santon-Jefffrey, Mélodie Ruvio...[et al.]
339    $a m
606 0  $a Opéras $x Adaptations $x DVD $2 rameau
676    $a 782.13
679    $a 3 35
700  1 $4 300 $a Simonet $b Olivier
701    $7 ba0yba0y $8 fre    $a Purcell $b Henry $f 1659-1695 $3 13898724 $4 230 $9 6383
702  1 $4 010 $a Benezio $b Corinne
702  1 $4 010 $a Benezio $b Gilles
702  1 $a Santon-Jeffrey $b Chantal
702  1 $a Labin $b Ana Maria $f 1981-.... $7 ba0yba0y $8 fre    $3 15934102 $9 291113
702  1 $7 ba0yba0y $8 fre    $3 15757242 $9 303751 $a Ruvio $b Mélodie $f 1982?-....
801    $a FR $b 595126101 $c 20120830 $g AFNOR
995    $0 0 $2 0 $4 0 $5 2010-01-09 $9 247351 $P 26.05 $b MED $c MED $e MED1A $f C0004966567 $h AMV30ZZ $k DVD/3 PUR 35 $l contient 1 DVD + 1 livret $o 0 $p 26.05 $r PRETSON $s DVD_3_PUR_350000000000000 $w 14 $y 2017-07-06 $7 ADAV

