01860cam a2200385   4500
001 216003
003 http://www.mediathequederoubaix.fr/ark:/20179/KH216003
010    $a 978-2-35910-021-1 $b br. $d 4,90 EUR
020    $a FR $b 00960874
033    $a http://catalogue.bnf.fr/ark:/12148/cb420741233
035    $a FRBNF420741230000001
073  0 $a 9782359100211
090    $a 216003
091    $b 20220630 $c 1 $a 0
099    $t LI $c 2014-06-30 $d 2024-05-11 $x 41
100    $a 20091013d2009    m  y0frey50      ba
101 0  $a fre
102    $a FR
105    $a ||||t   00|a|
106    $a r
181  0 $6 01 $a i  $b xxxe   $a b  $b xb2e  
181    $6 02 $c txt $c sti $2 rdacontent
182  0 $6 01 $a n
182    $6 02 $2 rdamedia
200 1  $a Dofus monster $b Texte imprimé $f scénario, Régis Hautière $g dessin, Ottami $h 5 $i Nomekop le crapoteur
210    $a Roubaix $c Ankama éd. $d DL 2009 $e 27-Évreux $g Impr. Hérissey CPI
215    $a 1 vol. (136 p.) $c ill., couv. ill., jaquette ill. en coul. $d 18 cm
225 19 $a Dofus monster $v 5
330    $a Nomekop et Rokko arrivent à l'âge adulte et vont participer, en tant que favoris, à l'Ecathlon, tournoi qui met à l'épreuve leur courage, leur force, leur astuce et leur bonne étoile. Tous les deux sont déterminés à gagner. La compétition va prendre une tournure que personne n'avait envisagée.
339    $a a
686    $2 Cadre de classement de la Bibliographie nationale française
700    $3 15870406 $9 84676 $o ISNI0000000460031343 $7 ba0yba0y $8 fre    $a Hautière $b Régis $4 070 $9 84676
701    $3 16151705 $9 102140 $o ISNI0000000071551919 $a Ottami $f 1980-.... $4 070 $9 102140
801  0 $a FR $b FR-751131015 $c 20091013 $g AFNOR $h FRBNF420741230000001 $2 intermrc
995    $0 0 $2 0 $3 0 $4 0 $5 2022-10-27 $9 451506 $P 4.90 $b MED $c MED $e MED2A $f C2500029743 $h JBDMGZZ $k E BD/MANGAS $n 2024-06-01 $o 0 $p 4.90 $r PRETLIV $s E_BD_MANGAS $w 7 $y 2024-05-11 $A 0

