03716cam a2200481   4500
001 216162
003 http://www.mediathequederoubaix.fr/ark:/20179/KH216162
010    $a 978-2-35504-090-0 $b rel. $d 28 EUR
020    $a FR $b 00970393
033    $a http://catalogue.bnf.fr/ark:/12148/cb42112012m
035    $a FRBNF421120120000004
073  0 $a 9782355040900
090    $a 216162
091    $b 20240513 $c 1 $a 2
099    $t LI $c 2014-06-30 $d 2024-05-13 $x 8
100    $a 20091209d2009    a  y0frey50      ba
101 1  $a fre $c ita
102    $a FR
105    $a ||||z   00|a|
106    $a r
181  0 $6 01 $a i  $b xxxe  
181    $6 02 $c txt $2 rdacontent
182  0 $6 01 $a n
182    $6 02 $c n $2 rdamedia
200 1  $a Pinocchio $b Texte imprimé $f texte de Carlo Collodi $g traduit de l'italien par Claude Sartirano $g images de Nathalie Novi
210    $a Voisins-le-Bretonneux $c Rue du monde $d DL 2009 $e 18-Saint-Amand-Montrond $g Impr. Clerc
215    $a 1 vol. (192 p.) $c ill. en coul., couv. ill. en coul. $d 32 cm
321    $a La Revue des livres pour enfants $x 0398-8384
321    $a La Revue des livres pour enfants. Sélection annuelle
329    $c Intéressant $a Nathalie Novi nous propose une nouvelle mise en images de ce grand texte. Elle a choisi avec bonheur de s'inspirer des décors et des personnages de la Commedia dell'Arte, et ses illustrations colorées au pastel gras apportent une vision renouvelée et très vivante du récit. D'autant que des dessins en noir et blanc, alternant avec les images en couleurs, soulignent habilement le côté sombre ou tragique de l'histoire. Cette séduisante édition est présentée dans une nouvelle traduction qui fait le choix d'utiliser une langue très actuelle, parfois très familière et manquant un peu de fidélité. Malgré tout, un bel ouvrage à offrir. $d 20100302 $f CB $2 CNLJ $k Avis critique donné par le Centre national de la littérature pour la jeunesse
329    $a Ce bel ouvrage propose une nouvelle mise en images de ce grand classique qui s'inspire avec bonheur des décors et des personnages de la Commedia dell'Arte. Les illustrations colorées au pastel gras apportent une vision renouvelée et très vivante du récit ; elles alternent avec des dessins en noir et blanc qui soulignent habilement le côté sombre ou tragique de l'histoire. La traduction choisie utilise une langue très actuelle, voire parfois familière, fidèle en ce sens à l'esprit de l'auteur. $d 20101216 $f CB
330    $a Pinocchio, un pantin de bois créé par Geppetto, traverse de nombreuses aventures avant d'être transformé en petit garçon. Les illustrations empruntent à la commedia dell'arte, avec ses masques et ses drapés, et aux figures intrigantes de la mythologie, avec ses pastels.
333    $a À partir de 6 ans $2 CNLJ $k Avis critique donné par le Centre national de la littérature pour la jeunesse
339    $a a
500 11 $3 12312915 $9 303755 $a Le avventure di Pinocchio $m français $2 lien automatique
608    $a Textes illustrés $2 CNLJ $k Avis critique donné par le Centre national de la littérature pour la jeunesse
686    $a 809 $2 Cadre de classement de la Bibliographie nationale française
700    $3 11897366 $9 3890 $o ISNI0000000121243974 $a Collodi $b Carlo $f 1826-1890 $4 070
702    $3 15066492 $9 102225 $o ISNI0000000040751811 $a Sartirano $b Claude $f 1937-2021 $4 730
702    $3 12405289 $9 28234 $o ISNI0000000121289657 $a Novi $b Nathalie $f 1963-.... $4 440
801  0 $a FR $b FR-751131015 $c 20091209 $g AFNOR $h FRBNF421120120000004 $2 intermrc
999    $a FRBNF421120120000004
995    $0 0 $2 0 $4 0 $5 2009-12-11 $9 247792 $P 28.00 $b MED $c MED $e MED0A $f C0005074999 $h JABCTEF $k EXT E C/COL $o 0 $p 28.00 $r PRETLIV $s EXT_E_CCOL $w 2 $y 2017-03-14 $7 Bateau Livre

