01811ng  a2200277 n 4500
001 216317
003 http://www.mediathequederoubaix.fr/ark:/20179/KH216317
005 20240513071633.0
035    $a HZ_VHS
090    $a 216317
091    $a 1 $b 20240513 $c 0
099    $t VD $c 2014-06-30 $d 2024-05-13 $x 19
100    $a 20140630 2009         frey50        
101    $a fre
200    $a Tour 66, stade de France 2009 $b DVD $f Gérard Pullicino, réal. $g Johnny Hallyday, mus
210    $a France $c Warner Music France $d 2009
215    $a 1 DVD (2h 30 min) $c coul., sonore $e 1 livret
327    $a Intro Tour 66 $a Ma gueule $a Je veux te graver dans ma vie $a Joue pas de rock’n’roll pour moi $a Dégage $a Preludio $a Diego, libre dans sa tête $a Ça peut changer le monde $a Excuse-moi partenaire $a Marie $a Que je t’aime $a Gabrielle $a Unchained Melody (Les enchaînés) $a Allumer le feu $a Requiem pour un fou $a Le pénitencier $a La fille de l’été dernier $a Blue Suede Shoes $a That’s All Right $a La terre promise $a I Got A Woman $a Quelque chose de Tennessee $a Medley Rhythm’n’Blues : Les coups $a Noir c’est noir $a Je suis seul $a Aussi dur que du bois $a Jusqu’à minuit $a Derrière l’amour $a Le bon temps du rock’n’roll $a La musique que j’aime $a L’envie $a Ça n’finira jamais $a Outro Tour 66 $a Et maintenant
339    $a m
345    $a VHS $b 66472 $d P
606 0  $a Concerts $y France $x DVD $2 rameau
679    $a 099.2
700    $7 ba0yba0y $8 fre    $a Pullicino $b Gérard $f 1958-.... $3 13987549 $4 300 $9 34689
702    $3 11906751 $4 545 $7 ba0yba0y $8 fre    $a Hallyday $b Johnny $f 1943-2017 $9 2713
801    $a FR $b 595126101 $c 20120824 $g AFNOR
995    $0 0 $2 0 $4 0 $5 2010-02-03 $9 248001 $P 27.20 $b MED $c MED $e MED1A $f C0004966842 $h AMV80ZZ $k DVD/099.2 HAL $l contient 1 DVD + 1 livret $n 2024-04-17 $o 0 $p 27.20 $r PRETSON $s DVD_099_200000000000000_HAL $w 35 $y 2024-04-17 $7 VHS

