01806cam a2200409   4500
001 216448
003 http://www.mediathequederoubaix.fr/ark:/20179/KH216448
010    $a 978-2-265-08919-8 $b br. $d 4,60 EUR
020    $a FR $b 00965734
033    $a http://catalogue.bnf.fr/ark:/12148/cb42093151h
035    $a FRBNF420931510000009
073  0 $a 9782265089198
090    $a 216448
091    $b 20240513 $c 1 $a 2
099    $t LI $c 2014-06-30 $d 2024-05-13 $x 29
100    $a 20091106d2009    m  y0frey50      ba
101 1  $a fre $c eng
102    $a FR
105    $a ||||z   00|a|
106    $a r
181  0 $6 01 $a i  $b xxxe  
181    $6 02 $c txt $2 rdacontent
182  0 $6 01 $a n
182    $6 02 $c n $2 rdamedia
200 1  $a Nous étions faits pour nous entendre $b Texte imprimé $e les débuts de Gossip girl $e roman $f de Cecily von Ziegesar $g [traduit de l'américain par Marianne Thirioux-Roumy]
210    $a Paris $c Fleuve noir $d impr. 2009 $e 18-Saint-Amand-Montrond $g Impr. CPI Bussière
215    $a 1 vol. (465 p.) $c couv. ill. en coul. $d 18 cm
225 19 $a Gossip girl
330    $a Les secrets de la série Gossip girl avant ses débuts avec les trois inséparables adolescents de 15 ans, Serena, Olivia et Nate.
339    $a m
454  1 $t It had to be you : the Gossip girl prequel
686    $a 803 $2 Cadre de classement de la Bibliographie nationale française
700    $3 14548050 $9 2688 $o ISNI0000000121432783 $a Von Ziegesar $b Cecily $4 070
702    $3 13580143 $9 73300 $o ISNI0000000010093205 $a Thirioux $b Marianne $4 730
801  0 $a FR $b FR-751131015 $c 20091106 $g AFNOR $h FRBNF420931510000009 $2 intermrc
999    $a FRBNF420931510000009
995    $0 0 $2 0 $4 0 $5 2012-09-18 $9 248134 $P 4.80 $b MED $c MED $e MED1A $f C0005537457 $h ALTROAD $k ADO+ R/VON $n 2024-06-01 $o 0 $p 4.80 $r PRETLIV $s ADO__R_VON $w 37 $y 2024-04-20 $7 ALIZE-SFL

