01911ng  a2200337 n 4500
001 216595
003 http://www.mediathequederoubaix.fr/ark:/20179/KH216595
005 20240513071729.0
035    $a HZ_ADAV124739               
090    $a 216595
091    $a 1 $b 20240513 $c 0
099    $t VD $c 2014-06-30 $d 2024-05-13 $x 30
100    $a 20140630 1945         frey50        
101    $a fre $a eng $a ger
200    $a Le poison $b DVD $d The Lost Weekend $f Billy Wilder, réal. $g D'aprés le livre de Charles Jackson "The lost week-end" $g Charles Brackett, scénario
210    $a Etats-Unis $c Paramount Pictures $d 1945
215    $a 1 DVD (1h 36 min) $c n.b., sonore
305    $a Version en français, anglais et allemand
323    $a Interprètes : Ray Milland, Jane Wyman, Phillip Terry...[et al.]
330    $a Birnam devait partir en week-end avec son frère Nick et auparavant assister à un spectacle à l'opéra avec sa fiancée, Helen, qu'il a rencontrée il y a trois ans. Mais une implacable maîtresse l'empêche de réaliser ces deux agréables projets. Plus tentante et cruelle que la plus belle des femmes, elle l'oblige à voler et à traîner de bar en bar. Son nom : alcool. Heureusement l'amour d'Helen le retiendra au bord du gouffre.
339    $a m
510    $a The Lost Weekend
606 0  $a Cinéma $y États-Unis $z 1929-1945 $x DVD $2 rameau
700    $7 ba0yba0y $8 fre    $a Wilder $b Billy $f 1906-2002 $3 12174555 $4 300 $9 79520
702  1 $a Jackson $b Charles
702  1 $a Terry $b Phillip
702  1 $7 ba0yba0y $8 fre    $3 13901303 $9 303401 $a Wyman $b Jane $f 1914-2007
702    $7 ba0yba0y $8 fre    $a Milland $b Ray $f 1905-1986 $3 13897517 $9 85729
702    $7 ba0yba0y $8 fre    $a Brackett $b Charles $f 1892-1969 $3 13568928 $9 90239
801    $a FR $b 595126101 $c 20100318 $g AFNOR
995    $0 0 $2 0 $4 1 $5 2010-02-26 $9 248286 $P 34.92 $b MED $c MED $e MED1A $f C0004967822 $h AAPCIFI $k DVD/F WIL $o 4 $p 34.92 $r PRETDVD $s DVD_F_WIL $w 50 $y 2023-10-18 $7 ADAV

