02394cmm a2200589   4500
001 216844
003 http://www.mediathequederoubaix.fr/ark:/20179/KH216844
010    $a 978-2-84597-306-0 $d 24,90 EUR
020    $a FR $b 70907536
033    $a http://catalogue.bnf.fr/ark:/12148/cb41330142z
035    $a FRBNF413301420000000
073  0 $a 9782845973060
090    $a 216844
091    $b 20240513 $c 1 $a 2
099    $t LS $c 2014-06-30 $d 2024-05-13 $x 14
100    $a 20080909d2008    u  y0frey50      ba
101 0  $a fre
102    $a FR
105    $a y   z   000y|
106    $a r
126    $a aguxhxx||||||cd $b bex
181  0 $6 01 $a i  $b xxxe  
181    $6 02 $c txt $2 rdacontent
181  0 $6 03 $a h  $b xxxa  
181    $6 04 $c spw $2 rdacontent
182  0 $6 01 $a n
182    $6 02 $c n $2 rdamedia
182  0 $6 03 $a a
182    $6 04 $c s $2 rdamedia
200 1  $a Paul Veyne, sur l'Antiquité $b Multimédia multisupport $f commentaire de Lucien Jerphagnon $g Paul Veyne, participant
210    $a Paris $c Textuel $a Bry-sur-Marne $c Institut national de l'audiovisuel $d cop. 2008
215    $a 1 vol. (92 p.) $d 22 cm
215    $a 1 disque compact
225    $a La voix au chapitre
300    $a Bibliogr. p. 85-90
306    $a Prod. : Bry-sur-Marne : Institut national de l'audiovisuel ; Paris : Textuel, P 2008
339    $a m
410  0 $0 41448336 $t La Voix au chapitre (Paris. 2008) $x 1955-3285 $d 2008
503 1  $a Entretien radiophonique $e Veyne $f Paul
600    $3 11928105 $9 4853 $a Veyne $b Paul $f 1930-2022 $3 12042895 $9 333 $x Critique et interprétation $2 rameau
606    $3 11936611 $9 302 $a Civilisation antique $2 rameau
608    $a enregistrement parlé $2 frTAV
608    $a édition commerciale $2 frTAV
608    $a document d'origine : diffusion à la radio $2 frTAV
608    $a entretien $2 frTAV
615    $a Histoire $2 frTAV
686    $a 412 $2 Cadre de classement de la Bibliographie nationale française
702    $3 11908809 $9 56369 $o ISNI0000000122840260 $a Jerphagnon $b Lucien $f 1921-2011 $4 212
702    $3 11928105 $9 4853 $o ISNI0000000121468866 $a Veyne $b Paul $f 1930-2022 $4 460
801  0 $a FR $b FR-751131015 $c 20080909 $g AFNOR $h FRBNF413301420000000 $2 intermrc
999    $a FRBNF413301420000000
995    $0 0 $2 0 $4 0 $5 2010-01-16 $9 248541 $P 18.44 $b MED $c MED $e MED1A $f C0004158009 $h ALTLSZZ $k LA 930/VEY $n 2024-05-24 $o 0 $p 18.44 $r PRETLS $s LA_930_000000000000000_VEY $w 29 $y 2024-04-12 $7 CDMail

