02308nj  a2200265 n 4500
001 217037
003 http://www.mediathequederoubaix.fr/ark:/20179/KH217037
005 20240513072407.0
035    $a HZ_CDM                              
090    $a 217037
091    $a 1 $b 20240513 $c 0
099    $t DC $c 2014-06-30 $d 2024-05-13 $x 49
100    $a 20140630 2009         frey50        
101    $a fre
200    $a The collection $b Enr. sonore $f Michael Jackson
210    $d P 2009
215    $a 5 d.c. $e 1 Livret (n.p.; 12 cm)
327    $a CD 1 : Off the wall : Don't stop 'til you get enough $a Rock with you $a Workin' day and night $a Get on the floor $a Off the wall $a Girlfriend $a She's out of my life $a I can't help it $a It's the falling in love $a Burn this disco out $a Don't stop 'til you get enough (1978 demo) $a Workin' day and night (1978 demo) $a CD 2 : Thriller : Wanna be startin' somethin' $a Baby be mine $a The girl is mine / avec : Paul McCartney $a Thriller $a Beat It $a Billie Jean $a Human nature $a P.Y.T. (Pretty young thing) $a The lady in my life $a CD 3 : Bad : Bad $a The way you make me feel $a Speed demon $a Liberian girl $a Just good friends $a Another part of me $a Man in the mirror $a I just can't stop loving you $a Dirty Diana $a Smooth criminal $a Leave me alone $a Streetwalker $a Todo mi amor eres tu (I just can't stop loving you) $a Fly away $a CD 4 : Dangerous : Jam $a Why you wanna trip on me $a In the closet $a She drives me wild $a Remember the time $a Can't let her get away $a Heal the world $a Black or white $a Who is it $a Give in to me $a Will you be there $a Keep the faith $a Gone too soon $a Dangerous $a CD 5 : Invincible : Unbreakble $a Heartbreaker $a Invincible $a Break of dawn $a Heaven can wait $a You rock my world $a Butterflies $a Speechless $a 2000 watts $a You are my life $a Privacy $a Don't walk away $a Cry $a The lost children $a Whatever happens $a Threatened
339    $a m
606 0  $3 11957141 $9 214 $a Pop music $x Disques $y Etats-Unis $2 rameau
606 0  $3 11933300 $9 225 $a Soul music $x Disques $y Etats-Unis $2 rameau
679    $a 180
700    $3 12088047 $7 ba0yba0y $8 fre    $a Jackson $b Michael $f 1958-2009 $9 101483
801    $a FR $b 595126101 $c 20100310 $g AFNOR
995    $0 0 $2 0 $4 0 $5 2010-03-05 $9 248740 $P 36.60 $b MED $c MED $e MED1A $f C0004970524 $h AMV14ZZ $k COFFRET/180 JAC $l Contient : 5 cd + 1 livret. $o 0 $p 36.60 $r PRETSON $s COFFRET_180_000000000000000_JAC $w 98 $y 2024-01-20 $7 CDMail $A 0

