01471nam a2200361 n 4500
001 217237
003 http://www.mediathequederoubaix.fr/ark:/20179/KH217237
005 20170518175953.0
010    $a 978-2-296-01609-5
010    $a 978-2-910449-36-0
011    $a 1248-8283
033    $a http://catalogue.bnf.fr/ark:/12148/cb42107526p
035    $a HZ_
090    $a 217237
091    $a 0
099    $t LI $c 2014-06-30 $d 2014-06-30 $x 0
100    $a          2009         frey5003    ba
101    $a fre
102    $a   
200    $a Les immigrations en Picardie $e XIXe-XXe siècles $f sous la dir. de Alain Maillard $g contributions de Jean-Pierre Besse, Denis Blot... [et al.]
210    $a Amiens $c Licorne $a Paris $c L'Harmattan $d 2009
215    $a 303 p. $c couv. ill. $d 22 cm
225 0  $a Villes plurielles
339    $a m
410    $t Villes plurielles
606 0  $a Emigration et immigration $y France $y Picardie (France) $x Histoire $2 rameau
607    $a Picardie (France) $x Histoire $2 rameau
702  1 $9 186530 $4 205 $a Besse $b Jean-Pierre
702  1 $9 197223 $4 205 $a Blot $b Denis
702  1 $9 34523 $7 ba0yba0y $8 fre    $a Maillard $b Alain $f 1946-.... $4 651
801    $a FR $b 595126101 $c 20100511 $g AFNOR
930    $5 595126101:C0004991114 $b 595126101 $a MAG L/P 8/116 492 $e Fonds patrimonial
995    $0 0 $2 0 $4 0 $5 2010-02-04 $9 248991 $P 19.00 $b MED $c MED $e MED3I $f C0004991114 $h PPEFGZZ $k MAG L/P 8/116 492 $o 2 $p 19.00 $r PRETLIV $s MAG_LP_8116_492000000000000 $w 0 $y 2014-06-30 $7 Furet du Nord - Roubaix

