03236cam a2200457   4500
001 217414
003 http://www.mediathequederoubaix.fr/ark:/20179/KH217414
010    $a 978-2-211-09803-8 $b br. $d 8 EUR
020    $a FR $b 01002224
033    $a http://catalogue.bnf.fr/ark:/12148/cb421171123
035    $a FRBNF421171120000002
073  0 $a 9782211098038
090    $a 217414
091    $b 20240513 $c 1 $a 2
099    $t LI $c 2014-06-30 $d 2024-05-13 $x 3
100    $a 20091218d2009    a  y0frey50      ba
101 0  $a fre
102    $a FR
105    $a ||||z   00|a|
106    $a r
181  0 $6 01 $a i  $b xxxe  
181    $6 02 $c txt $2 rdacontent
182  0 $6 01 $a n
182    $6 02 $c n $2 rdamedia
200 1  $a Nanouk et moi $b Texte imprimé $f Florence Seyvos
210    $a Paris $c l'École des loisirs $d DL 2010 $e 27-Évreux $g Impr. CPI Hérissey
215    $a 1 vol. (103 p.) $c couv. ill. en coul. $d 19 cm
225    $a Neuf
321    $a La Revue des livres pour enfants $x 0398-8384
321    $a La Revue des livres pour enfants. Sélection annuelle
329    $c Intéressant $a Voici Thomas, un jeune garçon taraudé par des cauchemars inexplicables. Tout a commencé après avoir visionné le célèbre documentaire Nanouk l'esquimau de Robert Flaherty. Voir cet homme, plein de ressources, lutter quotidiennement pour la survie de sa famille l'a émerveillé. Mais apprendre dès le début du film que le fameux Nanouk est mort de faim et de froid peu de temps après que le réalisateur eut terminé plonge Thomas dans une profonde détresse. Des séances chez un psychologue vont lui permettre peu à peu de mettre des mots sur ses angoisses. Les questions de la perte et de l'oubli sont ici très fortes. On espère que ce livre délicat pourra plaire à de jeunes lecteurs. $d 20100114 $f EK $2 CNLJ $k Avis critique donné par le Centre national de la littérature pour la jeunesse
329    $a Depuis que Thomas a visionné le célèbre documentaire Nanouk l'esquimau de Robert Flaherty, il est taraudé par des cauchemars inexplicables. Voir cet homme, plein de ressources, lutter quotidiennement pour la survie de sa famille l'a émerveillé. Mais quand il apprend que ce Nanouk l'esquimau a disparu brutalement Thomas plonge dans une profonde détresse. Des séances chez un psychologue vont lui permettre peu à peu de mettre des mots sur ses angoisses. Un livre délicat sur les questions du deuil et de l'oubli. $d 20101209
330    $a Thomas a rendez-vous chez le docteur Zblod, spécialiste des angoisses, parce qu'il fait souvent le même cauchemar depuis qu'il a vu le film Nanouk l'Eskimo.
339    $a a
410  0 $0 34229696 $t Neuf (Paris.1984) $x 0295-7191 $d 2010
608    $a Romans $2 CNLJ $k Avis critique donné par le Centre national de la littérature pour la jeunesse
686    $a 809 $2 Cadre de classement de la Bibliographie nationale française
700    $3 12113152 $9 13799 $o ISNI0000000121341187 $a Seyvos $b Florence $f 1967-.... $4 070
801  0 $a FR $b FR-751131015 $c 20091218 $g AFNOR $h FRBNF421171120000002 $2 intermrc
999    $a FRBNF421171120000002
995    $0 0 $2 0 $4 0 $5 2010-02-23 $9 249243 $P 8.00 $b MED $c MED $e MED0A $f C0005040136 $h JROROZZ $k EXT E R/SEY $o 0 $p 8.00 $r PRETLIV $s EXT_E_RSEY $w 3 $y 2017-03-15 $7 Bateau Livre

