01438ng  a2200313 n 4500
001 217567
003 http://www.mediathequederoubaix.fr/ark:/20179/KH217567
005 20240513073152.0
035    $a HZ_ADAV               
090    $a 217567
091    $a 1 $b 20240513 $c 0
099    $t VD $c 2014-06-30 $d 2024-05-13 $x 63
100    $a 20140630 2007         frey50        
101    $a fre $a eng $a ger $a ita $a spa
200    $a Mo' better blues $b DVD $f Spike Lee, réal.
210    $a Etats-Unis $c Universal Pictures $d 2007
215    $a 1 DVD ( 2 h ) $c coul., sonore
305    $a Versions en francais, anglais, allemand, italien, espagnol
323    $a Interprètes : Denzel Washington, Wesley Snipes, Spike Lee... [et al.]
330    $a L'histoire d'un musicien de jazz tiraillé entre son art, ses petites amies et son imprésario, à la fin des années soixante.
339    $a m
345    $a Adav $b 124804 $d P
606 0  $a Cinéma $y États-Unis $z 1990-.... $x DVD $2 rameau
700    $7 ba0yba0y $8 fre    $a Lee $b Spike $f 1957-.... $3 12194397 $4 300 $9 45921
702  1 $a Washington $b Denzel $f 1954-....
702    $7 ba0yba0y $8 fre    $a Snipes $b Wesley $f 1962-.... $3 13951401 $9 303791
702    $7 ba0yba0y $8 fre    $a Lee $b Spike $f 1957-.... $3 12194397 $9 45921
801    $a FR $b 595126101 $c 20100527 $g AFNOR
995    $0 0 $2 0 $4 0 $5 2020-09-23 $9 414635 $b MED $c MED $e MED1A $f C1400008405 $h AAPCIFI $k DVD/F LEE $n 2024-06-01 $o 0 $p 45.00 $r PRETDVD $s DVD_F_LEE $u Coup de coeur $w 29 $y 2024-05-11 $A 0

