01142nj  a2200253 n 4500
001 217695
003 http://www.mediathequederoubaix.fr/ark:/20179/KH217695
005 20240513073221.0
035    $a HZ_
071 01 $a 753809 $b Gaumont musique
090    $a 217695
091    $a 1 $b 20240513 $c 0
099    $t DV $c 2014-06-30 $d 2024-05-13 $x 0
100    $a 20140630              frey50        
101    $a fre
200    $a C'est pas du bronze $b Enr. sonore $f Jacques Dutronc
215    $a 1 disque
327    $a Face A : C'est pas du bronze $a Tous les goûts sont dans ma nature $a Savez-vous planquer vos sous $a L'écorchée vive $a L'autruche $a Face B : Le coeur lourd dans mon poids lourd $a Video gratias $a Remue-ménages $a Berceuse $a Transit aigu
339    $a m
700    $7 ba0yba0y $8 fre    $a Dutronc $b Jacques $f 1943-.... $3 13893549 $9 3537
801    $a FR $b 595126101 $c 20100224 $g AFNOR
930    $5 595126101:F DESD 30/349 $b 595126101 $a F DESD30/349 $e Fonds Patrice Desdoit
317    $a Collection de Patrice Desdoit
995    $0 0 $2 0 $4 0 $5 2010-02-24 $9 249612 $b MED $c MED $e MED2D $f F DESD 30/349 $h PENPDZZ $k F DESD30/349 $o 0 $r PRETSON $s F_DESD30_349_000000000000000 $w 0 $y 2014-06-30

