00957nj  a2200253 n 4500
001 217886
003 http://www.mediathequederoubaix.fr/ark:/20179/KH217886
005 20240513073254.0
035    $a HZ_
071 01 $a 2056 145 $b Polydor
090    $a 217886
091    $a 1 $b 20240513 $c 0
099    $t DV $c 2014-06-30 $d 2024-05-13 $x 0
100    $a 20140630              frey50        
101    $a fre
200    $a Du soleil $b Enr. sonore $f Jacques Delepine
215    $a 1 disque
327    $a Face 2 : Le coeur fou (A thing called love)
339    $a m
700    $7 ba0yba0y $8 fre    $a Delépine $b Jacques $f 19..-.... $c chanteur $3 14757480 $9 102668
801    $a FR $b 595126101 $c 20100226 $g AFNOR
930    $5 595126101:F DESD 17/400 $b 595126101 $a F DESD17/400 $e Fonds Patrice Desdoit
317    $a Collection de Patrice Desdoit
995    $0 0 $2 0 $4 0 $5 2010-02-26 $9 249833 $b MED $c MED $e MED2D $f F DESD 17/400 $h PENPDZZ $k F DESD17/400 $o 0 $r PRETSON $s F_DESD17_400_000000000000000 $w 0 $y 2014-06-30

