01738cam a2200397   4500
001 218039
003 http://www.mediathequederoubaix.fr/ark:/20179/KH218039
010    $a 978-2-07-062801-8 $b rel. $d 9,90 EUR
020    $a FR $b 01005177
033    $a http://catalogue.bnf.fr/ark:/12148/cb421328665
035    $a FRBNF421328660000006
073  0 $a 9782070628018
090    $a 218039
091    $b 20240513 $c 1 $a 2
099    $t LI $c 2014-06-30 $d 2024-05-13 $x 20
100    $a 20100125d2010    a  y0frey50      ba
101 0  $a fre
102    $a FR
105    $a ||||t   00|a|
106    $a r
181  0 $6 01 $a i  $b xxxe   $a b  $b xb2e  
181    $6 02 $c txt $c sti $2 rdacontent
182  0 $6 01 $a n
182    $6 02 $c n $2 rdamedia
200 1  $a Patti et les fourmis $b Texte imprimé $f Anouk Ricard
210    $a [Paris] $c Gallimard $d DL 2010 $e 54-Maxéville $g Impr. Jean-Lamour
215    $a 1 vol. (48 p.) $c ill. en coul., couv. ill. en coul. $d 27 cm
329    $d 20100218 $f OP
330    $a Après une journée difficile, Patti trouve sur Internet un site proposant d'échapper au monde des grands. C'est alors qu'elle se retrouve changée en petite fourmi ! Une série drôle et tendre.
339    $a a
608    $a Bandes dessinées $2 CNLJ $k Avis critique donné par le Centre national de la littérature pour la jeunesse
686    $a 805 $2 Cadre de classement de la Bibliographie nationale française
700    $3 13499527 $9 2584 $o ISNI0000000046835696 $a Ricard $b Anouk $f 1970-.... $4 070
801  0 $a FR $b FR-751131015 $c 20100125 $g AFNOR $h FRBNF421328660000006 $2 intermrc
999    $a FRBNF421328660000006
995    $0 0 $2 0 $4 0 $5 2010-03-02 $9 249991 $P 9.90 $b MED $c MED $e MED2A $f C0005041051 $h JBDPFZZ $k E BD/RIC $o 0 $p 9.90 $r PRETLIV $s E_BD_RIC $w 42 $y 2023-11-29 $7 BD fugue

