01962cam a2200421   4500
001 218170
003 http://www.mediathequederoubaix.fr/ark:/20179/KH218170
010    $a 2-87730-518-X $b br. $d Prix : 52 F : 7,93 EUR
020    $a FR $b 00075940
033    $a http://catalogue.bnf.fr/ark:/12148/cb372024399
035    $a FRBNF372024390000007
039    $o OPL $a 025957492
090    $a 218170
091    $b 20240513 $c 1 $a 2
099    $t LI $c 2014-06-30 $d 2024-05-13 $x 3
100    $a 20001221d2000    m  y0frey50      ba
101 1  $a fre $c vie
102    $a FR
105    $a ||||z   00|a|
106    $a r
181  0 $6 01 $a i  $b xxxe  
181    $6 02 $c txt $2 rdacontent
182  0 $6 01 $a n
182    $6 02 $c n $2 rdamedia
200 1  $a En traversant le fleuve $b Texte imprimé $e récits $f trad. du vietnamien par Phan Huy Duong
210    $a Arles $c P. Picquier $d 2000 $e 13-Gémenos $g Impr. Groupe Horizon
215    $a 269 p. $c couv. ill. en coul. $d 17 cm
225    $a Picquier poche $x 1251-6007 $v 149
330    $a Ce recueil de nouvelles d'auteurs vivant au Vietnam ou ailleurs, avec des tons propres à chacun, tous liés par le langage dont ils se servent pour ne pas oublier leur passé. En s'ouvrant sur l'avenir, ils évoquent les souvenirs et les traditions d'un pays en métamorphose.
339    $a m
410  0 $0 34282459 $t Picquier poche (Arles) $x 1251-6007 $v 149
606    $3 12021561 $9 25036 $a Nouvelles vietnamiennes $3 11976756 $9 25037 $z 1975-.... $3 12075833 $9 4978 $x Traductions françaises $2 rameau
676    $a 895.922 30108034 $v 23
686    $a 823 $2 Cadre de classement de la Bibliographie nationale française
702    $3 11919538 $9 25038 $o ISNI0000000115838701 $a Phan $b Huy Duong $f 1945-.... $4 730
801  0 $a FR $b FR-751131015 $c 20001221 $g AFNOR $h FRBNF372024390000007 $2 intermrc
999    $a FRBNF372024390000007
995    $0 0 $2 0 $4 0 $5 2010-03-25 $9 250119 $P 8.00 $b MED $c MED $e MED1A $f C0004995697 $h ALTTCNV $k NVL/ABC $o 0 $p 8.00 $r PRETLIV $s NVLABC $w 6 $y 2019-09-24 $7 Alize-SFL

