00991nj  a2200265 n 4500
001 218306
003 http://www.mediathequederoubaix.fr/ark:/20179/KH218306
005 20240513074005.0
035    $a HZ_
071 01 $a 437 121 BE $b Philips
090    $a 218306
091    $a 1 $b 20240513 $c 0
099    $t DV $c 2014-06-30 $d 2024-05-13 $x 0
100    $a 20140630              frey50        
101    $a fre
200    $a Devant le Juke box $b Enr. sonore $f Akim & Sheila
215    $a 1 disque
327    $a Aussi : Je fais semblant de t'oublier $a Face 2 : Erreur - erreur... $a Pas sans moi
339    $a m
700  1 $a Akim
701  1 $7 ba0yba0y $8 fre    $a Sheila $f 1946-.... $c pseud.
801    $a FR $b 595126101 $c 20110407 $g AFNOR
930    $5 595126101:F DESD 17/587 $b 595126101 $a F DESD17/587 $e Fonds Patrice Desdoit
317    $a Collection de Patrice Desdoit
995    $0 0 $2 0 $4 0 $5 2010-03-10 $9 250257 $b MED $c MED $e MED2D $f F DESD 17/587 $h PENPDZZ $k F DESD17/587 $o 0 $r PRETSON $s F_DESD17_587_000000000000000 $w 0 $y 2014-06-30

