00969nj  a2200253 n 4500
001 218441
003 http://www.mediathequederoubaix.fr/ark:/20179/KH218441
005 20240513074554.0
035    $a HZ_
071 01 $a 741619 $b Chris'music
090    $a 218441
091    $a 1 $b 20240513 $c 0
099    $t DV $c 2014-06-30 $d 2024-05-13 $x 0
100    $a 20140630              frey50        
101    $a fre
200    $a Partenaire particulier $b Enr. sonore $f Partenaire Particulier
215    $a 1 disque
327    $a Face B : Partenaire particulier (instrumental remix)
339    $a m
710    $7 ba0yba0y $8 fre    $a Partenaire particulier $3 13905668 $9 86189
801    $a FR $b 595126101 $c 20100312 $g AFNOR
930    $5 595126101:F DESD 17/634 $b 595126101 $a F DESD17/634 $e Fonds Patrice Desdoit
317    $a Collection de Patrice Desdoit
995    $0 0 $2 0 $4 0 $5 2010-03-12 $9 250396 $b MED $c MED $e MED2D $f F DESD 17/634 $h PENPDZZ $k F DESD17/634 $o 0 $r PRETSON $s F_DESD17_634_000000000000000 $w 0 $y 2014-06-30

