00920nj  a2200253 n 4500
001 218637
003 http://www.mediathequederoubaix.fr/ark:/20179/KH218637
005 20240513074634.0
035    $a HZ_
071 01 $a SG 652 $b US Log
090    $a 218637
091    $a 1 $b 20240513 $c 0
099    $t DV $c 2014-06-30 $d 2024-05-13 $x 0
100    $a 20140630              frey50        
101    $a fre
200    $a La Guerre des étoile (Star Wars) $b Enr. sonore $e thème générique $f Bang-Bang Robot
215    $a 1 disque
327    $a Face 2 : Star robot system
339    $a m
710 02 $a Bang-Bang Robot
801    $a FR $b 595126101 $c 20100318 $g AFNOR
930    $5 595126101:F DESD 17/662 $b 595126101 $a F DESD17/662 $e Fonds Patrice Desdoit
317    $a Collection de Patrice Desdoit
995    $0 0 $2 0 $4 0 $5 2010-03-18 $9 250594 $b MED $c MED $e MED2D $f F DESD 17/662 $h PENPDZZ $k F DESD17/662 $o 0 $r PRETSON $s F_DESD17_662_000000000000000 $w 0 $y 2014-06-30

