00931nj  a2200253 n 4500
001 218815
003 http://www.mediathequederoubaix.fr/ark:/20179/KH218815
005 20240513075218.0
035    $a HZ_
071 01 $a 6009 631 $b Philips
090    $a 218815
091    $a 1 $b 20240513 $c 0
099    $t DV $c 2014-06-30 $d 2024-05-13 $x 0
100    $a 20140630              frey50        
101    $a fre
200    $a Rock around the bunker $b Enr. sonore $f Serge Gainsbourg
215    $a 1 disque
327    $a Face B : Nazi Rock
339    $a m
700    $3 13894249 $7 ba0yba0y $8 fre    $a Gainsbourg $b Serge $f 1928-1991 $9 694
801    $a FR $b 595126101 $c 20110215 $g AFNOR
930    $5 595126101:F DESD 17/738 $b 595126101 $a F DESD17/738 $e Fonds Patrice Desdoit
317    $a Collection de Patrice Desdoit
995    $0 0 $2 0 $4 0 $5 2010-03-23 $9 250778 $b MED $c MED $e MED2D $f F DESD 17/738 $h PENPDZZ $k F DESD17/738 $o 0 $r PRETSON $s F_DESD17_738_000000000000000 $w 0 $y 2014-06-30

