01837cam a2200409   4500
001 218955
003 http://www.mediathequederoubaix.fr/ark:/20179/KH218955
010    $a 978-2-02-098984-8 $b rel. $d 42 EUR
020    $a FR $b 00963849
033    $a http://catalogue.bnf.fr/ark:/12148/cb42087510s
035    $a FRBNF420875100000002
073  0 $a 9782020989848
090    $a 218955
091    $b 20240513 $c 1 $a 2
099    $t LI $c 2014-06-30 $d 2024-05-13 $x 2
100    $a 20091029d2009    m  y0frey50      ba
101 0  $a fre
102    $a FR
105    $a ||||z   00|y|
106    $a r
181  0 $6 01 $a i  $b xxxe  
181    $6 02 $c txt $2 rdacontent
182  0 $6 01 $a n
182    $6 02 $c n $2 rdamedia
200 1  $a L'art héraldique au Moyen âge $b Texte imprimé $f Michel Pastoureau
210    $a Paris $c Seuil $d DL 2009 $e impr. en Italie
215    $a 1 vol. (237 p.) $c ill. en coul., jaquette ill. en coul. $d 29 cm
300    $a Bibliogr., 4 p. Glossaire
330    $a L'historien retrace l'histoire de l'art de l'héraldique et sa symbolique dans l'Europe du Moyen Age. Il donne également des clés pour comprendre et décrypter les règles de cette science. Avec la présentation de 120 chefs-d'oeuvre héraldiques.
339    $a m
606    $3 13318411 $9 11171 $a Héraldique $3 11931301 $9 323 $y Europe $3 11975717 $9 2046 $z Moyen âge $2 rameau
676    $a 929.6 $v 23
686    $a 920 $2 Cadre de classement de la Bibliographie nationale française
700    $3 11918746 $9 11572 $o ISNI0000000114704939 $a Pastoureau $b Michel $f 1947-.... $4 070
801  0 $a FR $b FR-751131015 $c 20091029 $g AFNOR $h FRBNF420875100000002 $2 intermrc
999    $a FRBNF420875100000002
995    $0 0 $2 0 $4 0 $5 2010-04-09 $9 250918 $P 42.00 $b MED $c MED $e MED3A $f C0005307067 $h ACFHSZZ $k Doc./918 HER $o 0 $p 42.00 $r PRETLIV $s DOC___918_000000000000000_HER $w 7 $y 2024-04-13 $7 Furet du Nord - Roubaix

