00906nj  a2200253 n 4500
001 219077
003 http://www.mediathequederoubaix.fr/ark:/20179/KH219077
005 20240514071617.0
035    $a HZ_
071 01 $a PRO 215 $b WEA
090    $a 219077
091    $a 1 $b 20240514 $c 0
099    $t DV $c 2014-06-30 $d 2024-05-14 $x 0
100    $a 20140630              frey50        
101    $a fre
200    $a Semiramis $b Enr. sonore $f Nino Ferrer
215    $a 1 disque
327    $a Face B : Micky Micky
339    $a m
700    $7 ba0yba0y $8 fre    $a Ferrer $b Nino $f 1934-1998 $3 13893887 $9 4694
801    $a FR $b 595126101 $c 20100330 $g AFNOR
930    $5 595126101:F DESD 17/848 $b 595126101 $a F DESD17/848 $e Fonds Patrice Desdoit
317    $a Collection de Patrice Desdoit
995    $0 0 $2 0 $4 0 $5 2010-03-30 $9 251079 $b MED $c MED $e MED2D $f F DESD 17/848 $h PENPDZZ $k F DESD17/848 $o 0 $r PRETSON $s F_DESD17_848_000000000000000 $w 0 $y 2014-06-30

