01800cam a2200385   4500
001 219252
003 http://www.mediathequederoubaix.fr/ark:/20179/KH219252
010    $a 978-2-84492-425-4 $b br. $d 16 EUR
020    $a FR $b 01016346
033    $a http://catalogue.bnf.fr/ark:/12148/cb421584887
035    $a FRBNF421584880000006
073  0 $a 9782844924254
090    $a 219252
091    $b 20240514 $c 1 $a 2
099    $t LG $c 2014-06-30 $d 2024-05-14 $x 23
100    $a 20100310d2010    m  y0frey50      ba
101 0  $a fre
102    $a FR
105    $a ||||z   00|a|
106    $a d
181  0 $6 01 $a i  $b xxxe  
181    $6 02 $c txt $2 rdacontent
182  0 $6 01 $a n
182    $6 02 $c n $2 rdamedia
200 1  $a L'échappée belle $b Texte imprimé $f Anna Gavalda
205    $a [Éd. en gros caractères]
210    $a Le Mans $c Libra diffusio $d impr. 2010 $e 53-Lassay-les-Châteaux $g Impr. EMD
215    $a 1 vol. (119 p.) $c couv. ill. en coul. $d 24 cm
330    $a Trois frères et soeurs d'âge mûr, Lola, Garance et Simon, s'échappent d'un mariage de famille qui s'annonce particulièrement pénible. Ils partent rejoindre en Touraine Vincent, le petit dernier de la fratrie. Délaissant ainsi enfants, conjoints, chapeaux, riz, mondanités et soucis, ils vont s'offrir une dernière belle journée d'enfance volée à leurs vies d'adultes.
339    $a m
686    $a 803 $2 Cadre de classement de la Bibliographie nationale française
700    $3 13532871 $9 36201 $o ISNI0000000121420766 $a Gavalda $b Anna $f 1970-.... $4 070
801  0 $a FR $b FR-751131015 $c 20100310 $g AFNOR $h FRBNF421584880000006 $2 intermrc
999    $a FRBNF421584880000006
995    $0 0 $2 0 $4 0 $5 2010-06-01 $9 251286 $P 16.00 $b MED $c MED $e MED1A $f C0005261821 $h ALTLVZZ $k LV R/GAV $o 0 $p 16.00 $r PRETLIV $s LV_R_GAV $w 26 $y 2022-01-08 $7 Alize-SFL $8  $A  $m  $z 

