00890nj  a2200253 n 4500
001 219431
003 http://www.mediathequederoubaix.fr/ark:/20179/KH219431
005 20240514072104.0
035    $a HZ_
071 01 $a LC 200 1DA $b Show 2000 Music
090    $a 219431
091    $a 1 $b 20240514 $c 0
099    $t DV $c 2014-06-30 $d 2024-05-14 $x 0
100    $a 20140630              frey50        
101    $a fre
200    $a Jimi $b Enr. sonore $f Laurent Clairvil
215    $a 1 disque
327    $a Face B : Rue du pavé d'amour
339    $a m
700  1 $a Clairvil $b Laurent
801    $a FR $b 595126101 $c 20100406 $g AFNOR
930    $5 595126101:F DESD 17/926 $b 595126101 $a F DESD17/926 $e Fonds Patrice Desdoit
317    $a Collection de Patrice Desdoit
995    $0 0 $2 0 $4 0 $5 2010-04-06 $9 251468 $b MED $c MED $e MED2D $f F DESD 17/926 $h PENPDZZ $k F DESD17/926 $o 0 $r PRETSON $s F_DESD17_926_000000000000000 $w 0 $y 2014-06-30

