02553cam a2200529   4500
001 219548
003 http://www.mediathequederoubaix.fr/ark:/20179/KH219548
010    $a 978-2-7459-4204-3 $b rel. $d 15,90 EUR
020    $a FR $b 01010372
033    $a http://catalogue.bnf.fr/ark:/12148/cb421468968
035    $a FRBNF421468960000007
073  0 $a 9782745942043
090    $a 219548
091    $b 20240514 $c 1 $a 2
099    $t LI $c 2014-06-30 $d 2024-05-14 $x 4
100    $a 20100219d2010    a  y0frey50      ba
101 0  $a fre
102    $a FR
105    $a ||||z   00|y|
106    $a r
181  0 $6 01 $a i  $b xxxe  
181    $6 02 $c txt $2 rdacontent
182  0 $6 01 $a n
182    $6 02 $c n $2 rdamedia
200 1  $a Gym $b Texte imprimé $f [texte de] Véronique Bury $g illustrations de Véronique Bury
210    $a Toulouse $c Milan jeunesse $d DL 2010 $e impr. en Roumanie
215    $a 1 vol. (108 p.) $c ill. en noir et en coul., couv. ill. en coul. $d 25 cm
225    $a Je fais de la...
300    $a La couv. porte en plus : "la technique, la pratique, les champions"
300    $a Glossaire
321    $a La Revue des livres pour enfants $x 0398-8384
329    $c Intéressant $d 20100526 $2 CNLJ $k Avis critique donné par le Centre national de la littérature pour la jeunesse
330    $a Une initiation destinée aux jeunes gymnastes qui présente les bases de la technique, l'histoire du sport, les grandes compétitions, les stars passées et présentes. Avec des conseils pour aider l'enfant à choisir son club et sa discipline.
339    $a a
410  0 $0 41409333 $t Je fais du... $x 1968-5351 $d 2010
516 1  $a Je fais de la gymnastique
517 1  $a Je fais de la gym
606    $3 12651411 $9 103050 $a Gymnastique sportive $3 12042408 $9 314947 $x Ouvrages pour la jeunesse $2 rameau
606    $3 12651411 $9 103050 $a Gymnastique sportive $2 rameau
608    $3 12042408 $9 314947 $a Ouvrages pour la jeunesse $2 rameau
608    $a Documentaires : activités, loisirs et divers $2 CNLJ $k Avis critique donné par le Centre national de la littérature pour la jeunesse
676    $a 796.440 83 $v 23
686    $a 792 $2 Cadre de classement de la Bibliographie nationale française
700    $3 15035200 $9 103051 $o ISNI0000000002196853 $a Bury $b Véronique $f 1976-.... $4 070
801  0 $a FR $b FR-751131015 $c 20100219 $g AFNOR $h FRBNF421468960000007 $2 intermrc
999    $a FRBNF421468960000007
995    $0 0 $2 0 $4 0 $5 2010-04-10 $9 251612 $P 15.90 $b MED $c MED $e MED0A $f C0005044669 $h JDT60ZZ $k EXT E/697 GYM $o 0 $p 15.90 $r PRETLIV $s EXT_E697_GYM $w 6 $y 2017-08-01 $7 Bateau Livre

