02864cam a2200433   4500
001 219759
003 http://www.mediathequederoubaix.fr/ark:/20179/KH219759
010    $a 978-2-84865-346-4 $b rel. $d 15 EUR
020    $a FR $b 01019709
033    $a http://catalogue.bnf.fr/ark:/12148/cb42166778g
035    $a FRBNF421667780000000
073  0 $a 9782848653464
090    $a 219759
091    $b 20240514 $c 1 $a 2
099    $t LI $c 2014-06-30 $d 2024-05-14 $x 6
100    $a 20100324d2010    a  y0frey50      ba
101 0  $a fre
102    $a FR
105    $a ||||z   00|a|
106    $a r
181  0 $6 01 $a i  $b xxxe  
181    $6 02 $c txt $2 rdacontent
182  0 $6 01 $a n
182    $6 02 $c n $2 rdamedia
200 1  $a Contes à croquer tout crus $b Texte imprimé $f Jean-Louis Maunoury $g illustrations, Anne-Lise Boutin
210    $a Paris $c Sarbacane $d DL 2010 $e 18-Saint-Amand-Montrond $g Impr. Clerc
215    $a 1 vol. (114 p.) $c ill. en coul., couv. ill. en coul. $d 22 cm
321    $a La Revue des livres pour enfants $x 0398-8384
329    $c Intéressant $a Dans ce recueil de dix histoires, on retrouve avec plaisir l'univers poétique de l'auteur et quelques-uns des thèmes de ses poèmes, développés ici sous la forme de récit. Tantôt les animaux y raisonnent et dialoguent avec les humains, tantôt les humains se transforment en animaux. Du décalage entre ces comportements et transformations improbables et la façon très naturelle dont ils adviennent découle un humour que l'auteur accentue par le langage qu'il invente pour certains animaux. Des histoires faites pour être lues à haute voix, dont les illustrations dynamiques et très expressives, composées d'aplats de couleurs, renforcent encore le côté farfelu. $d 20100310 $f CB $2 CNLJ $k Avis critique donné par le Centre national de la littérature pour la jeunesse
330    $a Dix contes modernes, drôles et loufoques, surréalistes, où la frontière entre l'homme et l'animal est allégrement franchie pour parler de ses travers avec humour et poésie.
339    $a a
608    $a Textes illustrés $2 CNLJ $k Avis critique donné par le Centre national de la littérature pour la jeunesse
686    $a 809 $2 Cadre de classement de la Bibliographie nationale française
700    $3 11915223 $9 4310 $o ISNI0000000026527311 $a Maunoury $b Jean-Louis $f 1939-.... $4 070
702    $3 14504847 $9 74019 $o ISNI0000000001043142 $a Boutin $b Anne-Lise $f 1977-.... $4 440
801  0 $a FR $b FR-751131015 $c 20100324 $g AFNOR $h FRBNF421667780000000 $2 intermrc
999    $a FRBNF421667780000000
995    $0 0 $2 0 $4 0 $5 2010-04-29 $9 251887 $P 15.00 $b MED $c MED $e MED2A $f C0005047031 $h JABCTEF $k E C/MAU $o 0 $p 15.00 $r PRETLIV $s E_C_MAU $w 8 $y 2021-03-18 $7 Bateau Livre
995    $0 0 $2 1 $4 0 $5 2010-04-15 $9 251888 $P 15.00 $b MED $c MED $e MED0A $f C0004997851 $h JABCTEF $k EXT E C/MAU $n 2020-07-03 $o 0 $p 15.00 $r PRETLIV $s EXT_E_CMAU $w 8 $y 2018-09-04 $7 Bateau Livre

