01027nj  a2200253 n 4500
001 219894
003 http://www.mediathequederoubaix.fr/ark:/20179/KH219894
005 20240514072636.0
035    $a HZ_
090    $a 219894
091    $a 1 $b 20240514 $c 0
099    $t DV $c 2014-06-30 $d 2024-05-14 $x 2
100    $a          1967         frey5003    ba
101    $a    
200    $a Basie meets Ellington $b Enr. sonore $f Count Basie and Duke Ellington
210    $d P 1967
215    $a 1 Disque $c 33 t $d 30 cm
327    $a Face 1 : Battle royal $a To you $a Take the "a" train $a Until i met you $a Face 2 : Wild man $a Segue in C $a B.d.b. $a Jumpin' at the woodside
339    $a m
679    $a 1
700    $7 ba0yba0y $8 fre    $a Basie $b Count $f 1904-1984 $3 13891211 $9 6038
701    $3 13893638 $7 ba0yba0y $8 fre    $a Ellington $b Duke $f 1899-1974 $9 6250
801    $a FR $b 595126101 $c 20100420 $g AFNOR
995    $0 0 $2 0 $4 0 $5 2010-04-20 $9 252137 $P 10.00 $b MED $c MED $e MED1A $f C0005018367 $h AMV13ZZ $k DISQ 30/1 BAS $o 0 $p 10.00 $r PRETSON $s DISQ_30_100000000000000_BAS $w 2 $y 2021-11-27

