00923nj  a2200253 n 4500
001 220064
003 http://www.mediathequederoubaix.fr/ark:/20179/KH220064
005 20240514072724.0
035    $a HZ_
071 01 $a 2033337 $b EMI
090    $a 220064
091    $a 1 $b 20240514 $c 0
099    $t DV $c 2014-06-30 $d 2024-05-14 $x 0
100    $a 20140630              frey50        
101    $a fre
200    $a Hé... Charriez pas mon papa $b Enr. sonore $f Michel Barrier
215    $a 1 disque
327    $a Face B : Hé... Charriez pas mon papa (instrumental)
339    $a m
700  1 $a Barrier $b Michel
801    $a FR $b 595126101 $c 20100423 $g AFNOR
930    $5 595126101:F DESD 17/1047 $b 595126101 $a F DESD17/1047 $e Fonds Patrice Desdoit
317    $a Collection de Patrice Desdoit
995    $0 0 $2 0 $4 0 $5 2010-04-23 $9 252311 $b MED $c MED $e MED2D $f F DESD 17/1047 $h PENPDZZ $k F DESD17/1047 $o 0 $r PRETSON $s F_DESD17_1047_000000000000000 $w 0 $y 2014-06-30

