01563cam a2200397   4500
001 220233
003 http://www.mediathequederoubaix.fr/ark:/20179/KH220233
010    $a 978-2-84096-606-7 $b br. $d 15 EUR
020    $a FR $b 00965736
033    $a http://catalogue.bnf.fr/ark:/12148/cb420919219
035    $a FRBNF420919210000004
073  0 $a 9782840966067
090    $a 220233
091    $b 20240514 $c 1 $a 2
099    $t LI $c 2014-06-30 $d 2024-05-14 $x 14
100    $a 20091105d2009    m  y0frey50      ba
101 0  $a fre
102    $a FR
105    $a ||||z   00|a|
106    $a r
181  0 $6 01 $a i  $b xxxe  
181    $6 02 $c txt $2 rdacontent
182  0 $6 01 $a n
182    $6 02 $c n $2 rdamedia
200 1  $a Aux malheurs des dames $b Texte imprimé $f Lalie Walker
210    $a Paris $c Parigramme $d impr. 2009 $e 18-Saint-Amand-Montrond $g Impr. CPI Bussière
215    $a 1 vol. (271 p.) $c couv. ill. $d 21 cm
225    $a Noir 7.5
330    $a Intrigue ayant pour scène le Paris d'aujourd'hui, autour de la place Saint-Pierre, dans le monde des marchands de tissu.
339    $a m
410  0 $0 42108738 $t Noir 7.5 $x 2105-9667 $d 2009
686    $a 803 $2 Cadre de classement de la Bibliographie nationale française
700    $3 13776924 $9 73212 $o ISNI000000007731966X $a Walker $b Lalie $f 1964-.... $4 070
801  0 $a FR $b FR-751131015 $c 20091105 $g AFNOR $h FRBNF420919210000004 $2 intermrc
999    $a FRBNF420919210000004
995    $0 0 $2 0 $4 0 $5 2010-05-20 $9 252486 $P 15.00 $b MED $c MED $e MED1A $f C0005000623 $h ALTROPL $k RP/WAL $o 0 $p 15.00 $r PRETLIV $s RP_WAL $w 21 $y 2022-07-27 $7 Alize-SFL

