01914cam a2200397   4500
001 220419
003 http://www.mediathequederoubaix.fr/ark:/20179/KH220419
010    $a 978-2-86746-538-3 $b br. $d 15 EUR
020    $a FR $b 01024027
033    $a http://catalogue.bnf.fr/ark:/12148/cb42182973r
035    $a FRBNF421829730000004
073  0 $a 9782867465383
090    $a 220419
091    $b 20240514 $c 1 $a 2
099    $t LI $c 2014-06-30 $d 2024-05-14 $x 6
100    $a 20100420d2010    m  y0frey50      ba
101 1  $a fre $c ita
102    $a FR
105    $a ||||z   00|a|
106    $a r
181  0 $6 01 $a i  $b xxxe  
181    $6 02 $c txt $2 rdacontent
182  0 $6 01 $a n
182    $6 02 $c n $2 rdamedia
200 1  $a Quand le requin dort $b Texte imprimé $f Milena Agus $g traduit de l'italien par Françoise Brun
210    $a Paris $c L. Levi $d impr. 2010 $e 53-Mayenne $g Impr. Floch
215    $a 1 vol. (147 p.) $c jaquette ill. en coul. $d 21 cm
330    $a Une adolescente décrit son environnement familial : un père absent passionné de voyages, une mère craintive incapable d'affronter le monde, une tante plongée dans des amours improbables et un frère mélancolique centré sur la musique. Elle relate également sa propre histoire d'amour avec un homme aux penchants pervers qui l'entraîne dans des pratiques sadomasochistes. Premier roman.
339    $a m
454  1 $t Mentre dorme il pescane
686    $a 803 $2 Cadre de classement de la Bibliographie nationale française
700    $3 15513555 $9 90946 $o ISNI0000000106551303 $a Agus $b Milena $f 1959-.... $4 070
702    $3 11894284 $9 20228 $o ISNI0000000121339749 $a Brun $b Françoise $f 1949-.... $4 730
801  0 $a FR $b FR-751131015 $c 20100420 $g AFNOR $h FRBNF421829730000004 $2 intermrc
999    $a FRBNF421829730000004
995    $0 0 $2 0 $4 0 $5 2010-04-30 $9 252675 $P 15.00 $b MED $c MED $e MED1A $f C0005120805 $h ALTROZZ $k R/AGU $o 0 $p 15.00 $r PRETLIV $s RAGU $w 17 $y 2023-11-10 $7 Alize-SFL

