00988nj  a2200241 n 4500
001 220639
003 http://www.mediathequederoubaix.fr/ark:/20179/KH220639
005 20240514073344.0
035    $a HZ_CDM                              
090    $a 220639
091    $a 1 $b 20240514 $c 0
099    $t DC $c 2014-06-30 $d 2024-05-14 $x 3
100    $a 20140630 2010         frey50        
101    $a fre
200    $a Le Paris de Dani $b Enr. sonore $f Dani
210    $d P 2010
215    $a 1 d.c. $e 1 Livret (n.p.; 12 cm)
327    $a Mon coeur balance $a Paris se marie $a Un être humain à paris $a Le pont de l'alma $a Nos rendez-vous $a Me & you $a Les paris $a Paris, paris $a P.a.r.i.s $a C'est quelque chose $a Santé
339    $a m
679    $a 099.2
700  1 $7 ba0yba0y $8 fre    $a Dani $f 1944-....
801    $a FR $b 595126101 $c 20100608 $g AFNOR
995    $0 0 $2 0 $4 0 $5 2010-06-02 $9 252902 $P 24.43 $b MED $c MED $e MED3C $f C0004975655 $h AMV80ZZ $k DC/099.2 DAN $o 0 $p 24.43 $r PRETSON $s DC_099_200000000000000_DAN $w 16 $y 2020-08-04 $7 CDMail

