01990cam a2200397   4500
001 220750
003 http://www.mediathequederoubaix.fr/ark:/20179/KH220750
010    $a 978-2-221-11532-9 $b br. $d 21 EUR
020    $a FR $b 01030022
033    $a http://catalogue.bnf.fr/ark:/12148/cb42185871h
035    $a FRBNF421858710000008
073  0 $a 9782221115329
090    $a 220750
091    $b 20240514 $c 1 $a 2
099    $t LI $c 2014-06-30 $d 2024-05-14 $x 2
100    $a 20100423d2010    m  y0frey50      ba
101 1  $a fre $c ita
102    $a FR
105    $a ||||z   00|y|
106    $a r
181  0 $6 01 $a i  $b xxxe  
181    $6 02 $c txt $2 rdacontent
182  0 $6 01 $a n
182    $6 02 $c n $2 rdamedia
200 1  $a La beauté et l'enfer $b Texte imprimé $e écrits 2004-2009 $f Roberto Saviano $g traduit de l'italien par Marguerite Pozzoli
210    $a Paris $c R. Laffont $d impr. 2010 $e 18-Saint-Amand-Montrond $g Impr. CPI Bussière
215    $a 1 vol. (321 p.) $c jaquette ill. $d 22 cm
330    $a Recueil d'articles publiés sur 5 ans, où R. Saviano, auteur de Gomorra, parle de la solitude, de l'exil et de la reconnaissance internationale. Il raconte ses premiers pas dans la littérature, ses premières contributions à des magazines ou des sites Web, sa participation active à la vie médiatique italienne. Il confirme son intérêt pour les mafias, le commerce illégal et les trafics divers.
339    $a m
454  1 $t La bellezza e l'inferno
686    $a 920 $2 Cadre de classement de la Bibliographie nationale française
700    $3 15549600 $9 94323 $o ISNI000000012282878X $a Saviano $b Roberto $f 1979-.... $4 070
702    $3 12070334 $9 32448 $o ISNI0000000000100184 $a Pozzoli $b Marguerite $f 1945-.... $4 730
801  0 $a FR $b FR-751131015 $c 20100423 $g AFNOR $h FRBNF421858710000008 $2 intermrc
999    $a FRBNF421858710000008
995    $0 0 $2 0 $4 0 $5 2010-05-07 $9 253012 $P 21.00 $b MED $c MED $e MED1A $f C0005008663 $h ALTTLZZ $k LIT/SAV $o 0 $p 21.00 $r PRETLIV $s LIT_SAV $w 9 $y 2020-06-13 $7 Furet du Nord - Roubaix

