01741cam a2200421   4500
001 220900
003 http://www.mediathequederoubaix.fr/ark:/20179/KH220900
010    $a 978-2-290-01773-9 $b br. $d 7,60 EUR
020    $a FR $b 00922180
033    $a http://catalogue.bnf.fr/ark:/12148/cb414518196
035    $a FRBNF414518190000005
073  0 $a 9782290017739
090    $a 220900
091    $b 20240514 $c 1 $a 2
099    $t LI $c 2014-06-30 $d 2024-05-14 $x 70
100    $a 20090324d2009    m  y0frey50      ba
101 0  $a fre
102    $a FR
105    $a ||||z   00|a|
106    $a r
181  0 $6 01 $a i  $b xxxe  
181    $6 02 $c txt $2 rdacontent
182  0 $6 01 $a n
182    $6 02 $c n $2 rdamedia
200 1  $a Dans les bois éternels $b Texte imprimé $f Fred Vargas
210    $a Paris $c J'ai lu $d impr. 2009 $e 72-La Flèche $g Impr. Brodard et Taupin
215    $a 1 vol. (477 p.) $c couv. ill. en coul. $d 18 cm
225    $a J'ai lu $i Policier
308    $a 9004
330    $a Adamsberg est à nouveau confronté à des résurgences de son passé : l'enquête qu'il mène l'oblige à retravailler avec une femme médecin légiste à laquelle il s'était opposé vingt-cinq ans plus tôt.
339    $a m
410  0 $0 34229028 $t J'ai lu $x 0291-3623 $v 9004
410  0 $0 34234530 $t J'ai lu. Roman policier $x 0768-0627 $d 2009
686    $a 803 $2 Cadre de classement de la Bibliographie nationale française
700    $3 12058359 $9 3852 $o ISNI0000000120300340 $a Vargas $b Fred $f 1957-.... $4 070
801  0 $a FR $b FR-751131015 $c 20090324 $g AFNOR $h FRBNF414518190000005 $2 intermrc
999    $a FRBNF414518190000005
995    $0 0 $2 0 $4 0 $5 2019-02-02 $9 389190 $b MED $c MED $e MED1A $f C1400008096 $h ALTROPL $k RP/VAR $n 2024-05-25 $o 0 $p 8.10 $r PRETLIV $s RP_VAR $w 35 $y 2024-04-13

