00923nj  a2200253 n 4500
001 221072
003 http://www.mediathequederoubaix.fr/ark:/20179/KH221072
005 20240514073935.0
035    $a HZ_
071 01 $a 80.026 $b Charles Talar
090    $a 221072
091    $a 1 $b 20240514 $c 0
099    $t DV $c 2014-06-30 $d 2024-05-14 $x 0
100    $a 20140630              frey50        
101    $a fre
200    $a La vieille musique $b Enr. sonore $f François Valery
215    $a 1 disque
327    $a Face B : Je n'ai jamais aimé que toi
339    $a m
700  1 $a Valéry $b François $f 1956-....
801    $a FR $b 595126101 $c 20100512 $g AFNOR
930    $5 595126101:F DESD 17/1228 $b 595126101 $a F DESD17/1228 $e Fonds Patrice Desdoit
317    $a Collection de Patrice Desdoit
995    $0 0 $2 0 $4 0 $5 2010-05-12 $9 253388 $b MED $c MED $e MED2D $f F DESD 17/1228 $h PENPDZZ $k F DESD17/1228 $o 0 $r PRETSON $s F_DESD17_1228_000000000000000 $w 0 $y 2014-06-30

