02504cam a2200457   4500
001 221201
003 http://www.mediathequederoubaix.fr/ark:/20179/KH221201
010    $a 978-2-7002-3606-4 $b br. $d 7,10 EUR
010    $a 978-2-7002-5217-0 $b réimpr. 2016
020    $a FR $b 01024598
033    $a http://catalogue.bnf.fr/ark:/12148/cb42182483p
035    $a FRBNF421824830000003
073  0 $a 9782700236064
073  0 $a 9782700252170 $b réimpr. 2016
090    $a 221201
091    $b 20240514 $c 1 $a 2
099    $t LI $c 2014-06-30 $d 2024-05-14 $x 24
100    $a 20100420d2010    a  y0frey50      ba
101 0  $a fre
102    $a FR
105    $a ||||z   00|a|
106    $a r
181  0 $6 01 $a i  $b xxxe  
181    $6 02 $c txt $2 rdacontent
182  0 $6 01 $a n
182    $6 02 $c n $2 rdamedia
200 1  $a Murder party $b Texte imprimé $f Agnès Laroche
210    $a Paris $c Rageot $d impr. 2010 $e 27-Évreux $g Impr. CPI Hérissey
215    $a 1 vol. (153 p.) $c couv. ill. en coul. $d 19 cm
225    $a Heure noire $e à partir de 12 ans $x 1766-3016
321    $a La Revue des livres pour enfants $x 0398-8384
329    $c Intéressant $a Terrifiante aventure que celle de Max pour qui, à l'occasion de son anniversaire, son"grand" frère avait organisé une"murder party" avec cadavre à la clé..., sauf que le cadavre qu'il découvre avec son amie Margot est bien réel. Les deux jeunes gens deviennent alors des témoins gênants. Angoisse, horreur et amour pimentent cette histoire rocambolesque qui aurait pu mal finir. Un suspense qui tient ses promesses. (A.E.) $d 20100806 $f AE $2 CNLJ $k Avis critique donné par le Centre national de la littérature pour la jeunesse
330    $a Pour pimenter son anniversaire, Max organise une murder party, jeu de rôle grandeur nature avec un faux cadavre. Mais le jeu dérape lorsque Max et son amie Margot découvrent un vrai cadavre...
339    $a a
410  0 $0 39132348 $t Heure noire $x 1766-3016 $d 2010
608    $a Romans $2 CNLJ $k Avis critique donné par le Centre national de la littérature pour la jeunesse
686    $a 809 $2 Cadre de classement de la Bibliographie nationale française
700    $3 15838453 $9 101293 $o ISNI0000000398575947 $a Laroche $b Agnès $f 1965-2023 $4 070
801  0 $a FR $b FR-751131015 $c 20100420 $g AFNOR $h FRBNF421824830000003 $2 intermrc
999    $a FRBNF421824830000003
995    $0 0 $2 0 $4 0 $5 2010-05-15 $9 253599 $P 7.10 $b MED $c MED $e MED2A $f C0005048435 $h JROPLZZ $k E RP/LAR $o 0 $p 7.10 $r PRETLIV $s E_RP_LAR $w 34 $y 2024-04-21 $7 Bateau Livre $8  $A  $m  $z 

