01119nj  a2200277 n 4500
001 221514
003 http://www.mediathequederoubaix.fr/ark:/20179/KH221514
005 20240514074548.0
035    $a HZ_
071 01 $a SHB 516 $b Saravah
090    $a 221514
091    $a 1 $b 20240514 $c 0
099    $t DV $c 2014-06-30 $d 2024-05-14 $x 0
100    $a 20140630              frey50        
101    $a fre
200    $a Cet enfant que tu m'avais fait $b Enr. sonore $f Brigitte Fontaine $g Jacques Higelin
215    $a 1 disque
327    $a Face B : C'est normal / avec Areski
339    $a m
702    $7 ba0yba0y $8 fre    $a Areski Belkacem $f 1940-.... $3 13890860 $9 3419
702    $7 ba0yba0y $8 fre    $a Higelin $b Jacques $f 1940-2018 $3 11907499 $9 3420
700  1 $7 ba0yba0y $8 fre    $a Fontaine $b Brigitte $f 1940-....
801    $a FR $b 595126101 $c 20100521 $g AFNOR
930    $5 595126101:F DESD 17/1306 $b 595126101 $a F DESD17/1306 $e Fonds Patrice Desdoit
317    $a Collection de Patrice Desdoit
995    $0 0 $2 0 $4 0 $5 2010-05-21 $9 254043 $b MED $c MED $e MED2D $f F DESD 17/1306 $h PENPDZZ $k F DESD17/1306 $o 0 $r PRETSON $s F_DESD17_1306_000000000000000 $w 0 $y 2014-06-30

