01844nj  a2200325 n 4500
001 221695
003 http://www.mediathequederoubaix.fr/ark:/20179/KH221695
005 20240514075119.0
035    $a HZ_CDM                              
090    $a 221695
091    $a 1 $b 20240514 $c 0
099    $t DC $c 2014-06-30 $d 2024-05-14 $x 1
100    $a 20140630 1975         frey50        
101    $a fre
200    $a Green in blue $b enr. sonore $f Arild Andersen, cb $g Early Quartets
210    $d P 1975, 1977, 1978
215    $a 3 d.c. $e 1 brochure (12 cm ; 27 p.)
323    $a "Early Quartets" est compsé de : Knut Riisnaes, saxo T and S, fl. ; Jon Balke, Lars Janson , p ; Arild Andersen, cb ; Pal Thowsen, batt., perc. ; Juhani Aaltonen, saxo T and S, fl., perc.
327    $a CD 1 : Clouds in my head : 305 W 18 ST $a Last song $a Outhouse $a Song for a sad day $a Clouds in my head $a Cycles $a Siv $a The sword underhis wings $a CD 2 : Shimri : Shimri $a No tears $a Ways of days $a Wood song $a Vaggvisa för Hanna $a Dedication $a CD 3 : Green shading into blue : Sole $a The guitarist $a Anima $a Radka's samba $a Terhi $a Green shading into blue $a Jana
339    $a m
606 0  $a Jazz $y Norvège $x Disques $2 rameau
606 0  $7 ba0yba0y $8 fre    $3 12295264 $9 3249 $a Contrebasse, Musique de (jazz) $x Disques $2 rameau
679    $a 1
700  1 $7 ba0yba0y $8 fre    $3 13890749 $9 44913 $7 ba0yba0y $8 fre    $a Andersen $b Arild $f 1945-....
701  1 $a Thowsen $b Pal
701  1 $7 ba0yba0y $8 fre    $3 14842696 $9 103678 $7 ba0yba0y $8 fre    $a Aaltonen $b Juhani $f 1935-....
712 02 $a Early Quartets
701  1 $7 ba0yba0y $8 fre    $a Jansson $b Lars $f 1926-2000
801    $a FR $b 595126101 $c 20101021 $g AFNOR
995    $0 0 $2 0 $4 0 $5 2010-06-16 $9 254246 $P 27.24 $b MED $c MED $e MED1A $f C0005086938 $h AMV13ZZ $k COFFRET/1 AND $l contient 3 DC + 1 livret $o 0 $p 27.24 $r PRETSON $s COFFRET_1_000000000000000_AND $w 12 $y 2024-05-04 $7 CDMail

