00961nj  a2200253 n 4500
001 221904
003 http://www.mediathequederoubaix.fr/ark:/20179/KH221904
005 20240514075159.0
035    $a HZ_
071 01 $a GT 46518 $b GT-Sonopresse
090    $a 221904
091    $a 1 $b 20240514 $c 0
099    $t DV $c 2014-06-30 $d 2024-05-14 $x 0
100    $a 20140630              frey50        
101    $a fre
200    $a L'autobus vert avec un gros numéro dessus $b Enr. sonore $f Bernard Sauvat
215    $a 1 disque
327    $a Face B : L'amitié
339    $a m
700    $7 ba0yba0y $8 fre    $a Sauvat $b Bernard $f 1941-.... $3 14825842 $9 122184
801    $a FR $b 595126101 $c 20100528 $g AFNOR
930    $5 595126101:F DESD 17/1370 $b 595126101 $a F DESD17/1370 $e Fonds Patrice Desdoit
317    $a Collection de Patrice Desdoit
995    $0 0 $2 0 $4 0 $5 2010-05-28 $9 254460 $b MED $c MED $e MED2D $f F DESD 17/1370 $h PENPDZZ $k F DESD17/1370 $o 0 $r PRETSON $s F_DESD17_1370_000000000000000 $w 0 $y 2014-06-30

