02247cam a2200445   4500
001 222051
003 http://www.mediathequederoubaix.fr/ark:/20179/KH222051
010    $a 978-2-5050-0558-2 $b br. $d 6,25 EUR
020    $a FR $b 00929654
033    $a http://catalogue.bnf.fr/ark:/12148/cb414589431
035    $a FRBNF414589430000008
073  0 $a 9782505005582
090    $a 222051
091    $b 20240514 $c 1 $a 2
099    $t LI $c 2014-06-30 $d 2024-05-18 $x 107
100    $a 20090402d2009    m  y0frey50      ba
101 1  $a fre $c jpn
102    $a BE
105    $a ||||t   00|a|
106    $a r
181  0 $6 01 $a i  $b xxxe   $a b  $b xb2e  
181    $6 02 $c txt $c sti $2 rdacontent
182  0 $6 01 $a n
182    $6 02 $c n $2 rdamedia
200 1  $a Naruto $h 41 $b Texte imprimé $f Masashi Kishimoto
210    $a Bruxelles $a [Paris] $c Kana $d DL 2009 $e impr. en Italie
215    $a 1 vol. (189 p.) $c ill., couv. ill., jaquette ill. en coul. $d 18 cm
300    $a Trad. du japonais
321    $a La Revue des livres pour enfants $x 0398-8384
329    $c Bravo ! $d 20090615 $f OP $2 CNLJ $k Avis critique donné par le Centre national de la littérature pour la jeunesse
330    $a La suite des aventures de Naruto, ce garçon solitaire au caractère fougueux, à la recherche du secret de sa naissance et toujours à la conquête de la plus grande distinction dans l'ordre des ninjas : celle de maître hokage.
333    $a À partir de 9 ans $2 CNLJ $k Avis critique donné par le Centre national de la littérature pour la jeunesse
339    $a a
608    $a Bandes dessinées $2 CNLJ $k Avis critique donné par le Centre national de la littérature pour la jeunesse
686    $a 805 $2 Cadre de classement de la Bibliographie nationale française
700    $3 14436258 $9 9672 $o ISNI0000000122843920 $a Kishimoto $b Masashi $f 1974-.... $4 070
801  0 $a FR $b FR-751131015 $c 20090402 $g AFNOR $h FRBNF414589430000008 $2 intermrc
999    $a FRBNF414589430000008
995    $0 3 $2 1 $4 0 $5 2017-09-27 $9 366171 $b MED $c MED $e MED2A $f C2500004994 $h JBDMGZZ $k BD/MANGAS $n 2018-12-28 $o 4 $p 6.25 $r PRETLIV $s BD_MANGAS $w 23 $y 2018-11-16
995    $0 0 $2 0 $4 0 $5 2020-10-29 $9 416400 $b MED $c MED $e MED2A $f C2500019703 $h JBDMGZZ $k E BD/MANGAS $n 2024-06-08 $o 0 $p 6.25 $r PRETLIV $s E_BD_MANGAS $w 53 $y 2024-05-18 $7  $8  $A  $m  $z 

