02755cam a2200469   4500
001 222218
003 http://www.mediathequederoubaix.fr/ark:/20179/KH222218
010    $a 978-2-7560-1749-5 $b rel. $d 9,95 EUR
020    $a FR $b 01035058
033    $a http://catalogue.bnf.fr/ark:/12148/cb42212931j
035    $a FRBNF422129310000001
073  0 $a 9782756017495
090    $a 222218
091    $b 20240514 $c 1 $a 2
099    $t LI $c 2014-06-30 $d 2024-05-14 $x 46
100    $a 20100604d2010    a  y0frey50      ba
101 0  $a fre
102    $a FR
105    $a ||||t   00|a|
106    $a r
181  0 $6 01 $a i  $b xxxe   $a b  $b xb2e  
181    $6 02 $c txt $c sti $2 rdacontent
182  0 $6 01 $a n
182    $6 02 $c n $2 rdamedia
200 1  $a Ananke $b Texte imprimé $f scénario, Noirgaley $g dessin et couleur, Erwin Madrid
210    $a [Paris] $c Delcourt $d impr. 2010 $e impr. en Belgique
215    $a 1 vol. (47 p.) $c ill. en coul., couv. ill. en coul. $d 30 cm
321    $a La Revue des livres pour enfants $x 0398-8384
321    $a Escales en littérature de jeunesse $c 2013
329    $c Bravo ! $d 20100608 $f OP $2 CNLJ $k Avis critique donné par le Centre national de la littérature pour la jeunesse
329    $a Un voyage dans l'au-delà, où une fille et une vieille dame sont happées par la mort, lors d'une balade sur la plage. Oiseaux parlant, lutins merveilleux, livre de vie, le pays "" à travers la mer "" recèle des merveilles comme des menaces, évoquées subtilement et avec poésie. Happées trop tôt par la mort, les héroïnes reprennent pied dans la vie. $d 20131001
330    $a L'histoire de Lilou, une petite fille solitaire dont la maman est hospitalisée, et d'Anita, une vieille dame qui habite toute seule dans sa petite maison en bord de mer. Un jour, elles se rencontrent sur la plage et vont d'aventure en aventure. Un récit d'amitié.
333    $a À partir de 9 ans $2 CNLJ $k Avis critique donné par le Centre national de la littérature pour la jeunesse
339    $a a
608    $a Bandes dessinées $2 CNLJ $k Avis critique donné par le Centre national de la littérature pour la jeunesse
686    $a 805 $2 Cadre de classement de la Bibliographie nationale française
700    $3 16212790 $9 103828 $a Noirgaley $4 070
701    $3 16212784 $9 103829 $o ISNI0000000108532974 $a Madrid $b Erwin $f 1978-.... $4 070
801  0 $a FR $b FR-751131015 $c 20100604 $g AFNOR $h FRBNF422129310000001 $2 intermrc
999    $a FRBNF422129310000001
995    $0 0 $2 0 $4 0 $5 2010-06-11 $9 254797 $P 9.95 $b MED $c MED $e MED2A $f C0005049520 $h JBDZZZZ $k E BD/NOI $o 0 $p 9.95 $r PRETLIV $s E_BD_NOI $w 53 $y 2024-04-13 $7 BD fugue
995    $0 0 $2 0 $4 0 $5 2010-06-08 $9 254798 $P 9.95 $b MED $c MED $e MED0A $f C0005262021 $h JBDZZZZ $k EXT E BD/NOI $o 0 $p 9.95 $r PRETLIV $s EXT_E_BDNOI $w 8 $y 2021-09-21 $7 BD fugue

