00961nj  a2200253 n 4500
001 222358
003 http://www.mediathequederoubaix.fr/ark:/20179/KH222358
005 20240514075757.0
035    $a HZ_
071 01 $a CA 171 13.317 $b Carrere
090    $a 222358
091    $a 1 $b 20240514 $c 0
099    $t DV $c 2014-06-30 $d 2024-05-14 $x 0
100    $a 20140630              frey50        
101    $a fre
200    $a La vie facile $b Enr. sonore $f Marie-Paule Belle
215    $a 1 disque
327    $a Face B : Bon pour la mère bon pour l'enfant
339    $a m
700    $7 ba0yba0y $8 fre    $a Belle $b Marie-Paule $f 1946-.... $3 13891312 $9 4024
801    $a FR $b 595126101 $c 20100611 $g AFNOR
930    $5 595126101:F DESD 17/1510 $b 595126101 $a F DESD17/1510 $e Fonds Patrice Desdoit
317    $a Collection de Patrice Desdoit
995    $0 0 $2 0 $4 0 $5 2010-06-11 $9 254977 $b MED $c MED $e MED2D $f F DESD 17/1510 $h PENPDZZ $k F DESD17/1510 $o 0 $r PRETSON $s F_DESD17_1510_000000000000000 $w 0 $y 2014-06-30

