02052cam a2200433   4500
001 222542
003 http://www.mediathequederoubaix.fr/ark:/20179/KH222542
010    $a 978-2-246-75901-0 $b br. $d 18 EUR
020    $a FR $b 01032437
033    $a http://catalogue.bnf.fr/ark:/12148/cb42191387r
035    $a FRBNF421913870000006
073  0 $a 9782246759010
090    $a 222542
091    $a 2 $b 20240514 $c 1
099    $t LI $c 2014-06-30 $d 2024-05-14 $x 6
100    $a 20100504d2010    m  y0frey50      ba
101 0  $a fre
102    $a FR
105    $a ||||z   00|y|
106    $a r
181  0 $6 01 $a i  $b xxxe  
181    $6 02 $c txt $2 rdacontent
182  0 $6 01 $a n
182    $6 02 $c n $2 rdamedia
200 1  $a Le dernier mort de Mitterrand $b Texte imprimé $f Raphaëlle Bacqué
210    $a [Paris] $c B. Grasset $c A. Michel $d impr. 2010 $e 53-Mayenne $g Impr. Floch
215    $a 1 vol. (238 p.) $c couv. ill. $d 21 cm
300    $a Bibliogr. p. 237-238
330    $a Le 7 avril 1994, François de Grossouvre est retrouvé mort dans son bureau, au coeur du palais de l'Elysée. Pourquoi et comment ce proche de François Mitterrand, parrain de Mazarine, alors le secret le plus défendu de la République, a-t-il décidé d'en finir ?
339    $a m
600    $3 12426052 $9 43475 $a Grossouvre $b François de $f 1918-1994 $3 11932530 $9 8587 $x Mort $2 rameau
600    $3 11916320 $9 268835 $a Mitterrand $b François $f 1916-1996 $3 12065684 $9 22839 $x Amis et relations $2 rameau
606    $3 12006629 $9 3334 $a Politique et gouvernement $y France $z 1981-1995 $2 rameau
676    $a 320.944 092 $v 23
686    $a 920 $2 Cadre de classement de la Bibliographie nationale française
700    $3 12497389 $9 64034 $o ISNI000000006156293X $a Bacqué $b Raphaëlle $f 1964-.... $4 070
801  0 $a FR $b FR-751131015 $c 20100504 $g AFNOR $h FRBNF421913870000006 $2 intermrc
999    $a FRBNF421913870000006
995    $0 0 $2 0 $4 0 $5 2010-06-18 $9 255179 $P 18.00 $b MED $c MED $e MED3A $f C0005283564 $h ACFSSZZ $k Doc./320.944 BAC $o 0 $p 18.00 $r PRETLIV $s DOC___320_944000000000000_BAC $w 16 $y 2023-12-21 $7 Furet du Nord - Roubaix

