03781cam a2200565   4500
001 222709
003 http://www.mediathequederoubaix.fr/ark:/20179/KH222709
010    $a 978-2-35504-119-8 $b rel. $d 17 EUR
020    $a FR $b 01037918
033    $a http://catalogue.bnf.fr/ark:/12148/cb42230854v
035    $a FRBNF422308540000009
073  0 $a 9782355041198
090    $a 222709
091    $b 20240515 $c 1 $a 2
099    $t LI $c 2014-06-30 $d 2024-05-15 $x 18
100    $a 20100701d2010    a  y0frey50      ba
101 0  $a fre
102    $a FR
105    $a ||||z   00|y|
106    $a r
181  0 $6 01 $a i  $b xxxe  
181    $6 02 $c txt $2 rdacontent
182  0 $6 01 $a n
182    $6 02 $c n $2 rdamedia
200 1  $a Mandela $b Texte imprimé $e l'Africain multicolore $f Alain Serres $g images de Zaü
210    $a [Voisins-le-Bretonneux] $c Rue du monde $d impr. 2010 $e 18-Saint-Amand-Montrond $g Impr. Clerc
215    $a 1 vol. (63 p.) $c ill. en noir et en coul., couv. ill. en coul. $d 26 cm
225    $a Grands portraits
321    $a La Revue des livres pour enfants $x 0398-8384
321    $a La Revue des livres pour enfants. Sélection annuelle
321    $a Escales en littérature de jeunesse $c 2013
329    $c Coup de coeur ! $a Icône du XXe siècle, Mandela incarne par son parcours exemplaire le combat pour les droits de l'homme. Le récit retrace avec sobriété les différentes étapes d'une vie au service de la défense du droit des noirs dans un pays alors gouvernés par les seuls blancs, marquée par 27 années d'emprisonnement. L'illustrateur joue avec subtilité des couleurs pour opposer les années de liberté et les années de captivité, les unes multicolores, les autres bistres. Un dossier clôt le volume. $d 20100908 $f JVN $2 CNLJ $k Avis critique donné par le Centre national de la littérature pour la jeunesse
329    $d 20101217
329    $c Coup de coeur ! $a Ce récit retrace avec sobriété les différentes étapes de la vie de Nelson Mandela, marquée par de longues années de détention, au service de la défense des droits des Noirs dans un pays alors gouverné par les seuls Blancs. L'illustration joue avec subtilité du dessin et du contraste des couleurs pour symboliser et rendre sensible ce combat. $d 20131001 $2 CNLJ $k Avis critique donné par le Centre national de la littérature pour la jeunesse
330    $a Un album décrivant la vie, depuis son enfance jusqu'à son élection en Afrique du Sud en février 1990, de Nelson Mandela.
333    $a À partir de 11 ans $2 CNLJ $k Avis critique donné par le Centre national de la littérature pour la jeunesse
333    $a À partir de 9 ans $2 CNLJ $k Avis critique donné par le Centre national de la littérature pour la jeunesse
339    $a a
410  0 $0 42237688 $t Grands portraits $x 2109-6376 $d 2010
600    $3 12037999 $9 12260 $7 ba0yba0y $8 fre    $a Mandela $b Nelson $f 1918-2013 $3 12042408 $9 314947 $x Ouvrages pour la jeunesse $2 rameau $9 12260
600    $3 12037999 $9 12260 $a Mandela $b Nelson $f 1918-2013 $2 rameau
608    $3 12042408 $9 314947 $a Ouvrages pour la jeunesse $2 rameau
608    $a Documentaires : sciences humaines $2 CNLJ $k Avis critique donné par le Centre national de la littérature pour la jeunesse
676    $a 968.050 92 $v 23
686    $a 920 $2 Cadre de classement de la Bibliographie nationale française
700    $3 11924503 $9 13810 $o ISNI0000000121272580 $a Serres $b Alain $f 1956-.... $4 070
702    $3 11929612 $9 11049 $o ISNI0000000121435570 $a Zaü $f 1943-.... $4 440
801  0 $a FR $b FR-751131015 $c 20100701 $g AFNOR $h FRBNF422308540000009 $2 intermrc
999    $a FRBNF422308540000009
995    $0 0 $2 0 $4 0 $5 2010-06-23 $9 255369 $P 17.00 $b MED $c MED $e MED0A $f C0005263815 $h JDT90ZZ $k EXT E/968 SUD $o 0 $p 17.00 $r PRETLIV $s EXT_E_968_000000000000000_SUD $w 6 $y 2022-11-04 $7 Bateau Livre

