01053cj  a22002772  4500
001 222902
003 http://www.mediathequederoubaix.fr/ark:/20179/KH222902
005 20240515021142.0
035    $a HZ_CDM961735
071 01 $a INDIE045CD $b Indie
090    $a 222902
091    $a 1 $b 20240515 $c 0
099    $t DC $c 2014-06-30 $d 2024-05-15 $x 6
100    $a 20100803f20102010m  y0frey5003    ba
101    $a fre
200    $a Blackjazz $b Enr. sonore $f Shining
210    $d P 2010
215    $a 1 d.c. $e 1 Livret (n.p.; 12 cm)
327    $a The madness and the damage done $a Fisheye $a Exit sun $a Exit sun $a Healter skelter $a The madness and the damage done $a Blackjazz deathtrance $a Omen $a 21 st century schizoid man
339    $a m
345    $a CDMAIL $b 7090014381281
606 0  $a Black metal $y Suède $x Disques $2 rameau
679    $a 2 $c 50
710 02 $a Shining
801  0 $a FR $b CDMAIL $c 20101112 $g AFNOR
995    $0 0 $2 0 $4 0 $5 2010-09-02 $9 255585 $P 18.67 $b MED $c MED $e MED1A $f C0005085877 $h AMV25ZZ $k DC/2 SHI 50 $o 0 $p 18.67 $r PRETSON $s DC_2_000000000000000_SHI_50 $w 10 $y 2023-06-07 $7 CDMail

