02946cam a2200493   4500
001 223089
003 http://www.mediathequederoubaix.fr/ark:/20179/KH223089
010    $a 978-2-211-20011-0 $b rel. $d 15 EUR
020    $a FR $b 01024540
033    $a http://catalogue.bnf.fr/ark:/12148/cb42184207h
035    $a FRBNF42184207000000X
073  0 $a 9782211200110
090    $a 223089
091    $b 20240515 $c 1 $a 2
099    $t LI $c 2014-06-30 $d 2024-05-15 $x 35
100    $a 20100421d2010    a  y0frey50      ba
101 0  $a fre
102    $a BE $a FR
105    $a ||||z   00|a|
106    $a r
181  0 $6 01 $a i  $b xxxe  
181    $6 02 $c txt $2 rdacontent
182  0 $6 01 $a n
182    $6 02 $c n $2 rdamedia
200 1  $a Lou a soif ! $b Texte imprimé $e Lou et Mouf, un grand livre animé $f Jeanne Ashbé
210    $a [Bruxelles] $c Pastel $a Paris $c l'École des loisirs $d DL 2010 $e impr. en Malaisie
215    $a 1 vol. (non paginé [10] p.) $c ill. en coul., couv. ill. en coul. $d 27 cm
225 19 $a Lou et Mouf
321    $a La Revue des livres pour enfants $x 0398-8384
329    $c Pourquoi pas ? $d 20100526 $2 CNLJ $k Avis critique donné par le Centre national de la littérature pour la jeunesse
330    $a Lou prend soin des animaux, du plus petit au plus gros, de l'oiseau à la vache. Avec des tirettes et des flaps pour découvrir les animations.
339    $a a
608    $a Albums $2 CNLJ $k Avis critique donné par le Centre national de la littérature pour la jeunesse
686    $a 809 $2 Cadre de classement de la Bibliographie nationale française
700    $3 12387717 $9 22492 $o ISNI0000000121357621 $a Ashbé $b Jeanne $f 1955-.... $4 070
801  0 $a FR $b FR-751131015 $c 20100421 $g AFNOR $h FRBNF42184207000000X $2 intermrc
999    $a FRBNF42184207000000X
995    $0 0 $2 0 $4 0 $5 2010-10-14 $9 255792 $P 15.00 $b MED $c MED $e MED0A $f C0005288912 $h JABPFAF $k EXT PE A/ASH $o 0 $p 15.00 $r PRETLIV $s EXT_PE_A_ASH $w 16 $y 2023-07-05 $7 Bateau Livre
995    $0 0 $2 1 $4 0 $5 2022-08-10 $9 447800 $P 15.30 $b MED $c MED $e MED0A $f C3500016571 $h JABPFAF $k EXT PE A/ASH $n 2023-09-22 $o 0 $r PRETLIV $s EXT_PE_A_ASH $w 2 $y 2023-05-12
995    $0 0 $2 0 $4 0 $5 2023-01-18 $9 456183 $P 15.30 $b MED $c MED $e MED0A $f C3500017724 $h JABPFAF $k EXT PE A/ASH $n 2024-07-26 $o 0 $p 15.30 $r PRETLIV $s EXT_PE_A_ASH $w 2 $y 2023-11-29
995    $0 0 $2 0 $4 0 $5 2023-01-18 $9 456185 $P 15.30 $b MED $c MED $e MED0A $f C3500017723 $h JABPFAF $k EXT PE A/ASH $n 2024-07-26 $o 0 $p 15.30 $r PRETLIV $s EXT_PE_A_ASH $w 2 $y 2023-11-29
995    $0 0 $2 0 $4 0 $5 2023-01-18 $9 456187 $P 15.30 $b MED $c MED $e MED0A $f C3500017722 $h JABPFAF $k EXT PE A/ASH $o 0 $p 15.30 $r PRETLIV $s EXT_PE_A_ASH $w 1 $y 2024-02-01
995    $0 0 $2 0 $4 0 $5 2023-01-18 $9 456188 $P 15.30 $b MED $c MED $e MED0A $f C3500017721 $h JABPFAF $k EXT PE A/ASH $n 2024-09-21 $o 0 $p 15.30 $r PRETLIV $s EXT_PE_A_ASH $w 1 $y 2024-01-25
995    $0 0 $2 0 $4 0 $5 2023-05-24 $9 461055 $P 15.30 $b MED $c MED $e MED2A $f C2500032401 $h JABPFEV $k PE A/ASH $o 0 $p 15.30 $r PRETLIV $s PE_A_ASH $u dernière page (lait qui coule) roulette ne fonctionne pas 14/06/23 $w 10 $y 2024-05-19 $7  $8  $A 0 $m  $z 

