00823nj  a2200241 n 4500
001 223266
003 http://www.mediathequederoubaix.fr/ark:/20179/KH223266
005 20240515021936.0
035    $a HZ_
071 01 $a SA 1042 $b Virgin
090    $a 223266
091    $a 1 $b 20240515 $c 0
099    $t DV $c 2014-06-30 $d 2024-05-15 $x 0
100    $a 20140630              frey50        
101    $a fre
200    $a Walkman video $b Enr. sonore $f Comix
215    $a 1 disque
339    $a m
710 02 $a Comix
801    $a FR $b 595126101 $c 20100716 $g AFNOR
930    $5 595126101:F DESD 17/1589 $b 595126101 $a F DESD17/1589 $e Fonds Patrice Desdoit
317    $a Collection de Patrice Desdoit
995    $0 0 $2 0 $4 0 $5 2010-07-16 $9 256055 $b MED $c MED $e MED2D $f F DESD 17/1589 $h PENPDZZ $k F DESD17/1589 $o 0 $r PRETSON $s F_DESD17_1589_000000000000000 $w 0 $y 2014-06-30

