02654cam a2200517   4500
001 223402
003 http://www.mediathequederoubaix.fr/ark:/20179/KH223402
010    $a 2-211-01880-7 $b rel. $d 60 F
010    $a 978-2-211-22563-2 $b réimpr. 2015
020    $a FR $b 08904436
033    $a http://catalogue.bnf.fr/ark:/12148/cb34960141k
035    $a FRBNF349601410000005
039    $o OPL $a 006225107
073  0 $a 9782211018807 $2 ALS
073  0 $a 9782211225632 $b réimpr. 2015
090    $a 223402
091    $b 20240515 $c 1 $a 2
099    $t LI $c 2014-06-30 $d 2024-05-15 $x 5
100    $a 19881128d1988    a  y0frey50      ba
101 0  $a fre
102    $a FR
105    $a a   z   00|a|
106    $a r
181  0 $6 01 $a i  $b xxxe   $a b  $b xb2e  
181    $6 02 $c txt $c sti $2 rdacontent
182  0 $6 01 $a n
182    $6 02 $c n $2 rdamedia
200 1  $a Cuisine de nuit $b Texte imprimé $f Maurice Sendak $g [trad. de Jean-Henri Potier]
210    $a Paris $c l'École des loisirs $d [1988] $e Impr. en Allemagne
215    $a [36] p. $c ill. en coul., couv. ill. en coul. $d 29 cm
300    $a 1988 d'après la déclaration de dépôt légal
321    $a La Revue des livres pour enfants. Sélection annuelle $c 291
329    $c Coup de coeur ! $a Réédition à l'identique de ce chef-d'oeuvre indispensable. Pour un enfant qui rêve, tout devient extraordinaire dans une cuisine. Les merveilleuses aventures d'un bébé qui plonge avec volupté dans la pâte à pain, la pétrit pour en faire un avion et s'envole dans la voie lactée pour échapper aux trois pâtissiers (sosies d'Oliver Hardy) qui voulaient le mettre à cuire. $d 20161101 $2 CNLJ $k Avis critique donné par le Centre national de la littérature pour la jeunesse
330    $a Thématique : fantaisie, comptines.
333    $a À partir de 3 ans $2 CNLJ $k Avis critique donné par le Centre national de la littérature pour la jeunesse
339    $a a
454  1 $t In the night kitchen
608    $a Albums $2 CNLJ $k Avis critique donné par le Centre national de la littérature pour la jeunesse
610 0  $a Gourmandise (album) (ALS)
610 0  $a Nuit (album) (ALS)
686    $a 823 $2 Cadre de classement de la Bibliographie nationale française
700    $3 11924407 $9 1068 $o ISNI0000000121032317 $a Sendak $b Maurice $f 1928-2012 $4 070
702    $3 11920403 $9 14767 $o ISNI0000000023083647 $a Potier $b Jean Henri $4 730
801  0 $a FR $b FR-751131015 $c 19881128 $g AFNOR $h FRBNF349601410000005 $2 intermrc
999    $a FRBNF349601410000005
995    $0 0 $2 0 $4 0 $5 2010-08-03 $9 256333 $P 12.50 $b MED $c MED $e MED0A $f C0005266986 $h JABPFAF $k EXT PE A/SEN $o 0 $p 12.50 $r PRETLIV $s EXT_PE_ASEN $w 8 $y 2019-06-29 $7 Bateau Livre

