01975cam a2200445   4500
001 223604
003 http://www.mediathequederoubaix.fr/ark:/20179/KH223604
010    $a 978-2-87706-723-2 $b br. $d 18 EUR
020    $a FR $b 01032584
033    $a http://catalogue.bnf.fr/ark:/12148/cb422068493
035    $a FRBNF422068490000005
073  0 $a 9782877067232
090    $a 223604
091    $b 20240515 $c 1 $a 2
099    $t LI $c 2014-06-30 $d 2024-05-15 $x 9
100    $a 20100527d2010    m  y0frey50      ba
101 0  $a fre
102    $a FR
105    $a ||||z   00|y|
106    $a r
181  0 $6 01 $a i  $b xxxe  
181    $6 02 $c txt $2 rdacontent
182  0 $6 01 $a n
182    $6 02 $c n $2 rdamedia
200 1  $a Trois mères, trois fils $b Texte imprimé $e Mme Baudelaire, Mme Verlaine, Mme Rimbaud $f Henri Troyat,...
210    $a Paris $c de Fallois $d impr. 2010 $e 18-Saint-Amand-Montrond $g Impr. CPI Bussière
215    $a 1 vol. (212 p.) $d 23 cm
300    $a Bibliogr. p. 209
330    $a H. Troyat raconte qui furent les mères des trois plus grands poètes français : Verlaine, Rimbaud et Baudelaire. Il met en évidence leur point commun : n'avoir pas su identifier le génie de leur fils.
339    $a m
600    $3 13183682 $9 43824 $a Aupick $b Caroline $f 1793-1871 $2 rameau
600    $3 16208195 $9 104196 $a Verlaine $b Élisa Stéphanie $f 1809-1886 $2 rameau
600    $3 12299380 $9 104197 $a Rimbaud $b Vitalie $f 1825-1907 $2 rameau
608    $3 11935764 $9 107 $a Biographie $2 rameau
676    $a 841.8 (critique) $v 23
686    $a 920 $2 Cadre de classement de la Bibliographie nationale française
700    $3 11927164 $9 124 $o ISNI0000000121214356 $a Troyat $b Henri $f 1911-2007 $4 070
801  0 $a FR $b FR-751131015 $c 20100527 $g AFNOR $h FRBNF422068490000005 $2 intermrc
999    $a FRBNF422068490000005
995    $0 0 $2 0 $4 0 $5 2010-07-27 $9 256578 $P 18.00 $b MED $c MED $e MED1A $f C0005294264 $h ALTDCZZ $k Doc./840.19 ABC $o 0 $p 18.00 $r PRETLIV $s DOC___840_190000000000000_ABC $w 23 $y 2020-12-12 $7 Alize-SFL

