01561cam a2200373   4500
001 223768
003 http://www.mediathequederoubaix.fr/ark:/20179/KH223768
010    $a 978-2-283-02463-8 $b br. $d 11 EUR
020    $a FR $b 01026334
033    $a http://catalogue.bnf.fr/ark:/12148/cb42194528h
035    $a FRBNF42194528000000X
073  0 $a 9782283024638
090    $a 223768
091    $b 20240515 $c 1 $a 2
099    $t LI $c 2014-06-30 $d 2024-05-15 $x 5
100    $a 20100507d2010    m  y0frey50      ba
101 0  $a fre
102    $a FR
105    $a ||||z   00|a|
106    $a r
181  0 $6 01 $a i  $b xxxe  
181    $6 02 $c txt $2 rdacontent
182  0 $6 01 $a n
182    $6 02 $c n $2 rdamedia
200 1  $a Du plomb dans le cassetin $b Texte imprimé $e roman $f Jean Bernard-Maugiron
210    $a Paris $c Buchet-Chastel $d impr. 2010 $e 53-Mayenne $g Impr. Floch
215    $a 1 vol. (106 p.) $d 19 cm
330    $a Victor, correcteur de presse passionné, voit sa vie basculer à quelques mois de la retraite. L'histoire de cet ouvrier du livre est liée à celle de la mort annoncée de l'imprimerie. Premier roman.
339    $a m
686    $a 803 $2 Cadre de classement de la Bibliographie nationale française
700    $3 15896931 $9 104237 $o ISNI0000000361017642 $a Bernard-Maugiron $b Jean $f 1959-.... $4 070
801  0 $a FR $b FR-751131015 $c 20100507 $g AFNOR $h FRBNF42194528000000X $2 intermrc
999    $a FRBNF42194528000000X
995    $0 0 $2 0 $4 0 $5 2010-07-31 $9 256753 $P 11.00 $b MED $c MED $e MED1A $f C0005297995 $h ALTROZZ $k R/BER $o 0 $p 11.00 $r PRETLIV $s RBER $w 7 $y 2024-05-10 $7 Alize-SFL

