02056cam a2200445   4500
001 224010
003 http://www.mediathequederoubaix.fr/ark:/20179/KH224010
010    $a 2-84478-254-X $b br. $d 22 EUR
020    $a FR $b 00433458
033    $a http://catalogue.bnf.fr/ark:/12148/cb39209720p
035    $a FRBNF392097200000007
090    $a 224010
091    $b 20240515 $c 1 $a 2
099    $t LI $c 2014-06-30 $d 2024-05-15 $x 2
100    $a 20040709d2004    m  y0frey50      ba
101 0  $a fre
102    $a FR
105    $a ||||z   00|y|
106    $a r
181  0 $6 01 $a i  $b xxxe  
181    $6 02 $c txt $2 rdacontent
182  0 $6 01 $a n
182    $6 02 $c n $2 rdamedia
200 1  $a Le prix de la liberté $b Texte imprimé $f Raymond Ruffin
210    $a [Coudray-Macouard] $c Cheminements $d 2004 $e 53-Laval $g Impr. Publigraphic-"L'Indépendant"
215    $a 309 p.-[16] p. de pl. $c ill., couv. ill. $d 24 cm
225    $a Une mémoire
300    $a La couv. porte en plus : "la vie quotidienne des Normands après le débarquement de juin 44"
300    $a Bibliogr. p. 301-303. Glossaire
330    $a Retrace les cent jours de la Bataille de Normandie qui débuta avec le Débarquement des troupes alliées et s'acheva par la libération de la région : combats, action de la Résistance, sort des civils...
339    $a m
410  0 $0 39207704 $t Une Mémoire (Coudray-Macouard) $x 1768-7411 $d 2004
606    $3 11954125 $9 12134 $a Bataille de Normandie (1944) $2 rameau
607    $3 11991406 $9 18813 $a Normandie (France) $3 11939513 $9 572 $z 1940-1945 $2 rameau
676    $a 944.210 816 $v 23
686    $a 944 $2 Cadre de classement de la Bibliographie nationale française
700    $3 11923108 $9 73476 $o ISNI0000000083620299 $a Ruffin $b Raymond $f 1929-2007 $4 070
801  0 $a FR $b FR-751131015 $c 20040709 $g AFNOR $h FRBNF392097200000007 $2 intermrc
999    $a FRBNF392097200000007
995    $0 0 $2 0 $4 0 $5 2010-09-18 $9 257011 $P 22.00 $b MED $c MED $e MED3A $f C0005296208 $h ACFHSZZ $k Doc./937.1 DEB $o 0 $p 22.00 $r PRETLIV $s DOC___937_100000000000000_DEB $w 8 $y 2023-05-06 $7 Furet du Nord - Roubaix

