01682nam a2200409   4500
001 224244
003 http://www.mediathequederoubaix.fr/ark:/20179/KH224244
010    $a 2-253-02720-0 $b br. $d 5,20 EUR
020    $a FR $b 00235261
033    $a http://catalogue.bnf.fr/ark:/12148/cb38888103r
035    $a FRBNF388881030000002
090    $a 224244
091    $b 20240515 $c 1 $a 2
099    $t LI $c 2014-06-30 $d 2024-05-15 $x 37
100    $a 20021004d2002    m  y0frey50      ba
101 1  $a fre $c eng
102    $a FR
105    $a ||||z   00|a|
106    $a r
181  0 $6 01 $a i  $b xxxe  
181    $6 02 $c txt $2 rdacontent
182  0 $6 01 $a n
182    $6 02 $c n $2 rdamedia
200 1  $a Les Quatre $b Texte imprimé $f Agatha Christie $g trad. nouv. de Gérard de Chergé
210    $a Paris $c Librairie générale française $d 2002 $e 72-La Flèche $g Impr. Brodard et Taupin
215    $a 187 p. $c couv. ill. $d 18 cm
225    $a Le livre de poche $v 5530
330    $a Un quatuor de criminels qui veut s'assurer la domination du monde. Des ennemis à la mesure d'Hercule Poirot.
339    $a m
410  0 $0 34228560 $t Le Livre de poche $x 0248-3653 $v 5530
454  1 $t The big Four
686    $a 803 $2 Cadre de classement de la Bibliographie nationale française
700    $3 11896827 $9 3917 $o ISNI0000000121022127 $a Christie $b Agatha $f 1890-1976 $4 070
702    $3 11896552 $9 1530 $o ISNI0000000355953418 $a Chergé $b Gérard de $4 730
801  0 $a FR $b FR-751131015 $c 20021004 $g AFNOR $h FRBNF388881030000002 $2 intermrc
999    $a FRBNF388881030000002
995    $0 0 $2 0 $4 0 $5 2010-09-08 $9 257253 $P 5.20 $b MED $c MED $e MED1A $f C0005310727 $h ALTROPL $k RP/CHR $o 0 $p 5.20 $r PRETLIV $s RP_CHR $w 61 $y 2024-04-30 $7 Alize-SFL

