01171ni  a22002532  4500
001 224432
003 http://www.mediathequederoubaix.fr/ark:/20179/KH224432
005 20240515023023.0
010    $a 3760111870066
035    $a HZ_CDM715391
090    $a 224432
091    $a 2 $b 20240515 $c 0
099    $t LS $c 2014-06-30 $d 2024-05-15 $x 3
100    $a 20100820f20072007m  y0frey5003    ba
101    $a fre
200    $a Sous le jasmin la nuit $b Enr. sonore $f Maïssa Bey $g interprété par Simone Hérault
210    $a [S.l.] $c Ed. de l'Aube $d P 2007
215    $a 1 d.c. MP3 (4h30)
327    $a En ce dernier matin $a En tout bien tout honneur $a Improvisation $a Si, par une nuit d'été $a &lt;U+00B5&gt;Sur une virgule $a Nonpourquoiparceque $a Nuit et silence $a Main de femme à la fenêtre $a C'est quoi un arabe ?
339    $a m
700    $7 ba0yba0y $8 fre    $a Bey $b Maïssa $f 1951-.... $3 13192864 $9 33268
702  1 $7 ba0yba0y $8 fre    $3 12612692 $9 83818 $4 550 $7 ba0yba0y $8 fre    $a Hérault $b Simone $f 1950-....
801    $a FR $b 595126101 $c 20101130 $g AFNOR
995    $0 0 $2 0 $4 0 $5 2010-11-25 $9 257489 $P 24.00 $b MED $c MED $e MED1A $f C0005275707 $h ALTLSZZ $k LA R/BEY $o 0 $p 24.00 $r PRETLS $s LA_R_BEY $w 9 $y 2019-06-15 $7 CDMail

