01963nam a2200397   4500
001 224585
003 http://www.mediathequederoubaix.fr/ark:/20179/KH224585
010    $a 978-2-88890-352-9 $b Br. $d 12.90 EUR
033    $a http://catalogue.bnf.fr/ark:/12148/cb43475908g
033    $a http://catalogue.bnf.fr/ark:/12148/cb43475908g
035    $a FRBNF434759080000006
039    $o ALS $a 1675744
073  0 $a 9782888903529
090    $a 224585
091    $a 2 $b 20240515 $c 1
099    $t LI $c 2014-06-30 $d 2024-05-18 $x 15
100    $a 20090916d2010    m  y0frey50      ba
101 0  $a fre
102    $a CH
105    $a a   z   00|y|
106    $a r
181  0 $6 01 $a i  $b xxxe   $a b  $b xb2e  
181    $6 02 $c txt $c sti $2 rdacontent
182  0 $6 01 $a n
182    $6 02 $c n $2 rdamedia
200 1  $a La chronique des immortels $b Texte imprimé $h 2 $f adapté du roman de Wolfgang Hohlbein $g scénario Benjamin von Eckartsberg $g illustrations de Thomas von Kummant
210    $a Genève (Suisse) $c Paquet $d 2010
215    $a 48 p. $c ill. en coul. $d 32 x 14 cm
330    $a Pendant l'absence de son père, le fils d'Andrej Delany a été torturé par des moines et des hommes d'Eglise de l'Inquisition qui ont également massacré et déporté les habitants des villages de Borsa, en Transylvanie. Ils sont accusés de posséder des pouvoirs surnaturels et Andrej en est la preuve : ses blessures et ses brûlures guérissent instantanément. Andrej décide alors de venger son fils...
339    $a m
702    $3 16805024 $9 323132 $a Von Eckartsberg $b Benjamin $4 070
702    $3 16792542 $9 319950 $a Kummant $b von $4 440
702    $3 13551046 $9 75890 $o ISNI0000000121312618 $a Hohlbein $b Wolfgang $4 100
801  0 $a FR $b FR-751131015 $c 20090916 $g AFNOR $h FRBNF434759080000006 $2 intermrc
999    $a FRBNF434759080000006
995    $0 0 $2 0 $4 0 $5 2010-09-09 $9 257657 $P 13.00 $b MED $c MED $e MED0C $f C0005294638 $h AAPBDSR $k BD/SERIES $n 2024-06-08 $o 0 $p 13.00 $r PRETLIV $s BD_SERIES $w 31 $y 2024-05-18 $7 BD fugue

