02082na  a2200409 i 4500
001 224771
003 http://www.mediathequederoubaix.fr/ark:/20179/KH224771
005 20240515023733.0
010    $a 978-2-89579-231-4 $b Br.
035    $a HZ_BTL0000165625
090    $a 224771
091    $a 2 $b 20240515 $c 0
099    $t LI $c 2014-06-30 $d 2024-05-15 $x 18
100    $a 20100702d2009    d  |0frey5003||||ba
101    $a fre
102    $a FR
105    $a         0||||
200    $a La natation $f Crossingham, John $g Walker, Niki $g Rouse, Bonna $g Gauthier, Anne-Marie
210    $a Montréal $c BAYARD CANADA LIVRES $d 2009
215    $e 32 p. : ill. en coul. ; 24 cm.
225 2  $a Sans limites
305    $a Traduction de: Swimming in action.
330    $a La natation est l'une des activités les plus appréciées dans le monde entier. Certaines personnes nagent pour faire de l'exercice, d'autres pour participer à des compétitions, mais la plupart le font pour le plaisir, tout simplement ! Peu importe les raisons, il est important d'apprendre à nager, car cela peut nous sauver la vie ou celles des autres ! En plus d'expliquer les différents types de nage et les techniques pour flotter et contrôler sa respiration, ce livre décrit les règles et la sécurité entourant ce sport.
333    $a A partir de 9 ans
339    $a a
345    $b 9782895792314
410    $t Sans limites
606 0  $a Natation $x Ouvrages pour la jeunesse $2 rameau
676    $a 797.21
700    $7 ba0yba0y $8 fre    $a Crossingham $b John $f 1974-.... $3 15587888 $4 070 $9 17723
701    $7 ba0yba0y $8 fre    $a Walker $b Niki $3 16260536 $4 070 $9 119867
702  1 $4 730 $a Gauthier $b Anne-Marie
702    $7 ba0yba0y $8 fre    $a Rouse $b Bonna $3 15623068 $4 440 $9 99750
801  3 $a CA $b BTLF $c 20100702 $g AFNOR
830    $a BTLFextmes100910 20100910
856 4  $u http://www.electre.com//GetBlob.ashx?Ean=9782895792314,1-165625&Size=Original
995    $0 0 $2 0 $4 0 $5 2013-07-11 $9 257841 $P 11.15 $b MED $c MED $e MED2A $f C0005546404 $h JDT60ZZ $k E/697 NAT $o 0 $p 11.15 $r PRETLIV $s E_697_000000000000000_NAT $w 14 $y 2024-04-22 $7 Bateau Livre

