02034cam a2200445   4500
001 225062
003 http://www.mediathequederoubaix.fr/ark:/20179/KH225062
010    $a 978-2-13-058267-0 $b br. $d 9 EUR
020    $a FR $b 01032729
033    $a http://catalogue.bnf.fr/ark:/12148/cb42217456q
035    $a FRBNF422174560000006
073  0 $a 9782130582670
090    $a 225062
091    $b 20240515 $c 1 $a 2
099    $t LI $c 2014-06-30 $d 2024-05-15 $x 7
100    $a 20100610d2010    m  y0frey50      ba
101 0  $a fre
102    $a FR
105    $a ||||z   00|y|
106    $a r
181  0 $6 01 $a i  $b xxxe  
181    $6 02 $c txt $2 rdacontent
182  0 $6 01 $a n
182    $6 02 $c n $2 rdamedia
200 1  $a Histoire de la presse $b Texte imprimé $f Pierre Albert,...
205    $a 11e éd. mise à jour
210    $a Paris $c Presses universitaires de France $d 2010 $e 53-Mayenne $g Impr. Jouve
215    $a 1 vol. (127 p.) $c couv. ill. $d 18 cm
225    $a Que sais-je ? $e histoire-géographie $v 368
300    $a Bibliogr. p. 125-126
330    $a Reprend l'histoire des périodiques, des feuilles volantes à périodicité variable et de la Gazette de Théophraste Renaudot à nos journaux contemporains. L'ouvrage montre la manière dont les journaux sont témoins et acteurs de la vie nationale et internationale, et précise le rôle qu'ils ont joué dans l'évolution de la société.
339    $a m
410  0 $0 34234478 $t Que sais-je ? $x 0768-0066 $v 368
606    $3 13318369 $9 12632 $a Presse $3 11934444 $9 494 $x Histoire $2 rameau
676    $a 070.9 $v 23
686    $a 070 $2 Cadre de classement de la Bibliographie nationale française
700    $3 11990794 $9 12633 $o ISNI0000000122809052 $a Albert $b Pierre $f 1930-2018 $4 070
801  0 $a FR $b FR-751131015 $c 20100610 $g AFNOR $h FRBNF422174560000006 $2 intermrc
999    $a FRBNF422174560000006
995    $0 0 $2 0 $4 0 $5 2010-10-28 $9 258133 $P 9.00 $b MED $c MED $e MED3A $f C0005299743 $h ACFSSZZ $k Doc./311.2 IMP $o 0 $p 9.00 $r PRETLIV $s DOC___311_200000000000000_IMP $w 13 $y 2023-01-13 $7 Furet du Nord - Roubaix

