02243cam a2200469   4500
001 225193
003 http://www.mediathequederoubaix.fr/ark:/20179/KH225193
010    $a 978-2-603-01696-1 $b br. $d 11 EUR
020    $a FR $b 01062694
033    $a http://catalogue.bnf.fr/ark:/12148/cb42300449q
035    $a FRBNF423004490000009
073  0 $a 9782603016961
090    $a 225193
091    $b 20240515 $c 1 $a 2
099    $t LI $c 2014-06-30 $d 2024-05-15 $x 17
100    $a 20101020d2010    a  y0frey50      ba
101 0  $a fre
102    $a FR
105    $a ||||z   00|y|
106    $a r
181  0 $6 01 $a i  $b xxxe  
181    $6 02 $c txt $2 rdacontent
182  0 $6 01 $a n
182    $6 02 $c n $2 rdamedia
200 1  $a Toutes les bêtises sur la nature que les grands racontent aux enfants $b Texte imprimé $f François Lasserre $g et [illustré par] Roland Garrigue
210    $a [Paris] $c Delachaux et Niestlé jeunesse $d impr. 2010 $e impr. en Espagne
215    $a 1 vol. (127 p.) $c ill. en coul., couv. ill. en coul. $d 18 cm
330    $a Cet album revient avec humour sur plus de 100 idées reçues sur les animaux et la nature.
339    $a a
606    $3 11932869 $9 17630 $7 ba0yba0y $8 fre    $a Animaux $3 12042408 $9 314947 $x Ouvrages pour la jeunesse $2 rameau $9 17630
606    $3 11975338 $9 50609 $a Questions et réponses $x Ouvrages pour la jeunesse $2 rameau
606    $3 11932869 $9 17630 $a Animaux $2 rameau
608    $3 12042408 $9 314947 $a Ouvrages pour la jeunesse $2 rameau
608    $3 12651485 $9 81830 $a Questions et réponses $2 rameau
608    $a Documentaires : sciences et techniques $2 CNLJ $k Avis critique donné par le Centre national de la littérature pour la jeunesse
676    $a 590.83 $v 23
686    $a 590 $2 Cadre de classement de la Bibliographie nationale française
700    $3 15526181 $9 104739 $o ISNI0000000002500990 $a Lasserre $b François $f 1968-.... $4 070
702    $3 15500901 $9 82954 $o ISNI0000000115704551 $a Garrigue $b Roland $f 1979-.... $4 440
801  0 $a FR $b FR-751131015 $c 20101020 $g AFNOR $h FRBNF423004490000009 $2 intermrc
999    $a FRBNF423004490000009
995    $0 1 $2 0 $4 0 $5 2010-09-28 $9 258294 $P 11.00 $b MED $c MED $e MED2A $f C0005113735 $h JDT50ZZ $k E/500 NAT $o 4 $p 11.00 $r PRETLIV $s E_500_000000000000000_NAT $w 24 $y 2022-12-21 $7 Bateau Livre

