01784cam a2200445   4500
001 225333
003 http://www.mediathequederoubaix.fr/ark:/20179/KH225333
010    $a 978-2-268-06974-6 $b br. $d 18 EUR
020    $a FR $b 01048564
033    $a http://catalogue.bnf.fr/ark:/12148/cb42262992s
035    $a FRBNF422629920000005
073  0 $a 9782268069746
090    $a 225333
091    $b 20240515 $c 1 $a 2
099    $t LI $c 2014-06-30 $d 2024-05-15 $x 8
100    $a 20100827d2010    m  y0frey50      ba
101 0  $a fre
102    $a MC
105    $a ||||z   00|y|
106    $a r
181  0 $6 01 $a i  $b xxxe  
181    $6 02 $c txt $2 rdacontent
182  0 $6 01 $a n
182    $6 02 $c n $2 rdamedia
200 1  $a Joe Dassin $b Texte imprimé $e derniers secrets $f Robert Toutan
210    $a Monaco $a [Paris] $c Éd. du Rocher $d impr. 2010 $e 53-Mayenne $g Impr. Floch
215    $a 1 vol. (231 p.-[8] p. de pl.) $c ill. en noir et en coul., couv. ill. $d 22 cm
300    $a La couv. porte en plus : "30 ans déjà", "document"
300    $a Discogr. p. 173-230
330    $a Un portrait du chanteur dressé par son attaché de presse.
339    $a m
600    $3 12656442 $9 5114 $a Dassin $b Joe $f 1938-1980 $2 rameau
608    $3 11935764 $9 107 $a Biographie $2 rameau
676    $a 782.421 64092 $v 23
679    $a 786.1
686    $a 920 $2 Cadre de classement de la Bibliographie nationale française
700    $3 15789199 $9 104770 $o ISNI0000000004852295 $a Toutan $b Robert $f 1939-.... $4 070
801  0 $a FR $b FR-751131015 $c 20100827 $g AFNOR $h FRBNF422629920000005 $2 intermrc
999    $a FRBNF422629920000005
995    $0 0 $2 0 $4 0 $5 2010-09-25 $9 258453 $P 18.00 $b MED $c MED $e MED1A $f C0005297173 $h AMV80ZZ $k Doc./786.1 DAS $o 0 $p 18.00 $r PRETLIV $s DOC___786_100000000000000_DAS $w 14 $y 2022-08-31 $7 Furet du Nord - Roubaix

