01946cam a2200421   4500
001 225510
003 http://www.mediathequederoubaix.fr/ark:/20179/KH225510
010    $a 978-2-09-252838-9 $b rel. $d 6 EUR
020    $a FR $b 01064247
033    $a http://catalogue.bnf.fr/ark:/12148/cb423094414
035    $a FRBNF423094410000001
073  0 $a 9782092528389
090    $a 225510
091    $b 20240515 $c 1 $a 2
099    $t LI $c 2014-06-30 $d 2024-05-15 $x 3
100    $a 20101102d2010    a  y0frey50      ba
101 0  $a fre
102    $a FR
105    $a ||||z   00|a|
106    $a r
181  0 $6 01 $a i  $b xxxe  
181    $6 02 $c txt $2 rdacontent
182  0 $6 01 $a n
182    $6 02 $c n $2 rdamedia
200 1  $a La dernier roi crocodile $b Texte imprimé $f René Gouichoux, Sigrid Martinez
210    $a Paris $c Nathan $d DL 2010 $e impr. en Italie
215    $a 1 vol. (non paginé [25] p.) $c ill. en coul., couv. ill. en coul. $d 22 cm
225    $a Mes p'tites histoires $v 65
330    $a Pourquoi n'y a-t-il plus de crocodile en Bretagne ? A l'époque, en Bretagne, les crocodiles étaient rois. Mais le prince croco a eu le malheur de tomber amoureux fou d'une grenouille ! Scandale ! Comment sauver l'honneur des crocodiles ?
339    $a a
410  0 $0 40054882 $t Mes p'tites histoires $x 1775-7525 $v 65
608    $a Albums $2 CNLJ $k Avis critique donné par le Centre national de la littérature pour la jeunesse
686    $a 809 $2 Cadre de classement de la Bibliographie nationale française
700    $3 12728783 $9 15108 $o ISNI0000000035063723 $a Gouichoux $b René $f 1950-.... $4 070
701    $3 15949721 $9 104813 $o ISNI0000000054937799 $a Martinez $b Sigrid $f 1984-.... $4 070
801  0 $a FR $b FR-751131015 $c 20101102 $g AFNOR $h FRBNF423094410000001 $2 intermrc
999    $a FRBNF423094410000001
995    $0 0 $2 0 $4 0 $5 2010-10-12 $9 258662 $P 6.00 $b MED $c MED $e MED0A $f C0005311862 $h JRORMZZ $k EXT PRE R/GOU $o 0 $p 6.00 $r PRETLIV $s EXT_PRE_RGOU $w 5 $y 2024-04-17 $7 Bateau Livre

