01739ng  a2200349 n 4500
001 225656
003 http://www.mediathequederoubaix.fr/ark:/20179/KH225656
005 20240515025356.0
090    $a 225656
091    $a 1 $b 20240515 $c 0
099    $t VD $c 2014-06-30 $d 2024-05-15 $x 26
100    $a 20140630 2008         frey50        
101    $a fre
200    $a C'est pas sorcier : Histoires de pierres $b DVD
210    $a France $c France 3 $d 2008
215    $a 1 DVD (1h 45 min) $c coul., sonore
323    $a Interprètes : Frédéric Courant, Jamy Gourmaud et Sabine Quindou
327    $a Pont du gard et arène de nîmes : l'architecture gallo-romaine $a La cité de Carczssonne : les sorciers se décarcassent $a Sous le soleil de versailles $a Les fortifications de Vauban
345    $a Adav
600    $7 ba0yba0y $8 fre    $a Vauban $b Sébastien Le Prestre $f 1633-1707 $c marquis de $3 12016080 $9 35529 $x DVD pour la jeunesse $2 rameau $9 35529
606 0  $a Architecture $x DVD pour la jeunesse $2 rameau
606    $a Fortifications $x DVD pour la jeunesse $2 rameau
607 0  $a Carcassonne (Aude) $x Cité $x DVD pour la jeunesse $2 rameau
607    $a Pont du gard (gard) $x DVD pour la jeunesse $2 rameau
607    $a Versailles (Yvelines) $x Château $x DVD pour la jeunesse $2 rameau
676    $a 721
702    $7 ba0yba0y $8 fre    $a Quindou $b Sabine $3 14130372 $9 121593
702    $7 ba0yba0y $8 fre    $a Gourmaud $b Jamy $f 1970-.... $3 14102503 $9 121592
702    $7 ba0yba0y $8 fre    $a Courant $b Frédéric $f 1960-.... $3 14089584 $9 121591
801    $a FR $b 595126101 $c 20101026 $g AFNOR
339    $a a
995    $0 0 $2 0 $4 0 $5 2019-05-25 $9 394012 $b MED $c MED $e MED2A $f C3500009648 $h JCIDTZZ $k DVD/E 727 ABC $l Contient 1 DVD $o 0 $p 27.00 $r PRETDVD $s DVD_E_727_000000000000000_ABC $w 3 $y 2022-02-23 $A 0

