00900nj  a2200241 n 4500
001 225849
003 http://www.mediathequederoubaix.fr/ark:/20179/KH225849
005 20240515025429.0
071 01 $a 410 100 $b Tréma
090    $a 225849
091    $a 1 $b 20240515 $c 0
099    $t DV $c 2014-06-30 $d 2024-05-15 $x 0
100    $a 20140630              frey50        
101    $a fre
200    $a Nous $b Enr. sonore $f Hervé Vilard
215    $a 1 disque
327    $a Face B : L'amour au hasard
339    $a m
700    $7 ba0yba0y $8 fre    $a Vilard $b Hervé $f 1946-.... $3 13900852 $9 88636
801    $a FR $b 595126101 $c 20100929 $g AFNOR
930    $5 595126101:F DESD 17/1903 $b 595126101 $a F DESD17/1903 $e Fonds Patrice Desdoit
317    $a Collection de Patrice Desdoit
995    $0 0 $2 0 $4 0 $5 2010-09-29 $9 259091 $b MED $c MED $e MED2D $f F DESD 17/1903 $h PENPDZZ $k F DESD17/1903 $o 0 $r PRETSON $s F_DESD17_1903_000000000000000 $w 0 $y 2014-06-30

