00890nj  a2200241 n 4500
001 225976
003 http://www.mediathequederoubaix.fr/ark:/20179/KH225976
005 20240515030222.0
071 01 $a A7165 $b CBS
090    $a 225976
091    $a 1 $b 20240515 $c 0
099    $t DV $c 2014-06-30 $d 2024-05-15 $x 0
100    $a 20140630              frey50        
101    $a fre
200    $a Sur Minitel $b Enr. sonore $f Noé Willer
215    $a 1 disque
327    $a Face B : Hollywood
339    $a m
700    $7 ba0yba0y $8 fre    $a Willer $b Noë $f 1950-.... $3 13570552 $9 88028
801    $a FR $b 595126101 $c 20101001 $g AFNOR
930    $5 595126101:F DESD 17/1970 $b 595126101 $a F DESD17/1970 $e Fonds Patrice Desdoit
317    $a Collection de Patrice Desdoit
995    $0 0 $2 0 $4 0 $5 2010-10-01 $9 259227 $b MED $c MED $e MED2D $f F DESD 17/1970 $h PENPDZZ $k F DESD17/1970 $o 0 $r PRETSON $s F_DESD17_1970_000000000000000 $w 0 $y 2014-06-30

