02873nj  a22004572  4500
001 226116
003 http://www.mediathequederoubaix.fr/ark:/20179/KH226116
005 20240515030242.0
071 01 $a 4782249 $b Decca
090    $a 226116
091    $a 1 $b 20240515 $c 0
099    $t DC $c 2014-06-30 $d 2024-05-15 $x 8
100    $a 20101006f20102010m  y0frey5003    ba
101    $a fre
200    $a Sospiri $b Enr. sonore $f Georg Friedrich Handel, Germiniano Giacomelli, Antonio Vivaldi, Antonio Caldara...[et al.], comp. $g Cecilia Bartoli, MS
210    $d P 2010
215    $a 2 d.c. $e 1 Livre (54 p.; 12 cm)
327    $a CD 1 : Ombra mai fu / Handel $a Sposa, non mi conosci / Giacomelli $a Lascia la spina / Handel $a Gelido in ogni vena / Vivaldi $a Quel buon pastor son io / Caldara $a Cervo in bosco / Vinci $a Voi che sapete / Mozart $a Là ci darem la mano / $a Ah! non credea mirarti / Bellini $a Ah ritorna, età dell'oro / Mendelssohn $a Cari giorni a me sereni / Persiani $a Una voce poco fa / Rossini $a Casta diva / Bellini $a Tutto tace / Mascagni $a CD 2 : Qui sedes / Bach $a Laudate dominum / Mozart $a Fac ut portem / Rossini $a Avé Maria / Gounod - Bach $a Pie jesu / Duruflé $a Panis angelicus / Franck $a Pie jesu / Fauré
339    $a m
345    $a CDMAIL $b 0028947822493
606    $7 ba0yba0y $8 fre    $a Mezzo-sopranos $3 12524075 $9 39866 $x Disques $2 rameau $9 39866
679    $a 3.99
700    $7 ba0yba0y $8 freger $a Händel $b Georg Friedrich $f 1685-1759 $3 13987321 $9 2308
701  1 $a Giacomelli $b Germiniano $f 1692-1742
701  1 $7 ba0yba0y $8 fre    $a Bellini $b Vincenzo $f 1801-1835
701  1 $a Persiani $b Giuseppe $f 1799-1869
701  1 $a Fauré $b Gabriel $f 1845-1924
701    $3 13984603 $7 ba0yba0y $8 fre    $a Mendelssohn Bartholdy $b Felix $f 1809-1847 $9 3002
701    $3 13900896 $7 ba0yba0y $8 fre    $a Vivaldi $b Antonio $f 1678-1741 $9 655
701    $3 13892076 $7 ba0yba0y $8 fre    $a Caldara $b Antonio $f 1671?-1736 $9 650
701    $7 ba0yba0y $8 fre    $a Mascagni $b Pietro $f 1863-1945 $3 13897174 $9 11539
701    $7 ba0yba0y $8 fre    $a Rossini $b Gioachino $f 1792-1868 $x Bibliothèque $3 13568485 $2 rameau $9 3242
701    $7 ba0yba0y $8 fre    $a Duruflé $b Maurice $f 1902-1986 $3 13893537 $9 7948
701    $7 ba0yba0y $8 fre    $a Franck $b César $f 1822-1890 $3 13894116 $9 3027
701    $3 11889790 $7 ba0yba0y $8 fre    $a Bach $b Johann Sebastian $f 1685-1750 $9 680
701    $7 ba0yba0y $8 fre    $a Gounod $b Charles $f 1818-1893 $3 13894638 $9 3026
701    $7 ba0yba0y $8 frefre $a Léonard de Vinci $f 1452-1519 $3 11912491 $9 6987
702    $3 13925668 $7 ba0yba0y $8 fre    $a Bartoli $b Cecilia $f 1966-.... $9 651
701    $7 ba0yba0y $8 fre    $a Mozart $b Wolfgang Amadeus $f 1756-1791 $3 12214860 $2 rameau $9 2292
801  0 $a FR $b CDMAIL $c 20101012 $g AFNOR
995    $0 0 $2 0 $4 0 $5 2010-10-07 $9 259375 $P 15.66 $b MED $c MED $e MED3C $f C0005150541 $h AMV30ZZ $k DC/3.99 BAR CHANT $l contient 2 DC + 1 livret $o 0 $p 15.66 $r PRETSON $s DC_3_990000000000000_BAR_CHANT $w 35 $y 2019-10-02 $7 CDMail

