01663cam a2200373   4500
001 226316
003 http://www.mediathequederoubaix.fr/ark:/20179/KH226316
010    $a 978-2-07-013047-4 $b br. $d 16,90 EUR
020    $a FR $b 01047735
033    $a http://catalogue.bnf.fr/ark:/12148/cb42252394m
035    $a FRBNF422523940000003
073  0 $a 9782070130474
090    $a 226316
091    $b 20240515 $c 1 $a 2
099    $t LI $c 2014-06-30 $d 2024-05-15 $x 5
100    $a 20100809d2010    m  y0frey50      ba
101 0  $a fre
102    $a FR
105    $a ||||z   00|a|
106    $a r
181  0 $6 01 $a i  $b xxxe  
181    $6 02 $c txt $2 rdacontent
182  0 $6 01 $a n
182    $6 02 $c n $2 rdamedia
200 1  $a Photo-photo $b Texte imprimé $e roman $f Marie Nimier
210    $a [Paris] $c Gallimard $d impr. 2010 $e 53-Mayenne $g Impr. Floch
215    $a 1 vol. (211 p.) $d 21 cm
330    $a Comme d'autres écrivains, une femme se rend chez Karl Lagerfeld pour se faire photographier. En l'attendant, elle se met à rêver, divaguer d'une image à l'autre. Quand la photo sort dans Paris Match, elle reçoit une lettre d'une vieille dame lui demandant où elle a acheté les chaussures vertes qu'elle porte sur la photographie.
339    $a m
686    $a 803 $2 Cadre de classement de la Bibliographie nationale française
700    $3 12039610 $9 4957 $o ISNI0000000114467021 $a Nimier $b Marie $f 1957-.... $4 070
801  0 $a FR $b FR-751131015 $c 20100809 $g AFNOR $h FRBNF422523940000003 $2 intermrc
999    $a FRBNF422523940000003
995    $0 0 $2 0 $4 0 $5 2010-10-08 $9 259591 $P 16.90 $b MED $c MED $e MED1A $f C0005114943 $h ALTROZZ $k R/NIM $o 0 $p 16.90 $r PRETLIV $s RNIM $w 14 $y 2023-02-17 $7 Alize-SFL

