00673nas a2200229 n 4500
001 226565
003 http://www.mediathequederoubaix.fr/ark:/20179/KH226565
005 20181116135206.0
011    $a 0396-0862
033    $a http://catalogue.bnf.fr/ark:/12148/cb342437671
090    $a 226565
091    $a 0
099    $t PE $c 2014-06-30 $d 2014-06-30 $x 0
100    $a          1973         frey5003    ba
101    $a    
102    $a   
200    $a Les belles histoires $f dir. de publ Alain Cordier
210    $a Paris $c Bayard $d [1973]-
326    $a Mensuel
339    $a m
606 0  $9 66469 $7 ba0yba0y $8 fre    $a Périodiques pour la jeunesse
801    $a FR $b 595126101 $c 20101021 $g AFNOR

