04252cam a2200589   4500
001 226718
003 http://www.mediathequederoubaix.fr/ark:/20179/KH226718
010    $a 978-2-278-06496-0 $b rel. $d 11 EUR
020    $a FR $b 01061566
033    $a http://catalogue.bnf.fr/ark:/12148/cb422821800
035    $a FRBNF422821800000008
073  0 $a 9782278064960
090    $a 226718
091    $b 20240515 $c 1 $a 2
099    $t LI $c 2014-06-30 $d 2024-05-15 $x 337
100    $a 20100930d2010    a  y0frey50      ba
101 0  $a fre
102    $a FR
105    $a ||||z   00|a|
106    $a r
181  0 $6 01 $a i  $b xxxe  
181    $6 02 $c txt $2 rdacontent
182  0 $6 01 $a n
182    $6 02 $c n $2 rdamedia
200 1  $a Boucle d'or et les trois ours $b Texte imprimé $f une histoire contée par Jean-Louis Le Craver $g illustrée par Irène Bonacina
210    $a Paris $c Didier jeunesse $d impr. 2010 $e 18-Saint-Amand-Montrond $g Impr. Clerc
215    $a 1 vol. (non paginé [18] p.) $c ill. en coul., couv. ill. en coul. $d 23 x 24 cm
225    $a À petits petons
321    $a La Revue des livres pour enfants $x 0398-8384
329    $c Intéressant $d 20101004 $f EC $2 CNLJ $k Avis critique donné par le Centre national de la littérature pour la jeunesse
330    $a Boucle d'or s'aventure seule dans la forêt, s'y perd et voit une jolie maison dans laquelle elle entre. De tous les meubles présents, seul le plus petit lit est à sa taille. Elle s'y endort. Les propriétaires, trois ours, la découvrent à leur retour. Paniquée, elle s'échappe en courant.
339    $a a
410  0 $0 36591530 $t À petits petons $x 1292-1122 $d 2010
608    $a Contes, légendes et folklore $2 CNLJ $k Avis critique donné par le Centre national de la littérature pour la jeunesse
686    $a 809 $2 Cadre de classement de la Bibliographie nationale française
700    $3 14057194 $9 299724 $o ISNI0000000121202136 $a Le Craver $b Jean-Louis $f 1941-.... $4 070
702    $3 15981660 $9 105012 $o ISNI0000000122822898 $a Bonacina $b Irène $4 440
801  0 $a FR $b FR-751131015 $c 20100930 $g AFNOR $h FRBNF422821800000008 $2 intermrc
999    $a FRBNF422821800000008
995    $0 0 $2 0 $4 0 $5 2010-10-23 $9 260078 $P 11.00 $b MED $c MED $e MED0A $f C0005161186 $h JABCTPE $k EXT PE C/LEC $n 2024-07-04 $o 0 $p 11.00 $r PRETLIV $s EXT_PE_C_LEC $w 15 $y 2023-09-01 $7 Bateau Livre
995    $0 0 $2 0 $4 0 $5 2013-10-02 $9 260079 $P 11.50 $b MED $c MED $e MED0A $f C0005860234 $h JABCTPE $k EXT PE C/LEC $n 2024-06-28 $o 0 $p 11.50 $r PRETLIV $s EXT_PE_C_LEC $w 25 $y 2024-05-15 $7 Bateau Livre $8 MA018A
995    $0 0 $2 0 $4 0 $5 2011-01-04 $9 260080 $P 11.00 $b MED $c MED $e MED0A $f C0005180392 $h JABCTPE $k EXT PE C/LEC $n 2024-07-04 $o 0 $p 11.00 $r PRETLIV $s EXT_PE_C_LEC $w 41 $y 2023-09-02 $7 Bateau Livre
995    $0 0 $2 0 $4 0 $5 2013-10-02 $9 260082 $P 11.50 $b MED $c MED $e MED0A $f C0005860227 $h JABCTPE $k EXT PE C/LEC $o 0 $p 11.50 $r PRETLIV $s EXT_PE_C_LEC $w 30 $y 2024-04-19 $7 Bateau Livre $8 MA0M05
995    $0 0 $2 0 $4 0 $5 2015-01-07 $9 316564 $P 11.00 $b MED $c MED $e MED0A $f C0005746064 $h JABCTPE $k EXT PE C/LEC $n 2024-07-05 $o 0 $p 11.00 $r PRETLIV $s EXT_PE_C_LEC $w 9 $y 2023-09-01
995    $0 0 $2 0 $4 0 $5 2016-01-15 $9 334806 $P 11.00 $b MED $c MED $e MED0A $f C1300001391 $h JABCTEF $k EXT E C/LEC $n 2024-06-29 $o 0 $p 11.00 $r PRETLIV $s EXT_E_C_LEC $w 5 $y 2022-08-25
995    $0 0 $2 0 $4 0 $5 2016-06-01 $9 342035 $P 11.00 $b MED $c MED $e MED0A $f C2100005990 $h JABCTEF $k EXT E C/LEC $o 0 $p 11.00 $r PRETLIV $s EXT_E_C_LEC $w 16 $y 2024-02-21
995    $0 0 $2 0 $4 0 $5 2016-06-01 $9 342036 $P 11.00 $b MED $c MED $e MED0A $f C2100005991 $h JABCTEF $k EXT E C/LEC $n 2024-07-12 $o 0 $p 11.00 $r PRETLIV $s EXT_E_C_LEC $w 13 $y 2023-09-21
995    $0 0 $2 1 $4 0 $5 2016-06-03 $9 342236 $P 11.00 $b MED $c MED $e MED0A $f C2100005966 $h JABCTEF $k EXT E C/LEC $n 2022-06-30 $o 0 $p 11.00 $r PRETLIV $s EXT_E_C_LEC $w 4 $y 2020-09-26
995    $0 0 $2 0 $4 0 $5 2020-09-08 $9 413915 $P 11.00 $b MED $c MED $e MED0A $f C3500011761 $h JABCTPE $k EXT PE C/LEC $n 2024-06-25 $o 0 $p 11.00 $r PRETLIV $s EXT_PE_C_LEC $w 16 $y 2024-04-17 $8 MA0A6
995    $0 0 $2 0 $4 0 $5 2021-12-21 $9 437205 $b MED $c MED $e MED2A $f C2500025810 $h JABCTPE $k PE C $n 2024-06-11 $o 0 $p 12.50 $r PRETLIV $s PE_C $w 24 $y 2024-04-30
995    $0 3 $2 1 $4 0 $5 2022-03-11 $9 440907 $P 12.50 $b BUS $c BUS $e BUS1A $f C3500015307 $h JABCTEF $k BUS E C $n 2023-03-14 $o 4 $r PRETLIV $s BUS_E_C $w 6 $y 2023-02-21
995    $0 0 $2 0 $4 0 $5 2023-07-20 $9 463686 $P 12.50 $b MED $c MED $e MED0A $f C3500018514 $h JABCTPE $k EXT PE C/LEC $o 0 $r PRETLIV $s EXT_PE_C_LEC $w 0 $y 2023-07-20

