01914cam a2200397   4500
001 226851
003 http://www.mediathequederoubaix.fr/ark:/20179/KH226851
010    $a 978-2-7560-1550-7 $b rel. $d 13,50 EUR
020    $a FR $b 01053237
033    $a http://catalogue.bnf.fr/ark:/12148/cb42273599j
035    $a FRBNF422735990000002
073  0 $a 9782756015507
090    $a 226851
091    $b 20240515 $c 1 $a 2
099    $t LI $c 2014-06-30 $d 2024-05-15 $x 7
100    $a 20100920d2010    m  y0frey50      ba
101 0  $a fre
102    $a FR
105    $a ||||t   00|a|
106    $a r
181  0 $6 01 $a i  $b xxxe   $a b  $b xb2e  
181    $6 02 $c txt $c sti $2 rdacontent
182  0 $6 01 $a n
182    $6 02 $c n $2 rdamedia
200 1  $a Pouvoirs $b Texte imprimé $f Corbeyran, scénario $g Richard Guérineau, dessin $g Luca Malisan, Gotem Studio, couleurs
210    $a [Paris] $c Delcourt $d impr. 2010 $e impr. en Belgique
215    $a 1 vol. (51 p.) $c ill. en coul., couv. ill. en coul. $d 32 cm
225 19 $a Le chant des stryges $e saison 3 $v 13
330    $a Sept années se sont écoulées, au cours desquelles Debrah est devenue l'héritière du trône de Sandor G. Weltman. Elle dispose d'une immense fortune et d'une équipe ultracompétente mais sa position concernant le sort des Stryges n'est pas limpide. Certains événements récents incitent à penser qu'elle a choisi de les affronter...
339    $a m
686    $a 805 $2 Cadre de classement de la Bibliographie nationale française
700    $3 12192329 $9 308486 $o ISNI0000000121356928 $a Corbeyran $f 1964-.... $4 070
701    $3 13189027 $9 59899 $o ISNI0000000121420600 $a Guérineau $b Richard $4 070
801  0 $a FR $b FR-751131015 $c 20100920 $g AFNOR $h FRBNF422735990000002 $2 intermrc
999    $a FRBNF422735990000002
995    $0 0 $2 0 $4 0 $5 2010-11-04 $9 260298 $P 13.50 $b MED $c MED $e MED3H $f C0005116343 $h AAPBDSR $k BD/SERIES $o 0 $p 13.50 $r PRETLIV $s BD_SERIES $w 33 $y 2022-07-30 $7 BD fugue

