01228nam a2200313 n 4500
001 227027
003 http://www.mediathequederoubaix.fr/ark:/20179/KH227027
005 20181116135210.0
010    $a 978-2-8129-0165-2
033    $a http://catalogue.bnf.fr/ark:/12148/cb423311728
090    $a 227027
091    $a 0
099    $t LI $c 2014-06-30 $d 2014-06-30 $x 0
100    $a          2010         frey5003    ba
101    $a fre
102    $a   
200    $a Les abécédaires $e mots et merveilles $f Jean Duvallon
210    $a [Riom (Puy-de-Dôme)] $c De Borée $d 2010
215    $a 189-[3] p. $c ill. en noir et en coul., couv. ill. en coul. $d 26 cm
225    $a La mémoire du temps
320    $a Bibliogr.
339    $a m
410    $t La mémoire du temps
606 0  $9 259381 $a Abécédaires $x Ouvrages illustrés
606 0  $9 261147 $a Abécédaires $x Histoire
700  1 $9 291421 $a Duvallon $b Jean $f 1946-....
801    $a FR $b 595126101 $c 20101223 $g AFNOR
930    $5 595126101:c0004157249 $b 595126101 $a MAG L/P 8/116 646 $e Fonds patrimonial
995    $0 0 $2 0 $4 0 $5 2010-10-26 $9 260473 $P 26.00 $b MED $c MED $e MED3I $f c0004157249 $h PPEFGZZ $k MAG L/P 8/116 646 $o 2 $p 26.00 $r PRETLIV $s MAG_LP_8116_646000000000000 $w 0 $y 2014-06-30 $7 Furet du Nord - Roubaix

