00982nam a2200265 n 4500
001 227131
003 http://www.mediathequederoubaix.fr/ark:/20179/KH227131
005 20181116135211.0
090    $a 227131
091    $a 0
099    $t LI $c 2014-06-30 $d 2014-06-30 $x 0
100    $a          1901         frey5003    ba
101    $a fre
102    $a   
200    $a L' héritage du cousin Corentin $f par Jeanne de Coulomb
210    $a Paris $a Lille $c A. Taffin-Lefort $d 1901
215    $a 302 p. $c ill., couv. ill. $d 27 cm
300    $a Don de M. Quiquempois, octobre 2010
310    $a Cartonnage d'éd. ill.
339    $a m
700  1 $9 218601 $a Coulomb $b Jeanne de
702  1 $9 218598 $4 320 $a Quiquempois
801    $a FR $b 595126101 $c 20101207 $g AFNOR
930    $5 595126101:C0005093202 $b 595126101 $a MAG L/P 4/210 071 $e Fonds patrimonial
995    $0 0 $2 0 $4 0 $5 2010-10-30 $9 260576 $b MED $c MED $e MED3J $f C0005093202 $h PPEFGZZ $k MAG L/P 4/210 071 $o 2 $r PRETLIV $s MAG_LP_4210_071000000000000 $w 0 $y 2014-06-30 $7 Don

