01816nj  a2200277 n 4500
001 227296
003 http://www.mediathequederoubaix.fr/ark:/20179/KH227296
005 20240515032010.0
090    $a 227296
091    $a 1 $b 20240515 $c 0
099    $t DC $c 2014-06-30 $d 2024-05-15 $x 0
100    $a 20140630 2006         frey50        
101    $a fre
200    $a Piano et bombarde $b Enr. sonore $f Germain Desbonnet & Gregory Le Lan
210    $a Roubaix (Nord), France $d P 2006
215    $a 1 d.c. $e 1 Livret (n.p.; 12 cm)
305    $a Enregistrée chez le compositeur
323    $a Germain Desbonnet, comp., p ; Grégory Le Lan, bombarde
327    $a "Allâhou Akbar" (Dieu est Grand) - Sonate arabo-andalouse : 1er mouvement : Le chant du muezzin (appel à la prière) $a 2 è mouvement : Le jardin des poètes $a 3 è mouvement : Al madina (la vieille ville) $a Prière n&lt;U+00B0&gt;1 "Illumination" $a Etude n&lt;U+00B0&gt;2 "Trajectoire vers l'infini" $a Maghreb III "Marrakech" $a Ce jour si plein de joie (sur un cantique de Noël) $a Chant de déploration de "La bataille du Roi Morvan" $a Chevauchée vers les Iles Fortunées" $a 10 - 12 : 2è concerto pour bombarde & piano $a En supplément : MI seconde version de Manipura chakra des "7 Toccata sur les chakras pour piano" de Germain Desbonnet interprétée par lui-même
339    $a m
700    $7 ba0yba0y $8 fre    $a Desbonnet $b Germain $f 1938-2007 $3 13617226 $9 291430
701    $7 ba0yba0y $8 fre    $a Le Lan $b Grégory $f 1977-.... $3 15026164 $9 105173
702  1 $a Desbonnet $b Elisa $c donatrice
801    $a FR $b 595126101 $c 20101117 $g AFNOR
930    $5 595126101:C0005086899 $b 595126101 $a FLRSON DC/2355 $e Fonds local et régional sonore
995    $0 0 $2 0 $4 0 $5 2010-11-06 $9 260766 $P 10.00 $b MED $c MED $e MED3C $f C0005086899 $h PENRSZZ $k FLRSON DC/2355 $o 2 $p 10.00 $r PRETSON $s FLRSON_DC2355 $w 0 $y 2014-06-30

