01845ng  a2200313 n 4500
001 227413
003 http://www.mediathequederoubaix.fr/ark:/20179/KH227413
005 20240515032701.0
090    $a 227413
091    $a 1 $b 20240515 $c 0
099    $t VD $c 2014-06-30 $d 2024-05-15 $x 32
100    $a 20140630 1998         frey50        
101    $a eng $a ger $a fre
200    $a Arlington road $b DVD $f Mark Pellington, réal. $g Ehren Kruger, scénario
210    $a Etats-Unis $c Universal Pictures $d 1998
215    $a 1 DVD ( 1 h 55 min ) $c coul., sonore
305    $a Versions en anglais, allemand et français
323    $a Interprètes : Jeff Bridges, Tim Robbins, Hope Davis...[et al.]
330    $a Arlington Road est une rue tranquille de la banlieue de Washington. Michael Faraday, professeur d'histoire, est l'un des riverains de ce quartier tranquille. Sous des apparences sereines, il se remet difficilement de la mort de sa femme, agent du FBI, morte deux ans auparavant à la suite d'une bavure. Son fils Grant est également hanté par le souvenir de sa mère. Ils sympathisent avec leurs nouveaux voisins, les Lang, famille modèle qui vient d'aménager dans le pavillon d'en face. Mais Michael est vite intrigué par le comportement de M. Lang...
339    $a m
345    $a Adav
606 0  $a Cinéma $y États-Unis $z 1990-.... $x DVD $2 rameau
700  1 $4 300 $a Pellington $b Mark
702  1 $a Davis $b Hope
702  1 $7 ba0yba0y $8 fre    $3 14111633 $9 122396 $4 690 $7 ba0yba0y $8 fre    $a Kruger $b Ehren $f 1972-....
702    $7 ba0yba0y $8 fre    $a Bridges $b Jeff $f 1949-.... $3 13930065 $9 79438
702    $7 ba0yba0y $8 fre    $a Robbins $b Tim $f 1958-.... $3 13954482 $9 4275
801    $a FR $b 595126101 $c 20101207 $g AFNOR
995    $0 0 $2 0 $4 0 $5 2010-11-24 $9 260883 $P 33.48 $b MED $c MED $e MED1A $f C0005153816 $h AAPCIFI $k DVD/F PEL $o 0 $p 33.48 $r PRETDVD $s DVD_F_PEL $w 56 $y 2023-08-01 $7 ADAV

