00789na  a2200217 n 4500
001 227561
003 http://www.mediathequederoubaix.fr/ark:/20179/KH227561
005 20240515032741.0
010    $a 0-141-00872-2
090    $a 227561
091    $a 2 $b 20240515 $c 0
099    $t LI $c 2014-06-30 $d 2024-05-15 $x 3
100    $a          2001         frey5003    ba
101    $a eng
200    $a The Rotter's Club $f jonathan Coe
210    $a London $c Penguin Books $d 2001
215    $a 405 p. $c couv. ill. en coul. $d 18 x 11 cm
339    $a m
700    $7 ba0yba0y $8 fre    $a Coe $b Jonathan $f 1961-.... $3 12245509 $4 070 $9 71491
801    $a FR $b 595126101 $c 20121013 $g AFNOR
995    $0 0 $2 0 $4 0 $5 2010-11-16 $9 261036 $P 8.20 $b MED $c MED $e MED3A $f C0005117331 $h ACFLALE $k ANGLAIS/R COE $o 0 $p 8.20 $r PRETLIV $s ANGLAISR_COE $w 5 $y 2016-06-29

