00930nj  a2200241 n 4500
001 227686
003 http://www.mediathequederoubaix.fr/ark:/20179/KH227686
005 20240515032815.0
071 01 $a 2C008-07429 $b Pathé Marconi
090    $a 227686
091    $a 1 $b 20240515 $c 0
099    $t DV $c 2014-06-30 $d 2024-05-15 $x 0
100    $a 20140630              frey50        
101    $a fre
200    $a Morning train (nine to five) $b Enr. sonore $f Sheena Easton
215    $a 1 disque
327    $a Face B : Modern girl
339    $a m
700    $7 ba0yba0y $8 fre    $a Easton $b Sheena $f 1959-.... $3 13893571 $9 14610
801    $a FR $b 595126101 $c 20101118 $g AFNOR
930    $5 595126101:F DESD 17/2475 $b 595126101 $a F DESD17/2475 $e Fonds Patrice Desdoit
317    $a Collection de Patrice Desdoit
995    $0 0 $2 0 $4 0 $5 2010-11-18 $9 261171 $b MED $c MED $e MED2D $f F DESD 17/2475 $h PENPDZZ $k F DESD17/2475 $o 0 $r PRETSON $s F_DESD17_2475_000000000000000 $w 0 $y 2014-06-30

