00873nj  a2200241 n 4500
001 227886
003 http://www.mediathequederoubaix.fr/ark:/20179/KH227886
005 20240515033531.0
071 01 $a SG.181 $b Disc'AZ
090    $a 227886
091    $a 1 $b 20240515 $c 0
099    $t DV $c 2014-06-30 $d 2024-05-15 $x 0
100    $a 20140630              frey50        
101    $a fre
200    $a Susans tuba $b Enr. sonore $f Freddie & the Dreamers
215    $a 1 disque
327    $a Face B : She needs me
339    $a m
710 02 $a Freddie & the Dreamers
801    $a FR $b 595126101 $c 20101119 $g AFNOR
930    $5 595126101:F DESD 17/2524 $b 595126101 $a F DESD17/2524 $e Fonds Patrice Desdoit
317    $a Collection de Patrice Desdoit
995    $0 0 $2 0 $4 0 $5 2010-11-19 $9 261371 $b MED $c MED $e MED2D $f F DESD 17/2524 $h PENPDZZ $k F DESD17/2524 $o 0 $r PRETSON $s F_DESD17_2524_000000000000000 $w 0 $y 2014-06-30

