00911nj  a2200241 n 4500
001 227995
003 http://www.mediathequederoubaix.fr/ark:/20179/KH227995
005 20240515033545.0
071 01 $a 887 175-7 $b Polydor
090    $a 227995
091    $a 1 $b 20240515 $c 0
099    $t DV $c 2014-06-30 $d 2024-05-15 $x 0
100    $a 20140630              frey50        
101    $a fre
200    $a I maschi $b Enr. sonore $f Gianna Nannini
215    $a 1 disque
327    $a Face 2 : I maschi (mini-maxi)
339    $a m
700    $7 ba0yba0y $8 fre    $a Nannini $b Gianna $f 1956-.... $3 13897851 $9 7031
801    $a FR $b 595126101 $c 20101124 $g AFNOR
930    $5 595126101:F DESD 17/2622 $b 595126101 $a F DESD17/2622 $e Fonds Patrice Desdoit
317    $a Collection de Patrice Desdoit
995    $0 0 $2 0 $4 0 $5 2010-11-24 $9 261481 $b MED $c MED $e MED2D $f F DESD 17/2622 $h PENPDZZ $k F DESD17/2622 $o 0 $r PRETSON $s F_DESD17_2622_000000000000000 $w 0 $y 2014-06-30

