00880nj  a2200241 n 4500
001 228199
003 http://www.mediathequederoubaix.fr/ark:/20179/KH228199
005 20240515034244.0
071 01 $a ZB44851 $b Silvertone records
090    $a 228199
091    $a 1 $b 20240515 $c 0
099    $t DV $c 2014-06-30 $d 2024-05-15 $x 0
100    $a 20140630              frey50        
101    $a fre
200    $a Nothing but time $b Enr. sonore $f Brendan Croker
215    $a 1 disque
327    $a Face B : The great indoors
339    $a m
700  1 $a Croker $b Brendan
801    $a FR $b 595126101 $c 20101125 $g AFNOR
930    $5 595126101:F DESD 17/2659 $b 595126101 $a F DESD17/2659 $e Fonds Patrice Desdoit
317    $a Collection de Patrice Desdoit
995    $0 0 $2 0 $4 0 $5 2010-11-25 $9 261687 $b MED $c MED $e MED2D $f F DESD 17/2659 $h PENPDZZ $k F DESD17/2659 $o 0 $r PRETSON $s F_DESD17_2659_000000000000000 $w 0 $y 2014-06-30

