00928nj  a2200241 n 4500
001 228355
003 http://www.mediathequederoubaix.fr/ark:/20179/KH228355
005 20240515034329.0
071 01 $a 2C008-64570 $b EMI
090    $a 228355
091    $a 1 $b 20240515 $c 0
099    $t DV $c 2014-06-30 $d 2024-05-15 $x 0
100    $a 20140630              frey50        
101    $a fre
200    $a Physical $b Enr. sonore $f Olivia Newton-John
215    $a 1 disque
327    $a Face B : The promise (the dolphin song)
339    $a m
700    $7 ba0yba0y $8 fre    $a Newton-John $b Olivia $f 1948-2022 $3 13897939 $9 66118
801    $a FR $b 595126101 $c 20101126 $g AFNOR
930    $5 595126101:F DESD 17/2694 $b 595126101 $a F DESD17/2694 $e Fonds Patrice Desdoit
317    $a Collection de Patrice Desdoit
995    $0 0 $2 0 $4 0 $5 2010-11-26 $9 261855 $b MED $c MED $e MED2D $f F DESD 17/2694 $h PENPDZZ $k F DESD17/2694 $o 0 $r PRETSON $s F_DESD17_2694_000000000000000 $w 0 $y 2014-06-30

