00872nj  a2200241 n 4500
001 228490
003 http://www.mediathequederoubaix.fr/ark:/20179/KH228490
005 20240515034352.0
071 01 $a 882 016-7 $b London records
090    $a 228490
091    $a 1 $b 20240515 $c 0
099    $t DV $c 2014-06-30 $d 2024-05-15 $x 0
100    $a 20140630              frey50        
101    $a fre
200    $a Respect yourself $b Enr. sonore $f The Kane Gang
215    $a 1 disque
327    $a Face 2 : Amusement park
339    $a m
710 02 $a The Kane Gang
801    $a FR $b 595126101 $c 20101202 $g AFNOR
930    $5 595126101:F DESD 17/2743 $b 595126101 $a F DESD17/2743 $e Fonds Patrice Desdoit
317    $a Collection de Patrice Desdoit
995    $0 0 $2 0 $4 0 $5 2010-12-02 $9 261991 $b MED $c MED $e MED2D $f F DESD 17/2743 $h PENPDZZ $k F DESD17/2743 $o 0 $r PRETSON $s F_DESD17_2743_000000000000000 $w 0 $y 2014-06-30

