00895nj  a2200241 n 4500
001 228606
003 http://www.mediathequederoubaix.fr/ark:/20179/KH228606
005 20240515035117.0
071 01 $a 101599 $b Vogue
090    $a 228606
091    $a 1 $b 20240515 $c 0
099    $t DV $c 2014-06-30 $d 2024-05-15 $x 0
100    $a 20140630              frey50        
101    $a fre
200    $a That girl $b Enr. sonore $f Stevie Wonder
215    $a 1 disque
327    $a Face B : All I do
339    $a m
700    $7 ba0yba0y $8 fre    $a Wonder $b Stevie $f 1950-.... $3 13901273 $9 308472
801    $a FR $b 595126101 $c 20101208 $g AFNOR
930    $5 595126101:F DESD 17/2802 $b 595126101 $a F DESD17/2802 $e Fonds Patrice Desdoit
317    $a Collection de Patrice Desdoit
995    $0 0 $2 0 $4 0 $5 2010-12-08 $9 262128 $b MED $c MED $e MED2D $f F DESD 17/2802 $h PENPDZZ $k F DESD17/2802 $o 0 $r PRETSON $s F_DESD17_2802_000000000000000 $w 0 $y 2014-06-30

