00837nj  a2200241 n 4500
001 228708
003 http://www.mediathequederoubaix.fr/ark:/20179/KH228708
005 20240515035131.0
071 01 $a 885 304-7 $b Polydor
090    $a 228708
091    $a 1 $b 20240515 $c 0
099    $t DV $c 2014-06-30 $d 2024-05-15 $x 0
100    $a 20140630              frey50        
101    $a fre
200    $a Slumberland $b Enr. sonore $f Dole
215    $a 1 disque
327    $a Face 2 : Wreckaway
339    $a m
710 02 $a Dole
801    $a FR $b 595126101 $c 20101210 $g AFNOR
930    $5 595126101:F DESD 17/2897 $b 595126101 $a F DESD17/2897 $e Fonds Patrice Desdoit
317    $a Collection de Patrice Desdoit
995    $0 0 $2 0 $4 0 $5 2010-12-10 $9 262231 $b MED $c MED $e MED2D $f F DESD 17/2897 $h PENPDZZ $k F DESD17/2897 $o 0 $r PRETSON $s F_DESD17_2897_000000000000000 $w 0 $y 2014-06-30

