03098cmm a2200661   4500
001 228872
003 http://www.mediathequederoubaix.fr/ark:/20179/KH228872
010    $a 978-2-7654-0982-3 $d 69 EUR
020    $a FR $b 71110220
033    $a http://catalogue.bnf.fr/ark:/12148/cb42355163p
035    $a FRBNF423551630000002
039    $o OPP $a 42392612 $d 20110711
073  0 $a 9782765409823
090    $a 228872
091    $b 20240515 $c 1 $a 2
099    $t LI $c 2014-06-30 $d 2024-05-15 $x 0
100    $a 20110121d2010    k  y0frey50      ba
101 0  $a fre $a eng
102    $a FR
105    $a a   z   001y|
106    $a r
135    $a vocg|||||||||
181  0 $6 01 $a i  $b xxxe  
181    $6 02 $c txt $2 rdacontent
181  0 $6 03 $a b  $b xb2e  
181    $6 04 $c sti $2 rdacontent
181  0 $6 05 $a b  $b xxx   
181    $6 06 $c cod $2 rdacontent
182  0 $6 01 $a n
182    $6 02 $c n $2 rdamedia
182  0 $6 03 $a b
182    $6 04 $c c $2 rdamedia
182  0 $6 05 $a b
182    $6 06 $c c $2 rdamedia
200 1  $a Bibliothèques d'aujourd'hui $b Multimédia multisupport $e à la conquête de nouveaux espaces $f sous la direction de Marie-Françoise Bisbrouck $g préface de Daniel Renoult
210    $a Paris $c Éd. du Cercle de la librairie $d DL 2010
215    $a 1 vol. (394 p.) $c ill. en noir et en coul., plans, couv. ill. en coul. $d 30 cm
215    $a 1 disque optique numérique (CD-ROM) $c coul., son. $d 12 cm
225    $a Collection Bibliothèques
300    $a Bibliogr. p. 389-394. Notes bibliogr. Index
336    $a Type de ressource électronique : données textuelles et iconographiques
337    $a Configuration requise : PC. Autre configuration requise : Macintosh
339    $a m
410  0 $0 34226952 $t Bibliothèques (Paris. 1978) $x 0184-0886 $d 2010
606    $3 13318597 $9 1890 $a Bibliothèques (constructions) $3 13536525 $9 53759 $z 2000-.... $2 rameau
606    $3 13318597 $9 1890 $a Bibliothèques (constructions) $3 11976046 $9 3671 $x Conception et construction $3 13536525 $9 53759 $z 2000-.... $2 rameau
606    $3 13318908 $9 14545 $a Bibliothèques (constructions) $x Aménagement $3 13536525 $9 53759 $z 2000-.... $2 rameau
608    $a non fiction $2 frTAV
608    $a édition commerciale $2 frTAV
608    $a expert, spécialiste $2 frTAV
615    $a Bibliothèque $2 frTAV
686    $a 401 $2 Cadre de classement de la Bibliographie nationale française
702    $3 13480915 $9 3672 $o ISNI0000000108869665 $a Bisbrouck $b Marie-Françoise $4 651
702    $3 12304341 $9 3673 $o ISNI000000012123092X $a Renoult $b Daniel $f 1947-.... $4 080
801  0 $a FR $b FR-751131015 $c 20110121 $g AFNOR $h FRBNF423551630000002 $2 intermrc
999    $a FRBNF423551630000002
995    $0 0 $2 0 $4 0 $5 2010-12-14 $9 262482 $P 69.00 $b MED $c MED $e MED3D $f c0005211371 $h ACFBPZZ $k BIB PROF/1.20 BIS $l Contient 1 CD-Rom $o 0 $p 69.00 $r PRETLIV $s BIB_PROF1_20_000000000000000_B $w 1 $y 2014-06-30 $7 Furet du Nord - Roubaix
995    $0 0 $2 0 $4 0 $5 2010-12-14 $9 262483 $P 69.00 $b MED $c MED $e MED3D $f c0005211363 $h ACFBPZZ $k BIB PROF/1.20 BIS $l Contient 1 CD-Rom $o 0 $p 69.00 $r PRETLIV $s BIB_PROF1_20_000000000000000_B $w 5 $y 2014-06-30 $7 Furet du Nord - Roubaix

