02431ng  a2200349 n 4500
001 229046
003 http://www.mediathequederoubaix.fr/ark:/20179/KH229046
005 20240331212007.0
016    $a 5051889014423
090    $a 229046
091    $a 0 $b 20200906 $c 0
099    $t VD $c 2014-06-30 $d 2024-03-31 $x 61
100    $a 20140630 2010         frey50        
101    $a fre
200    $a Comme chiens et chats 2 $b DVD $f Brad Peyton, réal. $d la revanche de Ketty Galore $g Ron Friedman, scénario $g Christopher Lennertz, mus.
210    $a Etats-Unis $c Village Roadshow Films $d 2010
215    $a 1 DVD (1h 22 min) $c coul., sonore
323    $a Interprètes : James Marsden, Nick Nolte, Christina Applegate...[et al.]
327    $a Bonus : on épisode exclusif des looney tunes "coyotr falls" $a Un avant goût du film Yogi l'ours
330    $a Chiens et chats s'entendent depuis toujours&lt;U+2026&gt; comme chiens et chats. Nous étions habitués à les voir se disputer, s'invectiver, se donner des coups de battes et des coups de griffes, mais voici qu'une féline en folie a choisi d'aller plus loin &lt;U+2013&gt; beaucoup plus loin. Kitty Galore, ancienne espionne de l'agence M. I. A. O. U., a décidé d'agir pour son propre compte. Dans 48 heures, si son plan diabolique aboutit, la race canine ne sera plus qu'un souvenir, et tous les félins du monde, seront à ses pieds. Face à cette terrifiante menace, chats et chiens sont obligés de s'unir pour la première fois s'ils veulent sauver la planète et l'espèce humaine d'une CATastrophe sans précédent. Accrochez-vous, ça va secouer&lt;U+2026&gt;
339    $a a
345    $a Adav
510    $a a revanche de Ketty Galore
700  1 $a Peyton $b Brad $f 1978-.... $4 300
702  1 $4 690 $a Friedman $b Ron
702  1 $3 14049682 $9 13024 $a Applegate $b Christina $f 1971-....
702    $7 ba0yba0y $8 fre    $a Marsden $b James $f 1973-.... $3 14203659 $9 4191
702    $7 ba0yba0y $8 fre    $a Nolte $b Nick $f 1941-.... $3 13954819 $9 74065
702    $3 14115163 $4 545 $7 ba0yba0y $8 fre    $a Lennertz $b Christopher $f 1972-.... $9 85654
801    $a FR $b 595126101 $c 20110122 $g AFNOR
995    $0 0 $2 0 $4 0 $5 2011-01-08 $9 262663 $P 35.86 $b MED $c MED $e MED2A $f C0005158311 $h JCIFEF1 $k DVD/E F COM $o 0 $p 35.86 $r PRETDVD $s DVD_E_F_COM $w 104 $y 2024-04-14 $7 ADAV $A 0
995    $0 0 $2 0 $4 0 $5 2020-12-12 $9 419461 $b BUS $c BUS $e BUS1A $f C3500012397 $h JCIFEF1 $k DVDBUS/E F COM $l Contient 1 DVD $o 0 $p 36.00 $r PRETDVD $s DVDBUS_E_F_COM $w 5 $y 2024-04-27 $A 0

