01161nam a2200277 n 4500
001 229193
003 http://www.mediathequederoubaix.fr/ark:/20179/KH229193
005 20220910024611.0
010    $a 978-2-203-03640-6
033    $a http://catalogue.bnf.fr/ark:/12148/cb423489115
090    $a 229193
091    $a 0
099    $t LI $c 2014-06-30 $d 2022-09-10 $x 0
100    $a          2010         frey5003    ba
101    $a frd
102    $a   
200    $a El' cat i-est contint $f Philippe Geluck $g couleurs Serge Dehaes
210    $a [Bruxelles] $c Casterman $d 2010
215    $a 48 p. $c ill. en noir et en coul., couv. ill. en coul. $d 31 cm
339    $a m
606 0  $a Picard (dialecte) $x Bandes dessinées $2 rameau
700    $7 ba0yba0y $8 fre    $a Geluck $b Philippe $f 1954-.... $9 28158
702    $7 ba0yba0y $8 fre    $a Dehaes $b Serge $f 1964-.... $9 48344
801    $a FR $b 595126101 $c 20110401 $g AFNOR
930    $5 595126101:C0005276410 $b 595126101 $a MAG L/P 4/210 094 $e Fonds patrimonial
995    $0 0 $2 0 $4 0 $5 2010-12-17 $9 262867 $P 10.00 $b MED $c MED $e MED3J $f C0005276410 $h PPEFGZZ $k MAG L/P 4/210 094 $o 2 $p 10.00 $r PRETLIV $s MAG_LP_4210_094000000000000 $w 0 $y 2014-06-30 $7 Furet du Nord - Roubaix

