02017cam a2200433   4500
001 229360
003 http://www.mediathequederoubaix.fr/ark:/20179/KH229360
010    $a 978-2-505-00975-7 $b rel. $d 13,50 EUR
020    $a FR $b 01056193
033    $a http://catalogue.bnf.fr/ark:/12148/cb42281233h
035    $a FRBNF422812330000009
073  0 $a 9782505009757
090    $a 229360
091    $b 20240515 $c 1 $a 2
099    $t LI $c 2014-06-30 $d 2024-05-15 $x 17
100    $a 20100929d2010    m  y0frey50      ba
101 0  $a fre
102    $a BE
105    $a ||||t   00|a|
106    $a r
181  0 $6 01 $a i  $b xxxe   $a b  $b xb2e  
181    $6 02 $c txt $c sti $2 rdacontent
182  0 $6 01 $a n
182    $6 02 $c n $2 rdamedia
200 1  $a Opération Caraïbes $b Texte imprimé $f Berthet, Duval
210    $a [Bruxelles] $a [Paris] $c Dargaud Bénélux $d DL 2010 $e 91-Palaiseau $g Impr. PPO graphic
215    $a 1 vol. (63 p.) $c ill. en coul., couv. ill. en coul. $d 32 cm
225 19 $a Nico $v 2
321    $a La Revue des livres pour enfants $x 0398-8384
329    $c Pourquoi pas ? $d 20101027 $f OP $2 CNLJ $k Avis critique donné par le Centre national de la littérature pour la jeunesse
330    $a Nico, agent de la CIA, et l'espion russe Fidel Castro s'unissent pour empêcher Ike Eisenhower de lancer un missile sur un centre de recherche inauguré par le président Kennedy.
339    $a m
608    $a Bandes dessinées $2 CNLJ $k Avis critique donné par le Centre national de la littérature pour la jeunesse
686    $a 805 $2 Cadre de classement de la Bibliographie nationale française
700    $3 11891664 $9 27151 $o ISNI0000000120994661 $a Berthet $b Philippe $f 1956-.... $4 070
701    $3 12464370 $9 70202 $o ISNI0000000120995277 $a Duval $b Fred $f 1965-.... $4 070
801  0 $a FR $b FR-751131015 $c 20100929 $g AFNOR $h FRBNF422812330000009 $2 intermrc
999    $a FRBNF422812330000009
995    $0 0 $2 0 $4 0 $5 2011-01-08 $9 263041 $P 13.50 $b MED $c MED $e MED0C $f C0005141005 $h AAPBDZZ $k BD/DUV $o 0 $p 13.50 $r PRETLIV $s BD_DUV $w 28 $y 2024-02-04 $7 BD fugue

