01278nj  a22002892  4500
001 229535
003 http://www.mediathequederoubaix.fr/ark:/20179/KH229535
005 20240515040105.0
071 01 $a 88697802212 $b Jive
090    $a 229535
091    $a 1 $b 20240515 $c 0
099    $t DC $c 2014-06-30 $d 2024-05-15 $x 23
100    $a 20101220f20102010m  y0frey5003    ba
101    $a fre
200    $a Living proof $b Enr. sonore $f Buddy Guy $g B.B. King $g Carlos Santana
210    $d P 2010
215    $a 1 d.c. $e 1 Livret (n.p.; 12 cm)
327    $a 74 years young $a Thank me someday $a On the road $a Stay around a little longer / Feat. B.B. King $a Key don't fit $a Living proof $a Where the blues begins / Feat. Carlos Santana $a Too soon $a Everybody's got to go $a Let the door knob hit ya $a Guess what $a Skanky
339    $a m
345    $a CDMAIL $b 0886978022127
606 0  $a Blues $y Etats-Unis $x Disques $2 rameau
679    $a 110
700    $7 ba0yba0y $8 fre    $a Guy $b Buddy $f 1936-.... $3 13894851 $9 229
702  1 $7 ba0yba0y $8 fre    $a Santana $b Carlos $f 1947-....
702  1 $a King $b B. B. $f 1925-2015
801  0 $a FR $b CDMAIL $c 20110120 $g AFNOR
995    $0 0 $2 0 $4 0 $5 2011-01-20 $9 263270 $P 17.83 $b MED $c MED $e MED1A $f C0005159082 $h AMV11ZZ $k DC/110 GUY $o 0 $p 17.83 $r PRETSON $s DC_110_000000000000000_GUY $w 45 $y 2023-02-18 $7 CDMail

