02202cam a2200457   4500
001 229681
003 http://www.mediathequederoubaix.fr/ark:/20179/KH229681
010    $a 978-2-5050-0732-6 $b br. $d 12,50 EUR
020    $a FR $b 00968871
033    $a http://catalogue.bnf.fr/ark:/12148/cb42103850d
035    $a FRBNF42103850000000X
073  0 $a 9782505007326
090    $a 229681
091    $b 20240515 $c 1 $a 2
099    $t LI $c 2014-06-30 $d 2024-05-15 $x 22
100    $a 20091124d2009    m  y0frey50      ba
101 1  $a fre $c jpn
102    $a BE
105    $a ||||t   00|a|
106    $a r
181  0 $6 01 $a i  $b xxxe   $a b  $b xb2e  
181    $6 02 $c txt $c sti $2 rdacontent
182  0 $6 01 $a n
182    $6 02 $c n $2 rdamedia
200 1  $a Astro boy $h 05 $b Texte imprimé $f Osamu Tezuka
210    $a Bruxelles $a [Paris] $c Kana $d DL 2009 $e impr. en Italie
215    $a 1 vol. (237 p.) $c ill. en noir et en coul., couv. ill., jaquette ill. en coul. $d 21 cm
225    $a Sensei
321    $a La Revue des livres pour enfants $x 0398-8384
329    $c Coup de coeur ! $d 20091204 $f OP $2 CNLJ $k Avis critique donné par le Centre national de la littérature pour la jeunesse
330    $a Dernier volume de la série de courtes histoires avec pour principal protagoniste Astro, un robot à l'apparence d'un petit garçon, qui met sa force herculéenne au service de la justice et de la protection de l'humanité.
333    $a À partir de 9 ans $2 CNLJ $k Avis critique donné par le Centre national de la littérature pour la jeunesse
339    $a a
410  0 $0 41216971 $t Sensei (Bruxelles) $x 2034-9432 $d 2009
454  1 $t Tetsuwan atomu
608    $a Bandes dessinées $2 CNLJ $k Avis critique donné par le Centre national de la littérature pour la jeunesse
686    $a 805 $2 Cadre de classement de la Bibliographie nationale française
700    $3 12567895 $9 71988 $o ISNI0000000121294421 $a Tezuka $b Osamu $f 1928-1989 $4 070
801  0 $a FR $b FR-751131015 $c 20091124 $g AFNOR $h FRBNF42103850000000X $2 intermrc
999    $a FRBNF42103850000000X
995    $0 0 $2 0 $4 0 $5 2011-03-08 $9 263430 $P 12.50 $b MED $c MED $e MED2A $f C0005319721 $h JBDMGZZ $k E BD/MANGAS $n 2024-06-25 $o 0 $p 12.50 $r PRETLIV $s E_BD_MANGAS $w 21 $y 2024-05-14 $7 BD fugue

