02079na  a2200385 i 4500
001 229853
003 http://www.mediathequederoubaix.fr/ark:/20179/KH229853
005 20220916053048.0
010    $a 978-2-86961-085-9 $b Rel. $d 30.00 EUR
033    $a http://catalogue.bnf.fr/ark:/12148/cb423319714
090    $a 229853
091    $a 0
099    $t LI $c 2014-06-30 $d 2022-09-16 $x 1
100    $a 20101212d2010    m  |0frey5003||||ba
101    $a fre
102    $a FR
105    $a a       0||y|
106    $a r
200    $a LaM $e histoires $f [Sophie Levy, Francis Berthier, Bruno Vouters... et al.]
210    $a Villeneuve-d'Ascq (Nord) $c LaM $d 2010
215    $a 271 p. $c ill. en noir et en coul., couv. ill. en coul. $d 29 cm
304    $a LaM = Lille métropole musée d'art moderne, d'art contemporain et d'art brut
320    $a Index
330    $a A l'occasion de la réouverture du Musée d'art moderne, d'art contemporain et d'art brut Lille Métropole (LaM) suite à quatre années de travaux, ce catalogue présente l'histoire du lieu, de ses architectures et de ses collections à travers des documents d'archives, des témoignages et entretiens ainsi que des textes d'analyse.
333    $a Tout public
339    $a m
345    $b 9782869610859
601    $2 rameau $7 ba0yba0y $8 fre    $a Lille métropole-Musée d'art moderne, d'art contemporain et d'art brut $x Catalogues d'exposition $3 11864929 $3 11975940 $x Catalogues $9 47179
601    $2 rameau $7 ba0yba0y $8 fre    $a Lille métropole-Musée d'art moderne, d'art contemporain et d'art brut $x Catalogues d'exposition $3 11864929 $9 47179 $3 11934444 $9 494 $z Histoire $3 11975813 $x Ouvrages illustrés $9 47179
676    $a 708.428 $v 22
702    $7 ba0yba0y $8 fre    $a Lévy $b Sophie $f 1967-.... $9 70514
702  1 $9 219303 $a Berthier $b Francis
702    $7 ba0yba0y $8 fre    $a Vouters $b Bruno $f 1950-.... $9 62368
801    $a FR $b 595126101 $c 20110405 $g AFNOR
995    $0 0 $2 0 $4 0 $5 2011-10-29 $9 263699 $P 30.00 $b MED $c MED $e MED0C $f C0005225118 $h PRRRGZZ $k FR/719 EXP $o 0 $p 30.00 $r PRETLIV $s FR_719_000000000000000_EXP $w 0 $y 2021-12-24 $7 Furet du Nord - Roubaix

