01803cam a2200397   4500
001 230067
003 http://www.mediathequederoubaix.fr/ark:/20179/KH230067
010    $a 978-2-07-012738-2 $b br. $d 19 EUR
020    $a FR $b 01061129
033    $a http://catalogue.bnf.fr/ark:/12148/cb42316382x
035    $a FRBNF423163820000009
073  0 $a 9782070127382
090    $a 230067
091    $b 20240516 $c 1 $a 2
099    $t LI $c 2014-06-30 $d 2024-05-16 $x 7
100    $a 20101115d2010    m  y0frey50      ba
101 0  $a fre
102    $a FR
105    $a ||||z   00|a|
106    $a r
181  0 $6 01 $a i  $b xxxe  
181    $6 02 $c txt $2 rdacontent
182  0 $6 01 $a n
182    $6 02 $c n $2 rdamedia
200 1  $a Les harmoniques $b Texte imprimé $e beau Danube blues $f Marcus Malte
210    $a [Paris] $c Gallimard $d impr. 2010 $e 53-Mayenne $g Impr. Floch
215    $a 1 vol. (369 p.) $c couv. ill. $d 23 cm
225    $a Collection Série noire
330    $a Mister et Bob vont à Paris pour mener leur enquête sur la mort d'une jeune femme récemment rencontrée par Mister : Vera a été brûlée vive. Les coupables ont été arrêtés rapidement mais Mister ne croit pas à la version officielle. Au fil de leur enquête, ils découvrent une énorme machination qui se termine dans la violence.
339    $a m
410  0 $0 34234637 $t Collection Série noire $x 0768-1712 $d 2010
686    $a 803 $2 Cadre de classement de la Bibliographie nationale française
700    $3 12535498 $9 61323 $o ISNI0000000083729630 $a Malte $b Marcus $f 1967-.... $4 070
801  0 $a FR $b FR-751131015 $c 20101115 $g AFNOR $h FRBNF423163820000009 $2 intermrc
999    $a FRBNF423163820000009
995    $0 0 $2 0 $4 0 $5 2011-02-08 $9 264033 $P 19.00 $b MED $c MED $e MED1A $f C0005182661 $h ALTROPL $k RP/MAL $o 0 $p 19.00 $r PRETLIV $s RP_MAL $w 18 $y 2021-01-16 $7 ALIZE-SFL

