01837cam a2200421   4500
001 230243
003 http://www.mediathequederoubaix.fr/ark:/20179/KH230243
010    $a 978-2-7427-9448-5 $b br. $d 19 EUR
020    $a FR $b 01104457
033    $a http://catalogue.bnf.fr/ark:/12148/cb42353522q
035    $a FRBNF423535220000002
073  0 $a 9782742794485
090    $a 230243
091    $b 20240516 $c 1 $a 2
099    $t LI $c 2014-06-30 $d 2024-05-16 $x 1
100    $a 20110119d2010    m  y0frey50      ba
101 1  $a fre $c spa
102    $a FR
105    $a ||||z   00|a|
106    $a r
181  0 $6 01 $a i  $b xxxe  
181    $6 02 $c txt $2 rdacontent
182  0 $6 01 $a n
182    $6 02 $c n $2 rdamedia
200 1  $a Elena et le roi détrôné $b Texte imprimé $e roman $f Claudia Piñeiro $g traduit de l'espagnol (Argentine) par Claude Bleton
210    $a Arles $c Actes Sud $d impr. 2010 $e 53-Mayenne $g Impr. Floch
215    $a 1 vol. (171 p.) $c couv. ill. en coul. $d 22 cm
225    $a Lettres latino-américaines
330    $a Malgré les faits, Elena ne peut croire au suicide de sa fille. En cherchant de l'aide auprès de la femme qui lui doit le bonheur d'être mère, elle va découvrir l'effroyable vérité.
339    $a m
410  0 $0 34250267 $t Lettres latino-américaines $x 0993-5436 $d 2010
454  1 $t Elena sabe
686    $a 803 $2 Cadre de classement de la Bibliographie nationale française
700    $3 16052246 $9 39082 $o ISNI0000000120966230 $a Piñeiro $b Claudia $f 1960-.... $4 070
702    $3 12040149 $9 527 $o ISNI000000012128096X $a Bleton $b Claude $f 1942-.... $4 730
801  0 $a FR $b FR-751131015 $c 20110119 $g AFNOR $h FRBNF423535220000002 $2 intermrc
999    $a FRBNF423535220000002
995    $0 0 $2 0 $4 0 $5 2011-02-03 $9 264217 $P 19.00 $b MED $c MED $e MED1A $f C0005320502 $h ALTROZZ $k R/PIN $o 0 $p 19.00 $r PRETLIV $s RPIN $w 5 $y 2016-08-05 $7 ALIZE-SFL

