02190cam a2200469   4500
001 230436
003 http://www.mediathequederoubaix.fr/ark:/20179/KH230436
010    $a 978-2-07-012846-4 $b br. $d 19 EUR
020    $a FR $b 01114456
033    $a http://catalogue.bnf.fr/ark:/12148/cb423654375
035    $a FRBNF423654370000002
073  0 $a 9782070128464
090    $a 230436
091    $b 20240516 $c 1 $a 2
099    $t LI $c 2014-06-30 $d 2024-05-16 $x 6
100    $a 20110208d2010    m  y0frey50      ba
101 1  $a fre $c eng
102    $a FR
105    $a ||||z   00|y|
106    $a r
181  0 $6 01 $a i  $b xxxe  
181    $6 02 $c txt $2 rdacontent
182  0 $6 01 $a n
182    $6 02 $c n $2 rdamedia
200 1  $a Apologie du livre $b Texte imprimé $e demain, aujourd'hui, hier $f Robert Darnton $g traduit de l'anglais (États-Unis) par Jean-François Sené
210    $a [Paris] $c Gallimard $d impr. 2010 $e 53-Mayenne $g Impr. Floch
215    $a 1 vol. (218 p.) $d 21 cm
225    $a NRF essais
300    $a Bibliogr. p. 199-200. Notes bibliogr. Index
330    $a Refusant l'idée de la fin du papier au profit du tout numérique, cet essai met en parallèle les moyens de communication actuels avec la puissance liberée par Gutenberg il y a cinq siècles, évalue leurs effets anthropologiques sur la lecture et mesure les avantages qui lient les bibliothèques et Internet.
339    $a m
410  0 $0 34250001 $t NRF essais $x 0993-4685 $d 2010
454  1 $t The case for books
606    $3 13318325 $9 822 $a Bibliothèques $2 rameau
606    $3 11937824 $9 5522 $a Histoire du livre $2 rameau
676    $a 002.09 $v 23
686    $a 020 $2 Cadre de classement de la Bibliographie nationale française
700    $3 11898655 $9 17794 $o ISNI0000000121469084 $a Darnton $b Robert $f 1939-.... $4 070
702    $3 12014502 $9 50892 $o ISNI000000036586120X $a Sené $b Jean-François $f 1946-.... $4 730
801  0 $a FR $b FR-751131015 $c 20110208 $g AFNOR $h FRBNF423654370000002 $2 intermrc
999    $a FRBNF423654370000002
995    $0 0 $2 0 $4 0 $5 2011-03-18 $9 264482 $P 19.00 $b MED $c MED $e MED3A $f C0005186283 $h ACFSSZZ $k Doc./306.488 BIB $o 0 $p 19.00 $r PRETLIV $s DOC__306_488000000000000_BIB $w 13 $y 2022-04-07 $7 Furet du Nord - Roubaix

