03874cam a2200493   4500
001 230603
003 http://www.mediathequederoubaix.fr/ark:/20179/KH230603
010    $a 978-2-73203957-2 $b rel. $d 18 EUR
020    $a FR $b 01001434
033    $a http://catalogue.bnf.fr/ark:/12148/cb42087047r
035    $a FRBNF420870470000005
073  0 $a 9782732039572
090    $a 230603
091    $b 20240516 $c 1 $a 2
099    $t LI $c 2014-06-30 $d 2024-05-16 $x 11
100    $a 20091028d2009    m  y0frey50      ba
101 0  $a fre
102    $a FR
105    $a ||||z   00|a|
106    $a r
181  0 $6 01 $a i  $b xxxe  
181    $6 02 $c txt $2 rdacontent
182  0 $6 01 $a n
182    $6 02 $c n $2 rdamedia
200 1  $a 1989 $b Texte imprimé $e dix nouvelles pour traverser les murs $f Didier Daeninckx, Heinrich Böll, Olga Tokarczuk... [et al.] $g illustrations de Henning Wagenbreth $g sous la direction de Michael Reynolds
210    $a Paris $c le Sorbier $d DL 2009 $e impr. en Italie
215    $a 1 vol. (87 p.) $c ill. en coul., couv. ill. $d 25 cm
321    $a La Revue des livres pour enfants $x 0398-8384
321    $a La Revue des livres pour enfants. Sélection annuelle
329    $c Bravo ! $a Pour célébrer la chute du Mur de Berlin, ce volume rassemble des nouvelles de dix auteurs de pays européens, textes écrits pour l'occasion ou puisés dans l'œuvre de disparus, comme l'Allemand Heinrich Böll qui trouve ici sa juste place pour les idées qu'il a défendues. Ces récits d'enfermement, autant physiques que mentaux, montrent les ravages qu'il peut produire sur l'homme ou la société humaine. Ils offrent un éventail d'exemples de la façon dont on triomphe de ces prisons ou y succombe. Par son style un peu raide et mécanique, l'illustration offre un écho adapté à ces histoires et donne une unité. · la fin, une double page propose une courte biographie des auteurs. Saluons l'éditeur italien Orecchio Acerbo, à l'origine de cette belle réalisation. · proposer à de bons lecteurs. $d 20091112 $f CB $2 CNLJ $k Avis critique donné par le Centre national de la littérature pour la jeunesse
329    $a Pour célébrer la chute du Mur de Berlin, ce volume rassemble des nouvelles de dix auteurs de pays européens, textes écrits pour l'occasion ou puisés dans l'oeuvre de disparus. Récits d'enfermement, autant physiques que mentaux, où l'Homme se débat avec ses contradictions pour survivre ou succomber. Ils trouvent un écho et une unité dans l'illustration au style un peu raide et mécanique. Une belle réalisation, complétée d'une courte présentation des auteurs, due à l'éditeur italien Orecchio Acerbo. Pour bons lecteurs. $d 20101216 $f CB
330    $a Dix nouvelles sur la chute du mur de Berlin, évoquant l'absurde présence du mur, la brutalité, la violence, un symbole de la peur, une entrave aux droits de l'homme et à la liberté.
333    $a À partir de 11 ans $2 CNLJ $k Avis critique donné par le Centre national de la littérature pour la jeunesse
339    $a a
517 1  $a Mil neuf cent quatre-vingt-neuf
608    $a Textes illustrés $2 CNLJ $k Avis critique donné par le Centre national de la littérature pour la jeunesse
608    $a Nouvelles $2 CNLJ $k Avis critique donné par le Centre national de la littérature pour la jeunesse
676    $a 811.5 $v 23
686    $a 803 $2 Cadre de classement de la Bibliographie nationale française
702    $3 14941589 $9 105983 $o ISNI000000011676525X $a Wagenbreth $b Henning $f 1962-.... $4 440
702    $3 16171073 $9 105984 $o ISNI0000000109275260 $a Reynolds $b Michael $f 1968-.... $4 651
801  0 $a FR $b FR-751131015 $c 20091028 $g AFNOR $h FRBNF420870470000005 $2 intermrc
999    $a FRBNF420870470000005
995    $0 0 $2 0 $4 0 $5 2011-04-12 $9 264639 $P 18.00 $b MED $c MED $e MED2A $f C0005189299 $h JROILZZ $k E R/DIX $n 2024-05-18 $o 0 $p 18.00 $r PRETLIV $s E_R_DIX $w 16 $y 2024-04-27 $7 Bateau Livre $8  $A  $m  $z 

