02283cam a2200457   4500
001 230771
003 http://www.mediathequederoubaix.fr/ark:/20179/KH230771
010    $a 978-2-505-00998-6 $b br. $d 12,50 EUR
020    $a FR $b 01107710
033    $a http://catalogue.bnf.fr/ark:/12148/cb423549718
035    $a FRBNF423549710000003
073  0 $a 9782505009986
090    $a 230771
091    $b 20240516 $c 1 $a 2
099    $t LI $c 2014-06-30 $d 2024-05-16 $x 45
100    $a 20110121d2010    m  y0frey50      ba
101 1  $a fre $c jpn
102    $a BE
105    $a ||||t   00|a|
106    $a r
181  0 $6 01 $a i  $b xxxe   $a b  $b xb2e  
181    $6 02 $c txt $c sti $2 rdacontent
182  0 $6 01 $a n
182    $6 02 $c n $2 rdamedia
200 1  $a Death note $e black edition $h 3 $b Texte imprimé $f scénario, Tsugumi Ohba $g dessins, Takeshi Obata
210    $a Bruxelles $a [Paris] $c Dark Kana $d DL 2010 $e impr. en Italie
215    $a 1 vol. (412 p.) $c ill., couv. ill. $d 22 cm
225    $a Dark Kana
321    $a La Revue des livres pour enfants $x 0398-8384
329    $c Coup de coeur ! $d 20101203 $f OP $2 CNLJ $k Avis critique donné par le Centre national de la littérature pour la jeunesse
330    $a L. et Light se livrent un duel silencieux par l'intermédiaire des caméras cachées dans la maison de Light. Celui-ci parvient à démontrer son innocence par l'intermédiaire d'un stratagème, mais L. continue à nourrir des soupçons à son égard. Edition en grand format.
333    $a À partir de 11 ans $2 CNLJ $k Avis critique donné par le Centre national de la littérature pour la jeunesse
339    $a m
410  0 $0 37141834 $t Dark Kana $d 2010
608    $a Bandes dessinées $2 CNLJ $k Avis critique donné par le Centre national de la littérature pour la jeunesse
686    $a 805 $2 Cadre de classement de la Bibliographie nationale française
700    $3 15519265 $9 4561 $o ISNI0000000121376179 $a Ōba $b Tsugumi $4 070
701    $3 13324841 $9 66932 $o ISNI0000000084135666 $a Obata $b Takeshi $f 1969-.... $4 070
801  0 $a FR $b FR-751131015 $c 20110121 $g AFNOR $h FRBNF423549710000003 $2 intermrc
999    $a FRBNF423549710000003
995    $0 0 $2 0 $4 0 $5 2021-12-15 $9 436799 $P 12.70 $b MED $c MED $e MED3H $f C2300012162 $h AAPBDMG $k BD MANGA/OHB $o 0 $p 12.70 $r PRETLIV $s BD_MANGA_OHB $w 12 $y 2024-05-10 $7  $8  $A  $m  $z 

