01321nj  a22002892  4500
001 231008
003 http://www.mediathequederoubaix.fr/ark:/20179/KH231008
005 20240516022702.0
071 01 $a HYB2283 $b Hybrid Music
090    $a 231008
091    $a 1 $b 20240516 $c 0
099    $t DC $c 2014-06-30 $d 2024-05-16 $x 3
100    $a 20110224f20102010m  y0frey5003    ba
101    $a fre
200    $a Carabistouilles $b Enr. sonore $f Cactus In Love
210    $a Lille, France $d P 2010
215    $a 1 d.c. $e 1 Livret (n.p.; 12 cm)
305    $a Enregistré au studio Ahddenteam à Lille
327    $a Bon à rien $a Izengrin $a Baudet $a Carabistouilles $a Charlie $a Danse dans la plaine $a Le secret du renard (l'Africaine) $a La fête aura lieu $a C'était moi $a La nuit a dit
339    $a m
345    $a CDMAIL $b 9999999948329
606 0  $a Chansons françaises $y France $y Nord (France) $x Disques $2 rameau
679    $a 099.2
700 00 $a Cactus in love
801  0 $a FR $b CDMAIL $c 20110303 $g AFNOR
995    $0 0 $2 0 $4 0 $5 2011-03-02 $9 265162 $P 21.84 $b MED $c MED $e MED3C $f C0005252393 $h PENRSZZ $k FLRSON DC/2374 $o 2 $p 21.84 $r PRETSON $s FLRSON_DC2374 $w 0 $y 2014-06-30 $7 CDMail
995    $0 0 $2 0 $4 0 $5 2011-03-02 $9 265163 $P 21.84 $b MED $c MED $e MED3C $f C0005252385 $h AMV80ZZ $k DC/099.2 CAC $o 0 $p 21.84 $r PRETSON $s DC_099_200000000000000_CAC $u Artiste régional $w 18 $y 2016-04-02 $7 CDMail

