00924nj  a2200241 n 4500
001 231363
003 http://www.mediathequederoubaix.fr/ark:/20179/KH231363
005 20240516023245.0
071 01 $a Ri 18.739 $b Rigolo
090    $a 231363
091    $a 1 $b 20240516 $c 0
099    $t DV $c 2014-06-30 $d 2024-05-16 $x 0
100    $a 20140630              frey50        
101    $a fre
200    $a Juanita Banana $b Enr. sonore $f Henri Salvador
215    $a 1 disque
327    $a Aussi : Caroline $a Soleil blanc $a Avant
339    $a m
700    $7 ba0yba0y $8 fre    $a Salvador $b Henri $f 1917-2008 $3 12535417 $9 4011
801    $a FR $b 595126101 $c 20110315 $g AFNOR
930    $5 595126101:F DESD 17/3046 $b 595126101 $a F DESD17/3046 $e Fonds Patrice Desdoit
317    $a Collection de Patrice Desdoit
995    $0 0 $2 0 $4 0 $5 2011-03-15 $9 265540 $b MED $c MED $e MED2D $f F DESD 17/3046 $h PENPDZZ $k F DESD17/3046 $o 0 $r PRETSON $s F_DESD17_3046_000000000000000 $w 0 $y 2014-06-30

