01243nj  a22002772  4500
001 231519
003 http://www.mediathequederoubaix.fr/ark:/20179/KH231519
005 20240516023307.0
071 01 $a 56725562492 $b Lusafrica
090    $a 231519
091    $a 1 $b 20240516 $c 0
099    $t DC $c 2014-06-30 $d 2024-05-16 $x 7
100    $a 20110314f20112011m  y0frey5003    ba
101    $a fre
200    $a Mali denhou $b Enr. sonore $f Boubacar Traoré
210    $d P 2011
215    $a 1 d.c. $d 1 livret (n.p. ; 12 cm)
327    $a M'badehou (06:07) $a Dundöbesse m'bedouniato (05:01) $a Mondeou (03:57) $a Mali denhou (04:50) $a Minuit (04:15) $a Farafina (05:39) $a Djougouya niagnini (06:08) $a N'dianamogo (06:13) $a Fama (05:39) $a Kankan baro (04:22) $a Mali tchebaou (06:33)
339    $a m
345    $a CDMAIL $b 3567255624926
606 0  $a Mandingues (peuple d'Afrique) $x Musique $2 rameau
606 0  $a Musique $y Mali $x Disques $2 rameau
679    $a 017.2
700    $7 ba0yba0y $8 fre    $a Traoré $b Boubacar $f 1942-.... $3 13997710 $9 43770
801  0 $a FR $b CDMAIL $c 20110322 $g AFNOR
995    $0 0 $2 0 $4 0 $5 2011-03-18 $9 265705 $P 14.26 $b MED $c MED $e MED1A $f C0005254531 $h AMV90ZZ $k DC/017.2 TRA $l contient 1 DC + 1 livret $o 0 $p 14.26 $r PRETSON $s DC_017_200000000000000_TRA $w 21 $y 2024-03-31 $7 CDMail

