04888cam a2200553   4500
001 231675
003 http://www.mediathequederoubaix.fr/ark:/20179/KH231675
010    $a 978-2-7324-4333-1 $b rel. $d 14,90 EUR
020    $a FR $b 01134780
033    $a http://catalogue.bnf.fr/ark:/12148/cb42451209c
035    $a FRBNF424512090000008
073  0 $a 9782732443331
090    $a 231675
091    $b 20240516 $c 1 $a 2
099    $t LI $c 2014-06-30 $d 2024-05-16 $x 48
100    $a 20110615d2011    a  y0frey50      ba
101 0  $a fre
102    $a FR
105    $a ||||z   00|y|
106    $a r
181  0 $6 01 $a i  $b xxxe  
181    $6 02 $c txt $2 rdacontent
182  0 $6 01 $a n
182    $6 02 $c n $2 rdamedia
200 1  $a Dis, comment ça marche ? $b Texte imprimé $e ces machines qui nous entourent $f Alain Korkos, Christophe Clérici
210    $a Paris $c La Martinière jeunesse $d impr. 2011 $e impr. en Espagne
215    $a 1 vol. (91 p.) $c ill. en coul., couv. ill. en coul. $d 30 cm
300    $a Index
321    $a La Revue des livres pour enfants $x 0398-8384
321    $a La Revue des livres pour enfants. Sélection annuelle
321    $a Escales en littérature de jeunesse $c 2013
329    $c Bravo ! $a **Dis, comment ça marche ? Ces machines qui nous entourentComment fonctionne un grille-pain ? Un stylo à bille ? Une guitare ? De quelle manière est propulsé le TGV ? Pourquoi un réfrigérateur produit-il du froid ? Un texte technique décrit avec précision la machine, son histoire et son fonctionnement général. Des dessins au trait réalistes, complétés par des légendes, montrent les différentes étapes de son fonctionnement. L'auteur, qui a publié pour la jeunesse dans différents genres, décortique et explique de façon convaincante le fonctionnement d'une quarantaine de machines et d'instruments d'usage quotidien. · part l'idée bizarre de commencer par la description de la locomotive à vapeur, qui ne fait plus vraiment partie de notre environnement, l'ouvrage, à la fois simple sans être simpliste, et bien documenté, renseigne aussi sur des objets dont on ne trouve pas la description dans d'autres documentaires pour la jeunesse, comme la fabrication des crayons de couleur ou le fonctionnement de la machine à café ou du défibrillateur. $d 20110419 $f DF $2 CNLJ $k Avis critique donné par le Centre national de la littérature pour la jeunesse
329    $a La fabrication des stylos à bille, grille-pain, montres ou crayons de couleur, le fonctionnement de la machine à café ou du défibrillateur, la propulsion du TGV... Une quarantaine de machines et d'instruments d'usage quotidien sont ici décortiqués et expliqués de façon convaincante. Un texte technique décrit avec précision chaque machine, son histoire et des dessins réalistes montrent les différentes étapes de son fonctionnement.
329    $a Une quarantaine de machines et d'instruments sont ici décortiqués et expliqués de façon convaincante : stylos à bille, grille-pain, montres, crayons de couleur, machine à café ou défibrillateur, TGV. Un texte technique décrit avec précision chaque machine, son histoire et des dessins réalistes montrent les différentes étapes de son fonctionnement. $d 20131001
330    $a A. Korkos explique le fonctionnement de 40 machines et instruments d'usage quotidien : grille-pain, montre, propulsion du TGV... L'ouvrage s'articule en deux parties présentes sur la même double page : un texte descriptif sur la machine, son histoire et son fonctionnement ; des légendes décrivant les différentes étapes de ce fonctionnement.
333    $a À partir de 9 ans $2 CNLJ $k Avis critique donné par le Centre national de la littérature pour la jeunesse
333    $a À partir de 11 ans $2 CNLJ $k Avis critique donné par le Centre national de la littérature pour la jeunesse
339    $a a
606    $3 11933639 $9 2152 $a Technique $2 rameau
608    $3 12070170 $9 13995 $a Dictionnaires pour la jeunesse $2 rameau
608    $a Documentaires : sciences et techniques $2 CNLJ $k Avis critique donné par le Centre national de la littérature pour la jeunesse
676    $a 604.83 $v 23
686    $a 600 $2 Cadre de classement de la Bibliographie nationale française
700    $3 11909987 $9 38276 $o ISNI0000000122805465 $a Korkos $b Alain $f 1955-.... $4 070
701    $3 16518976 $9 106283 $o ISNI0000000120507085 $a Clérici $b Christophe $4 070
801  0 $a FR $b FR-751131015 $c 20110615 $g AFNOR $h FRBNF424512090000008 $2 intermrc
999    $a FRBNF424512090000008
995    $0 0 $2 0 $4 0 $5 2011-03-19 $9 265889 $P 14.90 $b MED $c MED $e MED2A $f C0005175290 $h JDT60ZZ $k E/620 FON $o 0 $p 14.90 $r PRETLIV $s E_620_000000000000000_FON $w 56 $y 2024-05-17 $7 Bateau Livre
995    $0 0 $2 0 $4 0 $5 2011-03-22 $9 265890 $P 14.90 $b MED $c MED $e MED0A $f C0005175575 $h JDT60ZZ $k EXT E/620 FON $n 2024-07-10 $o 0 $p 14.90 $r PRETLIV $s EXT_E_620_000000000000000_FON $w 10 $y 2023-09-21 $7 Bateau Livre

