01078nj  a2200301 n 4500
001 231806
003 http://www.mediathequederoubaix.fr/ark:/20179/KH231806
005 20240516023903.0
090    $a 231806
091    $a 1 $b 20240516 $c 0
099    $t DG $c 2014-06-30 $d 2024-05-16 $x 0
100    $a 20140630              frey50        
101    $a fre
200    $a L'allemand sans peine $b Enr. sonore $v Vol. 18 $f Frau Ruschin, Herr Zach, Herr Ruschin, interpr.
210    $d [s.d.]
215    $a 1 disque 78 T $c 25 cm
225 2  $a Assimil
327    $a Face A : Leçons n&lt;U+00B0&gt; 114 ; 115 $a Face B : Leçons n&lt;U+00B0&gt; 116 ; 117
339    $a m
345    $a Fonds Desette
410    $t Assimil
700  1 $a Ruschin $b Frau
701  1 $a Ruschin $b Herr
701  1 $a Zach $b Herr
702  1 $4 390 $a Desette
801    $a FR $b 595126101 $c 20110412 $g AFNOR
930    $5 595126101:F DESE 25/0016 $b 595126101 $a F DESE25/0016 $e Fonds Desette
995    $0 0 $2 0 $4 0 $5 2011-03-23 $9 266136 $P 7.00 $b MED $c MED $e MED3C $f F DESE 25/0016 $h PENDEZZ $k F DESE25/0016 $o 2 $p 7.00 $r PRETSON $s F_DESE250016 $y 2014-06-30

