00990nj  a2200265 n 4500
001 231968
003 http://www.mediathequederoubaix.fr/ark:/20179/KH231968
005 20240516023929.0
071 01 $a DB. 3267 $b Columbia
090    $a 231968
091    $a 1 $b 20240516 $c 0
099    $t DG $c 2014-06-30 $d 2024-05-16 $x 0
100    $a 20140630              frey50        
101    $a fre
200    $a The Queen Elizabeth waltz $b Enr. sonore $f Victor Silverster and his silver strings
210    $d [s.d.]
215    $a 1 disque 78 T $c 25 cm
327    $a Face B : The Coronation waltz
339    $a m
345    $a Fonds Desette
700    $7 ba0yba0y $8 fre    $a Silvester $b Victor $f 1900-1978 $3 14034708 $9 106366
702  1 $4 390 $a Desette
801    $a FR $b 595126101 $c 20110419 $g AFNOR
930    $5 595126101:F DESE 25/0049 $b 595126101 $a F DESE25/0049 $e Fonds Desette
995    $0 0 $2 0 $4 0 $5 2011-03-26 $9 266315 $P 7.00 $b MED $c MED $e MED3C $f F DESE 25/0049 $h PENDEZZ $k F DESE25/0049 $o 2 $p 7.00 $r PRETSON $s F_DESE250049 $y 2014-06-30

