01049nj  a2200253 n 4500
001 232090
003 http://www.mediathequederoubaix.fr/ark:/20179/KH232090
005 20240516023947.0
071 01 $a 881636-7 $b Polydor
090    $a 232090
091    $a 1 $b 20240516 $c 0
099    $t DV $c 2014-06-30 $d 2024-05-16 $x 0
100    $a 20140630              frey50        
101    $a fre
200    $a A nous les garçons $b Enr. sonore $e générique du film de Michel Lang $f Laurie Destal et Daniel Ferrero
215    $a 1 disque
327    $a Face 1 : Ciao my love, good-bye $a Face 2 : instrumental
339    $a m
700  1 $a Destal $b Laurie
701  1 $7 ba0yba0y $8 fre    $3 16631519 $9 93595 $7 ba0yba0y $8 fre    $a Ferrero $b Daniel $f 19..-2012
801    $a FR $b 595126101 $c 20110401 $g AFNOR
930    $5 595126101:F DESD 17/3215 $b 595126101 $a F DESD17/3215 $e Fonds Patrice Desdoit
317    $a Collection de Patrice Desdoit
995    $0 0 $2 0 $4 0 $5 2011-04-01 $9 266440 $b MED $c MED $e MED2D $f F DESD 17/3215 $h PENPDZZ $k F DESD17/3215 $o 0 $r PRETSON $s F_DESD17_3215_000000000000000 $w 0 $y 2014-06-30

