01212ng  a2200265 n 4500
001 232229
003 http://www.mediathequederoubaix.fr/ark:/20179/KH232229
005 20240516024440.0
090    $a 232229
091    $a 1 $b 20240516 $c 0
099    $t VD $c 2014-06-30 $d 2024-05-16 $x 3
100    $a 20140630 2010         frey50        
101    $a fre
200    $a Quand l'Europe parlait français $b DVD $f Olivier Horn, réal. $g Marc Fumaroli, aut.
210    $a France $c Point du Jour $d 2010
215    $a 1 DVD ( 52 min ) $c coul., sonore
330    $a Le film retrace l'aventure de la langue française au XVIIIème siècle, du règne de Louis XIV à la veille de la révoltion française, en cherchant à décrypter les ressorts de son hégémonie dans l'Europe d'alors.
339    $a m
345    $a Adav
606 0  $a Français (langue) $z 18e siècle $x DVD $2 rameau
676    $a 440
700  1 $a Horn $b Olivier $f 1957-.... $4 300
702    $7 ba0yba0y $8 fre    $a Fumaroli $b Marc $f 1932-2020 $3 11903736 $4 070 $9 16470
801    $a FR $b 595126101 $c 20110511 $g AFNOR
995    $0 0 $2 0 $3 0 $4 0 $5 2011-05-10 $9 266576 $P 36.00 $b MED $c MED $e MED3A $f C0005257092 $h ACFLAFF $k DVD/410 ABC $o 0 $p 36.00 $r PRETDVD $s DVD_410_000000000000000_ABC $w 7 $y 2019-05-14 $7 ADAV $A 0

