01140nj  a22002652  4500
001 232358
003 http://www.mediathequederoubaix.fr/ark:/20179/KH232358
005 20240516024509.0
071 01 $a 3237472 $b Tôt Ou Tard
090    $a 232358
091    $a 1 $b 20240516 $c 0
099    $t DC $c 2014-06-30 $d 2024-05-16 $x 10
100    $a 20110405f20112011m  y0frey5003    ba
101    $a fre
200    $a Folk talk $b Enr. sonore $f Dick Annegarn
210    $d P 2011
215    $a 1 d.c.
327    $a Careless love $a Fever $a Saint james infirmary $a Worried man blues $a Don't think twice, it's alright $a Down in the valley $a Ox driver's song $a The house of the rising sun $a This train $a Black girl $a Georgia on my mind $a Little boxes $a Love me tender $a Oh what a beautiful city
339    $a m
345    $a CDMAIL $b 3596972374722
606 0  $a Blues $x Disques $2 rameau
679    $a 110
700    $7 ba0yba0y $8 fre    $a Annegarn $b Dick $f 1952-.... $3 12153523 $9 4937
801  0 $a FR $b CDMAIL $c 20110420 $g AFNOR
995    $0 0 $2 0 $4 0 $5 2011-04-16 $9 266707 $P 18.44 $b MED $c MED $e MED1A $f C0005256004 $h AMV11ZZ $k DC/110 ANN $o 0 $p 18.44 $r PRETSON $s DC_110_000000000000000_ANN $w 27 $y 2021-04-21 $7 CDMail

