01793cam a2200373   4500
001 232551
003 http://www.mediathequederoubaix.fr/ark:/20179/KH232551
010    $a 978-2-86853-527-6 $b br. $d 16 EUR
020    $a FR $b 00965318
033    $a http://catalogue.bnf.fr/ark:/12148/cb420911453
035    $a FRBNF420911450000002
073  0 $a 9782868535276
090    $a 232551
091    $b 20240516 $c 1 $a 2
099    $t LI $c 2014-06-30 $d 2024-05-16 $x 10
100    $a 20091104d2009    m  y0frey50      ba
101 0  $a fre
102    $a FR
105    $a ||||z   00|a|
106    $a r
181  0 $6 01 $a i  $b xxxe  
181    $6 02 $c txt $2 rdacontent
182  0 $6 01 $a n
182    $6 02 $c n $2 rdamedia
200 1  $a Quand je me deux $b Texte imprimé $e quelques poèmes tout relativement longs, id est + qu'un sonnet, dont un en anglais, deux suites et une traduction d'après Emily Dickinson $f Valérie Rouzeau
210    $a Cognac $c le Temps qu'il fait $d impr. 2009 $e 16-Magnac-sur-Touvre $g Impr. CMP
215    $a 1 vol. (101 p.) $d 19 cm
330    $a Recueil de poèmes de formes et longueurs diverses, parus pour certains dans des versions plus ou moins différentes, dans des livres d'artistes, revues et dans une anthologie. Faits de raccourcis et d'amputations, à la fois tristes et pleins d'espoirs, ils témoignent d'une recherche sur le langage.
339    $a m
686    $a 801 $2 Cadre de classement de la Bibliographie nationale française
700    $3 12015064 $9 27469 $o ISNI0000000110723286 $a Rouzeau $b Valérie $f 1967-.... $4 070
801  0 $a FR $b FR-751131015 $c 20091104 $g AFNOR $h FRBNF420911450000002 $2 intermrc
999    $a FRBNF420911450000002
995    $0 0 $2 0 $4 0 $5 2011-04-13 $9 266903 $P 16.00 $b MED $c MED $e MED1A $f C0005146843 $h ALTPOZZ $k P/ROU $o 0 $p 16.00 $r PRETLIV $s P_ROU $w 12 $y 2022-03-25 $7 ALIZE-SFL

