02261cam a2200445   4500
001 232885
003 http://www.mediathequederoubaix.fr/ark:/20179/KH232885
010    $a 978-2-8036-2807-0 $b rel. $d 10,45 EUR
020    $a FR $b 01119419
033    $a http://catalogue.bnf.fr/ark:/12148/cb42394575c
035    $a FRBNF423945750000005
073  0 $a 9782803628070
090    $a 232885
091    $b 20240516 $c 1 $a 2
099    $t LI $c 2014-06-30 $d 2024-05-16 $x 227
100    $a 20110323d2011    a  y0frey50      ba
101 0  $a fre
102    $a BE
105    $a ||||t   00|a|
106    $a r
181  0 $6 01 $a i  $b xxxe   $a b  $b xb2e  
181    $6 02 $c txt $c sti $2 rdacontent
182  0 $6 01 $a n
182    $6 02 $c n $2 rdamedia
200 1  $a Les Schtroumpfs et l'arbre d'or $b Texte imprimé $f scénario, Alain Jost et Thierry Culliford $g dessin, Pascal Garray $g couleurs, Nine Culliford
210    $a Bruxelles $a [Paris] $c le Lombard $d DL 2011 $e impr. en Belgique
215    $a 1 vol. (48 p.) $c ill. en coul., couv. ill. en coul. $d 30 cm
225 19 $a Les Schtroumpfs $v 29
300    $a La couv. porte en plus : "une histoire des Schtroumpfs de Peyo"
330    $a Les Schtroumpfs démarrent une nouvelle année par la traditionnelle fête de l'Arbre d'or. Mais le précieux totem est détruit par la foudre, provoquant dans le village une vague de superstitions.
339    $a a
608    $a Bandes dessinées $2 CNLJ $k Avis critique donné par le Centre national de la littérature pour la jeunesse
686    $a 805 $2 Cadre de classement de la Bibliographie nationale française
700    $3 12366153 $9 95324 $o ISNI0000000115630046 $a Jost $b Alain $f 1955-.... $4 070
701    $3 12599253 $9 10522 $o ISNI0000000115842305 $a Culliford $b Thierry $f 1955-.... $4 070
701    $3 14528480 $9 10523 $o ISNI0000000120231234 $a Garray $b Pascal $f 1965-2017 $4 070
801  0 $a FR $b FR-751131015 $c 20110323 $g AFNOR $h FRBNF423945750000005 $2 intermrc
999    $a FRBNF423945750000005
995    $0 0 $2 0 $4 0 $5 2011-04-23 $9 267265 $P 10.45 $b MED $c MED $e MED0A $f C0005147271 $h JBDZZZZ $k EXT E BD/PEY $o 0 $p 10.45 $r PRETLIV $s EXT_E_BDPEY $w 7 $y 2018-12-18 $7 BD fugue
995    $0 0 $2 0 $4 0 $5 2023-12-15 $9 471371 $P 11.95 $b MED $c MED $e MED2A $f C2600009123 $h JBDSRZZ $k E BD/SERIES $n 2024-05-24 $o 0 $p 11.95 $r PRETLIV $s E_BD_SERIES $w 6 $y 2024-05-03

