00921nj  a2200241 n 4500
001 233044
003 http://www.mediathequederoubaix.fr/ark:/20179/KH233044
005 20240516025250.0
071 01 $a 6069 114 $b Philips
090    $a 233044
091    $a 1 $b 20240516 $c 0
099    $t DV $c 2014-06-30 $d 2024-05-16 $x 0
100    $a 20140630              frey50        
101    $a fre
200    $a Pais tropical - Fio maravilha - Taj Mahal $b Enr. sonore $f Jorge Ben
215    $a 1 disque
327    $a Face 2 : Caramba
339    $a m
700    $7 ba0yba0y $8 fre    $a Ben $b Jorge $f 1940-.... $3 13891351 $9 17769
801    $a FR $b 595126101 $c 20110503 $g AFNOR
930    $5 595126101:F DESD 17/3394 $b 595126101 $a F DESD17/3394 $e Fonds Patrice Desdoit
317    $a Collection de Patrice Desdoit
995    $0 0 $2 0 $4 0 $5 2011-05-03 $9 267421 $b MED $c MED $e MED2D $f F DESD 17/3394 $h PENPDZZ $k F DESD17/3394 $o 0 $r PRETSON $s F_DESD17_3394_000000000000000 $w 0 $y 2014-06-30

