00947nj  a2200241 n 4500
001 233198
003 http://www.mediathequederoubaix.fr/ark:/20179/KH233198
005 20240516025823.0
071 01 $a OTB 1317-7 $b On The Beat
090    $a 233198
091    $a 1 $b 20240516 $c 0
099    $t DV $c 2014-06-30 $d 2024-05-16 $x 0
100    $a 20140630              frey50        
101    $a fre
200    $a Rockin'over the beat $b Enr. sonore $f Technotronic
215    $a 1 disque
327    $a Face B : Rockin'over the beat (rockin'over Manchester 7" remix)
339    $a m
710    $7 ba0yba0y $8 fre    $a Technotronic $3 13935844 $9 40960
801    $a FR $b 595126101 $c 20110506 $g AFNOR
930    $5 595126101:F DESD 17/3445 $b 595126101 $a F DESD17/3445 $e Fonds Patrice Desdoit
317    $a Collection de Patrice Desdoit
995    $0 0 $2 0 $4 0 $5 2011-05-06 $9 267570 $b MED $c MED $e MED2D $f F DESD 17/3445 $h PENPDZZ $k F DESD17/3445 $o 0 $r PRETSON $s F_DESD17_3445_000000000000000 $w 0 $y 2014-06-30

