01236nj  a22002652  4500
001 233365
003 http://www.mediathequederoubaix.fr/ark:/20179/KH233365
005 20240516025852.0
071 01 $a 4782645 $b Decca
090    $a 233365
091    $a 1 $b 20240516 $c 0
099    $t DC $c 2014-06-30 $d 2024-05-16 $x 7
100    $a 20110510f20112011m  y0frey5003    ba
101    $a fre
200    $a Rock symphonies $b Enr. sonore $f David Garrett
210    $d P 2011
215    $a 1 d.c. $e 1 Livret (n.p.;12 cm)
327    $a Smells like teen spirit / Nirvana $a November rain / Guns n' Roses $a The 5th / Beethoven $a Walk this way / Aerosmith $a Live and let die / Paul McCartney $a Vivaldi vs. Vertigo $a Master of puppets / Metallica $a 80's anthem $a Toccata / Bach $a Asturias / Albeniz $a Kashmir / Led Zeppelin $a Rock symphony $a Peer gynt / Grieg $a Mission impossible $a Rocking all over the world
339    $a m
345    $a CDMAIL $b 0028947826453
606 0  $a Violon, Musique de (rock) $x Disques $2 rameau
679    $a 2
700  1 $a Garrett $b David $f 1980-....
801  0 $a FR $b CDMAIL $c 20111116 $g AFNOR
995    $0 0 $2 0 $4 0 $5 2011-11-12 $9 267730 $P 16.74 $b MED $c MED $e MED1A $f C0005481248 $h AMV20ZZ $k DC/2 GAR $o 0 $p 16.74 $r PRETSON $s DC_2_000000000000000_GAR $w 14 $y 2023-08-22 $7 CDMail $A 0

