00866nj  a2200241 n 4500
001 233518
003 http://www.mediathequederoubaix.fr/ark:/20179/KH233518
005 20240516025911.0
071 01 $a AMP 106 $b Amplitude
090    $a 233518
091    $a 1 $b 20240516 $c 0
099    $t DV $c 2014-06-30 $d 2024-05-16 $x 0
100    $a 20140630              frey50        
101    $a fre
200    $a Comme un crooner $b Enr. sonore $f Franck Emanuel
215    $a 1 disque
327    $a Face B : instrumental
339    $a m
700  1 $a Emanuel $b Franck
801    $a FR $b 595126101 $c 20110511 $g AFNOR
930    $5 595126101:F DESD 17/3540 $b 595126101 $a F DESD17/3540 $e Fonds Patrice Desdoit
317    $a Collection de Patrice Desdoit
995    $0 0 $2 0 $4 0 $5 2011-05-11 $9 267885 $b MED $c MED $e MED2D $f F DESD 17/3540 $h PENPDZZ $k F DESD17/3540 $o 0 $r PRETSON $s F_DESD17_3540_000000000000000 $w 0 $y 2014-06-30

