01936cam a2200409   4500
001 233700
003 http://www.mediathequederoubaix.fr/ark:/20179/KH233700
010    $a 978-2-265-08971-6 $b br. $d 20,90 EUR
020    $a FR $b 01121998
033    $a http://catalogue.bnf.fr/ark:/12148/cb42405073v
035    $a FRBNF424050730000008
073  0 $a 9782265089716
090    $a 233700
091    $b 20240516 $c 1 $a 2
099    $t LI $c 2014-06-30 $d 2024-05-16 $x 19
100    $a 20110406d2011    m  y0frey50      ba
101 1  $a fre $c eng
102    $a FR
105    $a ||||z   00|a|
106    $a r
181  0 $6 01 $a i  $b xxxe  
181    $6 02 $c txt $2 rdacontent
182  0 $6 01 $a n
182    $6 02 $c n $2 rdamedia
200 1  $a Amazonia $b Texte imprimé $f James Rollins $g traduit de l'anglais (États-Unis) par Leslie Boitelle
210    $a Paris $c Fleuve noir $d impr. 2011 $e 61-Lonrai $g Normandie roto impr.
215    $a 1 vol. (585 p.) $c ill., couv. ill. en coul. $d 23 cm
300    $a La couv. porte en plus : "thriller"
330    $a Gerald Wallace Clarck est retrouvé à la lisière de la jungle après 4 longues années d'errance. Aux vues des tortures infligées, le père Garcia Luiz Batista comprend l'importance de sa découverte. Les recherches sont lancées pour retrouver l'équipe scientifique de Clarck, d'autant que quelques évènements étranges viennent compliquer l'affaire.
339    $a m
454  1 $t Amazonia
686    $a 803 $2 Cadre de classement de la Bibliographie nationale française
700    $3 15515487 $9 99588 $o ISNI0000000121449382 $a Rollins $b James $f 1961-.... $4 070
702    $3 14529267 $9 1431 $o ISNI0000000051298290 $a Boitelle-Tessier $b Leslie $4 730
801  0 $a FR $b FR-751131015 $c 20110406 $g AFNOR $h FRBNF424050730000008 $2 intermrc
999    $a FRBNF424050730000008
995    $0 0 $2 0 $4 0 $5 2011-05-17 $9 268066 $P 20.90 $b MED $c MED $e MED1A $f C0005178387 $h ALTROZZ $k R/ROL $o 0 $p 20.90 $r PRETLIV $s R_ROL $w 33 $y 2023-06-15 $7 ALIZE-SFL

