04023nj  a22003252  4500
001 233849
003 http://www.mediathequederoubaix.fr/ark:/20179/KH233849
005 20240516030708.0
071 01 $a 855256 $b JSP Records
090    $a 233849
091    $a 1 $b 20240516 $c 0
099    $t DC $c 2014-06-30 $d 2024-05-16 $x 4
100    $a 20110509f20092009m  y0frey5003    ba
101    $a fre
200    $a Cantors, klezmorim and crooners 1905-1953 $b Enr. sonore $e Classic yiddish 78s from the Mayrent collection $f Natfule Brandwein, Nellie Casman, Henri Gerro...[et al.] $g Art Shryer's Yiddish Orchestra, Friedsel Band, Elenkrig's Orchestra...[et al.]
210    $d P 2009
215    $a 3 d.c. $e 1 Livret (70 p.; 12 cm)
327    $a CD 1 : Der heisser / Natfule Brandwein $a Nellie, thu es noch amol / Nellie Casman $a Rowno / Henri Gerro $a Medley of traditional songs / Oscar Julius Quartet $a Mi sheoso nisim / Cantor Berele Chagy $a Boruch habo / Friedsel Band $a Getzel at a baseball game / Michel Rosenberg $a Yidden, loift tzum rebbin / Peisachke Burstein $a Kol nidre / Cantor Selmar Cerini $a Katinka / Molly Picon $a Die boibriker chasseneh (part 1 & 2) / Boibriker Kapelle $a Hop-lia-lia-tantz / Mishka Ziganoff $a Unsane toikef / Cantor David Roitman $a Mlava malke / Iza Kremer $a Ov-horachamim / Fraydele Oysher $a Dem rebins nign / Elenkrig's Orchestra $a Ye ch'ob nit kein panemis / Gus Goldstein $a Arashas s'fosenu / Machtenberg's Male Choir $a Attorney street / Ludwig Satz $a Haben yakir li / Cantor Alter Yechiel Karniol $a Tantzen zol zein getantzt / Sam Finkle $a CD 2 : Selection of hebrew dances, n&lt;U+00B0&gt;2 / Ambrose and his Orchestra $a Nem mich zu fun der machine / Jennie Goldstein $a Histendiger chazen / Maurice Schwartz $a Vus zull men zingen / Feder Sisters $a Telebende furt kein amerika / Clara Gold $a Hinenee heoni-mimaas / Cantor Joseph Rosenblatt $a Auf der mohlidivanka / Kandel's Orchestra $a Vie iz dos gessele / Abe Moskowitz $a Marry a yiddish boy / American Quartet $a Suze bren die dienst moid / Bessie Thomashefsky $a Rozo deshabbos (part 1 & 2) / Cantor Pierre Pinchik $a OPeratic rag / Joseph Moskowitz $a Ich bin a boarder by mein weib / Fyvush Finkel $a Nukh shale-sudes / Belf's Roumanian Orchestra $a Der alter zigeuner / Bagelman Sisters $a If i were rotschild / Sholom Aleichem $a Kiddush / Madame Sophie Kurtzer $a Fregt die velt an alte kashe / Yiddish Natzional Arbeiter Farband Chor $a Alle menshen thuen dos / Simon Paskal $a Tikanto shabbos (part 1) / Cantor Mordechay Hershman $a In gorten fun liebe : potpourri / Alexander Olshanetsky's Orkester $a CD 3 : Czortkow'er chusid / Art Shryer's Yiddish Orchestra $a Eli eli / Frances Simonoff $a A brivele der mame (part 1) / Solomon Smulewitz $a Birchas kohanim / Cantor Isaiah Meisels $a Oks odessauer chusidl / Russisch-jüdische Orchestra $a Cohen on the telephone / Joe Hayman $a Lenine and trotsky / Morris Goldstein $a Von die zweigen die fidelach / Regina Prager $a Odom yasoido meafor / Cantor Gershon Sirota $a My yiddishe momme (part 1 & 2) / Sophie Tucker $a As du furst avek / Yenkovitz and Goldberg $a Ojlom habu / Frau Pepi Littmann $a Der kadish / Goldin Quartet $a Chasidic in america / Moishe Oysher and Florence Weiss $a Tanz in Jerusheljim / Broder Kapelle $a Moishe kapoir / Joseph Feldman $a Al hurishonim / Cantor Leibele Waldman $a Duvid hamelech's fidel / Belle Baker $a Tsur israel / Goldie and The Malavsky Family $a Der trombenik / Aaron Lebedeff $a Ovinu malkeinu / Cantor Sawel Kwartin $a Russishe shehr / Abe Schwartz Orchestra
339    $a m
345    $a CDMAIL $b 0788065520120
606 0  $7 ba0yba0y $8 fre    $3 13507523 $9 355 $a Klezmer $x Disques $y Etats Unis $2 rameau
679    $a 001.2
700  1 $a Brandwein $b Natfule
701  1 $a Casman $b Nellie
701  1 $a Gerro $b Henri
711 02 $a Art Shryer's Yiddish Orchestra
711 02 $a Friedsel Band
711 02 $a Elenkrig's Orchestra
801  0 $a FR $b CDMAIL $c 20110610 $g AFNOR
995    $0 0 $2 0 $4 0 $5 2011-06-09 $9 268214 $P 27.45 $b MED $c MED $e MED3C $f C0005471454 $h AMV90ZZ $k DC/001.2 A $l contient 3 DC + 1 livret $o 0 $p 27.45 $r PRETSON $s DC_001_200000000000000_A $w 13 $y 2018-07-07 $7 CDMail

