00873nj  a2200241 n 4500
001 233968
003 http://www.mediathequederoubaix.fr/ark:/20179/KH233968
005 20240516030727.0
071 01 $a OTT 889 502-7 $b Off The track
090    $a 233968
091    $a 1 $b 20240516 $c 0
099    $t DV $c 2014-06-30 $d 2024-05-16 $x 0
100    $a 20140630              frey50        
101    $a fre
200    $a Roxette $b Enr. sonore $f Dr. Feelgood
215    $a 1 disque
327    $a Face B : Bonie Moronie - Tequila
339    $a m
710 02 $a Dr. Feelgood
801    $a FR $b 595126101 $c 20110521 $g AFNOR
930    $5 595126101:F DESD 17/3698 $b 595126101 $a F DESD17/3698 $e Fonds Patrice Desdoit
317    $a Collection de Patrice Desdoit
995    $0 0 $2 0 $4 0 $5 2011-05-21 $9 268334 $b MED $c MED $e MED2D $f F DESD 17/3698 $h PENPDZZ $k F DESD17/3698 $o 0 $r PRETSON $s F_DESD17_3698_000000000000000 $w 0 $y 2014-06-30

