00857nj  a2200241 n 4500
001 234075
003 http://www.mediathequederoubaix.fr/ark:/20179/KH234075
005 20240516031414.0
071 01 $a 49280 $b WIP records
090    $a 234075
091    $a 1 $b 20240516 $c 0
099    $t DV $c 2014-06-30 $d 2024-05-16 $x 0
100    $a 20140630              frey50        
101    $a fre
200    $a I wrote me a song $b Enr. sonore $f John Vallins
215    $a 1 disque
327    $a Face B : May be
339    $a m
700  1 $a Vallins $b John
801    $a FR $b 595126101 $c 20110525 $g AFNOR
930    $5 595126101:F DESD 17/3768 $b 595126101 $a F DESD17/3768 $e Fonds Patrice Desdoit
317    $a Collection de Patrice Desdoit
995    $0 0 $2 0 $4 0 $5 2011-05-25 $9 268448 $b MED $c MED $e MED2D $f F DESD 17/3768 $h PENPDZZ $k F DESD17/3768 $o 0 $r PRETSON $s F_DESD17_3768_000000000000000 $w 0 $y 2014-06-30

