01843cam a2200397   4500
001 234321
003 http://www.mediathequederoubaix.fr/ark:/20179/KH234321
010    $a 978-2-7499-1385-8 $b br. $d 17,50 EUR
020    $a FR $b 01124507
033    $a http://catalogue.bnf.fr/ark:/12148/cb42420589t
035    $a FRBNF42420589000000X
073  0 $a 9782749913858
090    $a 234321
091    $b 20240516 $c 1 $a 2
099    $t LI $c 2014-06-30 $d 2024-05-16 $x 21
100    $a 20110428d2011    m  y0frey50      ba
101 0  $a fre
102    $a FR
105    $a ||||z   00|a|
106    $a r
181  0 $6 01 $a i  $b xxxe  
181    $6 02 $c txt $2 rdacontent
182  0 $6 01 $a n
182    $6 02 $c n $2 rdamedia
200 1  $a Le premier crâne $b Texte imprimé $f Nicolas Sker
210    $a Neuilly-sur-Seine $c M. Lafon $d DL 2011 $e 14-Condé-sur-Noireau $g Corlet impr.
215    $a 1 vol. (348 p.) $c couv. ill. $d 23 cm
300    $a La couv. porte en plus : "un secret ancestral, une traque sans merci"
300    $a Bibliogr. p. 347-348
330    $a Directeur d'un laboratoire de datation archéologique, Marcus Malhomme aime les certitudes. Mais le jour où son ex-femme Hélène lui fait parvenir un crâne en parfait état d'un âge bien antérieur à toute forme de vie humaine sur terre, son univers bascule dans l'irrationnel. Il décide d'enquêter avec Evannah Poleska sur l'origine de ce crâne. Premier roman.
339    $a m
686    $a 803 $2 Cadre de classement de la Bibliographie nationale française
700    $3 16507065 $9 106905 $o ISNI0000000119958276 $a Sker $b Nicolas $4 070
801  0 $a FR $b FR-751131015 $c 20110428 $g AFNOR $h FRBNF42420589000000X $2 intermrc
999    $a FRBNF42420589000000X
995    $0 0 $2 0 $4 0 $5 2011-06-04 $9 268696 $P 17.50 $b MED $c MED $e MED1A $f C0005231070 $h ALTROPL $k RP/SKE $o 0 $p 17.50 $r PRETLIV $s RP_SKE $w 29 $y 2024-04-10 $7 ALIZE-SFL

