01835cam a2200397   4500
001 234507
003 http://www.mediathequederoubaix.fr/ark:/20179/KH234507
010    $a 978-2-267-02153-0 $b br. $d 22 EUR
020    $a FR $b 01116122
033    $a http://catalogue.bnf.fr/ark:/12148/cb42384989z
035    $a FRBNF423849890000009
073  0 $a 9782267021530
090    $a 234507
091    $b 20240516 $c 1 $a 2
099    $t LI $c 2014-06-30 $d 2024-05-16 $x 5
100    $a 20110309d2011    m  y0frey50      ba
101 1  $a fre $c eng
102    $a FR
105    $a ||||z   00|a|
106    $a r
181  0 $6 01 $a i  $b xxxe  
181    $6 02 $c txt $2 rdacontent
182  0 $6 01 $a n
182    $6 02 $c n $2 rdamedia
200 1  $a Minuit dans une vie parfaite $b Texte imprimé $f Michael Collins $g traduit de l'anglais (États-Unis) par Isabelle Chapman
210    $a [Paris] $c C. Bourgois $d DL 2011 $e 27-Mesnil-sur-l'Estrée $g Impr. CPI Firmin-Didot
215    $a 1 vol. (330 p.) $c couv. ill. en coul. $d 20 cm
330    $a En 1999 à Chicago, Karl, écrivain de 40 ans, et Lori, sa compagne, qui subvient à leurs besoins, traversent une crise existentielle. Lori est stérile, aussi ils ont recours à la procréation artificielle, mais Karl voit ses plus grandes peurs surgir.
339    $a m
454  1 $t Midnight in a perfect life
686    $a 803 $2 Cadre de classement de la Bibliographie nationale française
700    $3 13548079 $9 58141 $o ISNI0000000079877534 $a Collins $b Michael $f 1964-.... $4 070
702    $3 11896071 $9 285476 $o ISNI0000000121005167 $a Chapman $b Isabelle $f 1953-.... $4 730
801  0 $a FR $b FR-751131015 $c 20110309 $g AFNOR $h FRBNF423849890000009 $2 intermrc
999    $a FRBNF423849890000009
995    $0 0 $2 0 $4 0 $5 2011-06-08 $9 268883 $P 22.00 $b MED $c MED $e MED1A $f C0005195038 $h ALTROZZ $k R/COL $o 0 $p 22.00 $r PRETLIV $s RCOL $w 10 $y 2023-03-10 $7 ALIZE-SFL

