01293nam a2200301 n 4500
001 234631
003 http://www.mediathequederoubaix.fr/ark:/20179/KH234631
005 20180724132211.0
033    $a http://catalogue.bnf.fr/ark:/12148/cb40333530n
035    $a HZ_
090    $a 234631
091    $a 0
099    $t LI $c 2014-06-30 $d 2014-06-30 $x 0
100    $a          1920         frey5003    ba
101    $a fre
102    $a   
200    $a Vieilles chansons de France $e album à colorier $f dessins de H. Gray
210    $a [Paris $c Ch. Ramel $d ca 1920] $e Paris $g impr. Ch. Courmont
215    $a [20] p. $c ill. en coul., mus. $d 23 x 30 cm
300    $a Notice rédigée d'après BN Opale +
307    $a Manque la page de couverture
327    $a La bonne aventure $a Compère Guilleri $a Le rat de ville et le rat des champs $a C'est le roi Dagobert $a Fanfan la tulipe $a Ton-ton, tontaine, ton-ton
339    $a m
606 0  $9 243643 $a Chansons enfantines $y France $x Ouvrages illustrés
700  1 $9 291617 $a Gray $b Henri $f 1858-1924 $4 440
801    $a FR $b 595126101 $c 20120718 $g AFNOR
930    $5 595126101:c0004976902 $b 595126101 $a BR 8/2908 $e Fonds patrimonial
995    $0 0 $2 0 $4 0 $5 2011-06-11 $9 269027 $b MED $c MED $e MED3M $f c0004976902 $h PPEFGZZ $k BR 8/2908 $o 2 $r PRETLIV $s BR_82908_000000000000000 $w 0 $y 2014-06-30 $7 Don

