00853nj  a2200253 n 4500
001 234757
003 http://www.mediathequederoubaix.fr/ark:/20179/KH234757
005 20240516032202.0
035    $a HZ_
071 01 $a 88.265 $b New Rose
090    $a 234757
091    $a 1 $b 20240516 $c 0
099    $t DV $c 2014-06-30 $d 2024-05-16 $x 0
100    $a 20140630              frey50        
101    $a fre
200    $a Abortion $b Enr. sonore $f Riley
215    $a 1 disque
327    $a Face B : Mr. Chip
339    $a m
700  1 $a Riley
801    $a FR $b 595126101 $c 20110615 $g AFNOR
930    $5 595126101:F DESD 17/3887 $b 595126101 $a F DESD17/3887 $e Fonds Patrice Desdoit
317    $a Collection de Patrice Desdoit
995    $0 0 $2 0 $4 0 $5 2011-06-15 $9 269158 $b MED $c MED $e MED2D $f F DESD 17/3887 $h PENPDZZ $k F DESD17/3887 $o 0 $r PRETSON $s F_DESD17_3887_000000000000000 $w 0 $y 2014-06-30

