00920nj  a2200253 n 4500
001 234893
003 http://www.mediathequederoubaix.fr/ark:/20179/KH234893
005 20240516032651.0
035    $a HZ_
071 01 $a 6078 301 $b Philips
090    $a 234893
091    $a 1 $b 20240516 $c 0
099    $t DV $c 2014-06-30 $d 2024-05-16 $x 0
100    $a 20140630              frey50        
101    $a fre
200    $a Help me make it through the night $b Enr. sonore $f John Holt
215    $a 1 disque
327    $a Face B : Tell me why
339    $a m
700  1 $7 ba0yba0y $8 fre    $a Holt $b John $f 1923-1985
801    $a FR $b 595126101 $c 20110617 $g AFNOR
930    $5 595126101:F DESD 17/3948 $b 595126101 $a F DESD17/3948 $e Fonds Patrice Desdoit
317    $a Collection de Patrice Desdoit
995    $0 0 $2 0 $4 0 $5 2011-06-17 $9 269327 $b MED $c MED $e MED2D $f F DESD 17/3948 $h PENPDZZ $k F DESD17/3948 $o 0 $r PRETSON $s F_DESD17_3948_000000000000000 $w 0 $y 2014-06-30

