00950nj  a2200265 n 4500
001 235017
003 http://www.mediathequederoubaix.fr/ark:/20179/KH235017
005 20240516032717.0
035    $a HZ_
071 01 $a 6007 027 $b Fontana
090    $a 235017
091    $a 1 $b 20240516 $c 0
099    $t DV $c 2014-06-30 $d 2024-05-16 $x 0
100    $a 20140630              frey50        
101    $a fre
200    $a Nine by nine $b Enr. sonore $f John Dummer Famous Music Band
215    $a 1 disque
327    $a Face B : Move me, don't leave me
339    $a m
700  1 $a Dummer $b John
711 02 $a John Dummer Famous Music Band
801    $a FR $b 595126101 $c 20110621 $g AFNOR
930    $5 595126101:F DESD 17/4006 $b 595126101 $a F DESD17/4006 $e Fonds Patrice Desdoit
317    $a Collection de Patrice Desdoit
995    $0 0 $2 0 $4 0 $5 2011-06-21 $9 269488 $b MED $c MED $e MED2D $f F DESD 17/4006 $h PENPDZZ $k F DESD17/4006 $o 0 $r PRETSON $s F_DESD17_4006_000000000000000 $w 0 $y 2014-06-30

