00868nj  a2200253 n 4500
001 235154
003 http://www.mediathequederoubaix.fr/ark:/20179/KH235154
005 20240516032732.0
035    $a HZ_
071 01 $a CBS 6587 $b CBS
090    $a 235154
091    $a 1 $b 20240516 $c 0
099    $t DV $c 2014-06-30 $d 2024-05-16 $x 0
100    $a 20140630              frey50        
101    $a fre
200    $a Amigo $b Enr. sonore $f Roberto Carlos
215    $a 1 disque
327    $a Face B : Nosso amor
339    $a m
700  1 $a Carlos $b Roberto
801    $a FR $b 595126101 $c 20110624 $g AFNOR
930    $5 595126101:F DESD 17/4077 $b 595126101 $a F DESD17/4077 $e Fonds Patrice Desdoit
317    $a Collection de Patrice Desdoit
995    $0 0 $2 0 $4 0 $5 2011-06-24 $9 269677 $b MED $c MED $e MED2D $f F DESD 17/4077 $h PENPDZZ $k F DESD17/4077 $o 0 $r PRETSON $s F_DESD17_4077_000000000000000 $w 0 $y 2014-06-30

