01888cam a2200409   4500
001 235338
003 http://www.mediathequederoubaix.fr/ark:/20179/KH235338
010    $a 978-2-36081-013-0 $b rel. $d 20 EUR
020    $a FR $b 01130521
033    $a http://catalogue.bnf.fr/ark:/12148/cb42435746h
035    $a FRBNF42435746000000X
073  0 $a 9782360810130
090    $a 235338
091    $b 20240516 $c 1 $a 2
099    $t LI $c 2014-06-30 $d 2024-05-16 $x 3
100    $a 20110519d2011    m  y0frey50      ba
101 1  $a fre $c eng
102    $a FR
105    $a ||||t   00|a|
106    $a r
181  0 $6 01 $a i  $b xxxe   $a b  $b xb2e  
181    $6 02 $c txt $c sti $2 rdacontent
182  0 $6 01 $a n
182    $6 02 $c n $2 rdamedia
200 1  $a Mister Wonderful $b Texte imprimé $f Daniel Clowes
210    $a Paris $c Cornélius $d impr. 2011 $e impr. à Singapour
215    $a 1 vol. (77 p.) $c ill. en coul., couv. ill. en coul. $d 17 x 30 cm
225    $a Collection Solange $v 28
300    $a Trad. de l'anglais
330    $a Recueil de saynètes parues chaque semaine dans le New York Times. Marshall, célibataire introspectif et grisonnant, s'apitoie sur son sort et sur celui de l'humanité tout entière qui, selon lui, se dégrade. Il attend Nathalie, une jeune femme qu'un couple d'amis bienveillants veut lui présenter et dont il est presque certain qu'elle ne viendra pas.
339    $a m
410  0 $0 36131526 $t Collection Solange $x 1286-9635 $v 28
686    $a 805 $2 Cadre de classement de la Bibliographie nationale française
700    $3 13518664 $9 38423 $o ISNI0000000121421697 $a Clowes $b Daniel $f 1961-.... $4 070
801  0 $a FR $b FR-751131015 $c 20110519 $g AFNOR $h FRBNF42435746000000X $2 intermrc
999    $a FRBNF42435746000000X
995    $0 0 $2 0 $4 0 $5 2011-07-01 $9 269862 $P 20.00 $b MED $c MED $e MED3H $f C0005233284 $h AAPBDCM $k BD COMICS/CLO $o 0 $p 20.00 $r PRETLIV $s BD_COMICS_CLO $w 18 $y 2017-08-04 $7 BD fugue

