00878nj  a2200253 n 4500
001 235479
003 http://www.mediathequederoubaix.fr/ark:/20179/KH235479
005 20240516033235.0
035    $a HZ_
071 01 $a 121.357L $b Riviera
090    $a 235479
091    $a 1 $b 20240516 $c 0
099    $t DV $c 2014-06-30 $d 2024-05-16 $x 0
100    $a 20140630              frey50        
101    $a fre
200    $a A man can be proud $b Enr. sonore $f Rex Hilton
215    $a 1 disque
327    $a Face B : Without you
339    $a m
700  1 $a Hilton $b Rex
801    $a FR $b 595126101 $c 20110708 $g AFNOR
930    $5 595126101:F DESD 17/4177 $b 595126101 $a F DESD17/4177 $e Fonds Patrice Desdoit
317    $a Collection de Patrice Desdoit
995    $0 0 $2 0 $4 0 $5 2011-07-08 $9 270008 $b MED $c MED $e MED2D $f F DESD 17/4177 $h PENPDZZ $k F DESD17/4177 $o 0 $r PRETSON $s F_DESD17_4177_000000000000000 $w 0 $y 2014-06-30

