00945nj  a2200253 n 4500
001 235600
003 http://www.mediathequederoubaix.fr/ark:/20179/KH235600
005 20240516033307.0
035    $a HZ_
071 01 $a 2C008-9522 $b Pathé Marconi
090    $a 235600
091    $a 1 $b 20240516 $c 0
099    $t DV $c 2014-06-30 $d 2024-05-16 $x 0
100    $a 20140630              frey50        
101    $a fre
200    $a Boogie woogie bugle boy $b Enr. sonore $f The Andrews Sisters
215    $a 1 disque
327    $a Face B : Rum and coca cola
339    $a m
710    $7 ba0yba0y $8 fre    $a Andrews sisters $3 13505721 $9 5103
801    $a FR $b 595126101 $c 20131226 $g AFNOR
930    $5 595126101:F DESD 17/4232 $b 595126101 $a F DESD17/4232 $e Fonds Patrice Desdoit
317    $a Collection de Patrice Desdoit
995    $0 0 $2 0 $4 0 $5 2011-07-15 $9 270130 $b MED $c MED $e MED2D $f F DESD 17/4232 $h PENPDZZ $k F DESD17/4232 $o 0 $r PRETSON $s F_DESD17_4232_000000000000000 $w 0 $y 2014-06-30

