01032nj  a2200277 n 4500
001 235702
003 http://www.mediathequederoubaix.fr/ark:/20179/KH235702
005 20240516033733.0
035    $a HZ_
071 01 $a F.B. 3648 $b Columbia
090    $a 235702
091    $a 1 $b 20240516 $c 0
099    $t DG $c 2014-06-30 $d 2024-05-16 $x 0
100    $a 20140630              frey50        
101    $a fre
200    $a Trust in me - Slow foxtrot $b Enr. sonore $f Victor Silvester and his Ballroom Orchestra
210    $d [s.d.]
215    $a 1 disque 78 T $c 25 cm
327    $a face B : From the time you say goodbye - Waltz
339    $a m
345    $a Fonds Desette
700    $7 ba0yba0y $8 fre    $a Silvester $b Victor $f 1900-1978 $3 14034708 $9 106366
702  1 $4 390 $a Desette
801    $a FR $b 595126101 $c 20110719 $g AFNOR
930    $5 595126101:F DESE 25/0296 $b 595126101 $a F DESE25/0296 $e Fonds Desette
995    $0 0 $2 0 $4 0 $5 2011-07-20 $9 270232 $P 7.00 $b MED $c MED $e MED3C $f F DESE 25/0296 $h PENDEZZ $k F DESE25/0296 $o 2 $p 7.00 $r PRETSON $s F_DESE250296 $y 2014-06-30

