01760cam a2200373   4500
001 235826
003 http://www.mediathequederoubaix.fr/ark:/20179/KH235826
010    $a 978-2-02-104576-5 $b br. $d 18 EUR
020    $a FR $b 01129970
033    $a http://catalogue.bnf.fr/ark:/12148/cb42430443f
035    $a FRBNF424304430000009
073  0 $a 9782021045765
090    $a 235826
091    $b 20240516 $c 1 $a 2
099    $t LI $c 2014-06-30 $d 2024-05-16 $x 6
100    $a 20110512d2011    m  y0frey50      ba
101 0  $a fre
102    $a FR
105    $a ||||z   00|a|
106    $a r
181  0 $6 01 $a i  $b xxxe  
181    $6 02 $c txt $2 rdacontent
182  0 $6 01 $a n
182    $6 02 $c n $2 rdamedia
200 1  $a Les heures secrètes $b Texte imprimé $e roman $f Élisabeth Brami
210    $a Paris $c Éd. du Seuil $d DL 2011 $e 27-Mesnil-sur-l'Estrée $g Impr. CPI Firmin-Didot
215    $a 1 vol. (251 p.) $c couv. ill. en coul. $d 21 cm
330    $a Ce roman met en scène les relations entre Pierre et Léa. Pierre, ex-libraire tout juste retraité et veuf, est taciturne et ressasse les occasions manquées de sa vie. Léa, sa belle-mère, a 90 ans et vit dans une maison de repos. Elle a gardé sa grâce féminine et une franchise attachante. Ils se sont aimés plus jeunes mais Léa va inciter Pierre à refaire sa vie.
339    $a m
686    $a 803 $2 Cadre de classement de la Bibliographie nationale française
700    $3 12167169 $9 14542 $o ISNI0000000374381419 $a Brami $b Élisabeth $f 1946-.... $4 070
801  0 $a FR $b FR-751131015 $c 20110512 $g AFNOR $h FRBNF424304430000009 $2 intermrc
999    $a FRBNF424304430000009
995    $0 0 $2 0 $4 0 $5 2011-07-26 $9 270419 $P 18.00 $b MED $c MED $e MED1A $f C0005149914 $h ALTROZZ $k R/BRA $o 0 $p 18.00 $r PRETLIV $s RBRA $w 16 $y 2023-05-16 $7 ALIZE-SFL

