00872nj  a2200253 n 4500
001 235950
003 http://www.mediathequederoubaix.fr/ark:/20179/KH235950
005 20240517020023.0
035    $a HZ_
071 01 $a 107 779 $b Arista
090    $a 235950
091    $a 1 $b 20240517 $c 0
099    $t DV $c 2014-06-30 $d 2024-05-17 $x 0
100    $a 20140630              frey50        
101    $a fre
200    $a Radio Africa $b Enr. sonore $f Latin Quarter
215    $a 1 disque
327    $a Face B : Toulouse
339    $a m
710 02 $a Latin Quarter
801    $a FR $b 595126101 $c 20110727 $g AFNOR
930    $5 595126101:F DESD 17/4407 $b 595126101 $a F DESD17/4407 $e Fonds Patrice Desdoit
317    $a Collection de Patrice Desdoit
995    $0 0 $2 0 $4 0 $5 2011-07-27 $9 270544 $b MED $c MED $e MED2D $f F DESD 17/4407 $h PENPDZZ $k F DESD17/4407 $o 0 $r PRETSON $s F_DESD17_4407_000000000000000 $w 0 $y 2014-06-30

