00919nj  a2200265 n 4500
001 236088
003 http://www.mediathequederoubaix.fr/ark:/20179/KH236088
005 20240517020112.0
035    $a HZ_
071 01 $a N&lt;U+00B0&gt; 50278 $b Columbia disc records
090    $a 236088
091    $a 1 $b 20240517 $c 0
099    $t DG $c 2014-06-30 $d 2024-05-17 $x 0
100    $a 20140630              frey50        
101    $a fre
200    $a Marchand d'ocarinas (avec ocarina) $b Enr. sonore $f M. Bergeret
210    $d [s. d.]
215    $a 1 disque 78 T $c 25 cm
339    $a m
345    $a Fonds Desette
700  1 $a Bergeret $b M.
702  1 $4 390 $a Desette
801    $a FR $b 595126101 $c 20110802 $g AFNOR
930    $5 595126101:F DESE 25/0352 $b 595126101 $a F DESE25/0352 $e Fonds Desette
995    $0 0 $2 0 $4 0 $5 2011-08-02 $9 270680 $P 7.00 $b MED $c MED $e MED3C $f F DESE 25/0352 $h PENDEZZ $k F DESE25/0352 $o 2 $p 7.00 $r PRETSON $s F_DESE250352 $y 2014-06-30

