01101nj  a2200265 n 4500
001 236218
003 http://www.mediathequederoubaix.fr/ark:/20179/KH236218
005 20240517020217.0
035    $a HZ_CDM                              
071 01 $a 88697816752 $b Columbia-Sony Music
090    $a 236218
091    $a 1 $b 20240517 $c 0
099    $t DC $c 2014-06-30 $d 2024-05-17 $x 23
100    $a 20140630 2010         frey50        
101    $a fre
200    $a The night before $b Enr. sonore $f Hooverphonic
210    $d P 2010
215    $a 1 d.c.
327    $a Anger never dies $a The night before $a Heartbroken $a Norwegian stars $a More $a One two three $a George's café $a Identical Twin $a Encoded love $a How can you sleep $a Sunday afternoon $a Danger zone
339    $a m
606 0  $a Rock (musique) $y Belgique $x Disques $2 rameau
679    $a 2
710  1 $7 ba0yba0y $8 fre    $a Hooverphonic $3 14011772 $9 45415
801    $a FR $b 595126101 $c 20110824 $g AFNOR
995    $0 0 $2 0 $3 0 $4 0 $5 2011-08-23 $9 270818 $P 23.01 $b MED $c MED $e MED1A $f C0005473861 $h AMV40ZZ $k DC/8 HOO $o 0 $p 23.01 $r PRETSON $s DC_8_000000000000000_HOO $w 48 $y 2019-02-02 $7 CDMail $A 0

