00749nj  a2200205 n 4500
001 236436
003 http://www.mediathequederoubaix.fr/ark:/20179/KH236436
005 20240517021308.0
090    $a 236436
091    $a 1 $b 20240517 $c 0
099    $t DV $c 2014-06-30 $d 2024-05-17 $x 0
100    $a 20140630              frey50        
101    $a fre
200    $a 26 préludes $b Enr. sonore
339    $a m
606 0  $a Musique $y Pologne $z 19e siècle $x Disques $2 rameau
679    $a 3
700    $7 ba0yba0y $8 fre    $a Chopin $b Frédéric $f 1810-1849 $3 13892469 $9 177
801    $a FR $b 595126101 $c 20110806 $g AFNOR
995    $0 0 $2 0 $4 0 $5 2011-08-06 $9 271039 $P 10.00 $b MED $c MED $e MED1A $f C0005259523 $h AMV30ZZ $k DISQ 30/3 CHO $o 0 $p 10.00 $r PRETSON $s DISQ_30_300000000000000_CHO $w 0 $y 2014-06-30

