03291cam a2200505   4500
001 236603
003 http://www.mediathequederoubaix.fr/ark:/20179/KH236603
010    $a 978-2-8034-5362-7 $b br. $d 12,95 EUR
020    $a FR $b 01109655
033    $a http://catalogue.bnf.fr/ark:/12148/cb423717199
035    $a FRBNF423717190000006
073  0 $a 9782803453627
090    $a 236603
091    $b 20240517 $c 1 $a 2
099    $t LI $c 2014-06-30 $d 2024-05-17 $x 24
100    $a 20110217d2011    m  y0frey50      ba
101 1  $a fre $c ger
102    $a BE
105    $a ||||z   00|y|
106    $a r
181  0 $6 01 $a i  $b xxxe  
181    $6 02 $c txt $2 rdacontent
182  0 $6 01 $a n
182    $6 02 $c n $2 rdamedia
200 1  $a Skate-board $b Texte imprimé $e tricks et techniques $f Titus Dittmann, Christian Ambach $g [traduit de l'allemand par Monique Lesceux-Schleiss]
210    $a Aartselaar (Belgique) $a [Roubaix] $c Chantecler $d DL 2011 $e impr. en Belgique
215    $a 1 vol. (96 p.) $c ill. en noir et en coul., couv. ill. en coul. $d 25 cm
300    $a La couv. porte en plus : "ollie, frontside nosegrind, 360° flip et autres figures époustouflantes expliquées étape par étape"
300    $a Glossaire
321    $a La Revue des livres pour enfants $x 0398-8384
329    $c Intéressant $a Ce guide des techniques de base et des figures élaborées s'adresse à tout amateur de skate-board. Une brève introduction sur l'histoire de ce sport (sans oublier l'équipement et les protections recommandées) pour ensuite entrer dans le vif du sujet avec les tricks et autres sauts expliqués avec de nombreuses photographies accompagnées de courts textes. Les propositions sont nombreuses, la mise en pages est en adéquation avec le contenu et le format est facile à utiliser. Cette discipline étant peu évoquée, ce livre est un outil indispensable pour skateurs débutants ou confirmés. $d 20110419 $f CT $2 CNLJ $k Avis critique donné par le Centre national de la littérature pour la jeunesse
330    $a Ce livre passe en revue les figures les plus connues, expliquées étape par étape, à réaliser en skate-board, du ollie de base au 360 ̊flip.
333    $a À partir de 13 ans $2 CNLJ $k Avis critique donné par le Centre national de la littérature pour la jeunesse
339    $a a
454  1 $t Skateboarding : Basics, Tricks und Tips
606    $3 11938404 $9 79829 $a Skate-board (sport) $2 rameau
608    $a Documentaires : activités, loisirs et divers $2 CNLJ $k Avis critique donné par le Centre national de la littérature pour la jeunesse
676    $a 796.22 $v 23
686    $a 796 $2 Cadre de classement de la Bibliographie nationale française
700    $3 16267707 $9 107460 $o ISNI0000000114535952 $a Dittmann $b Titus $4 070
701    $3 16267710 $9 107461 $o ISNI0000000114404442 $a Ambach $b Christian $4 070
801  0 $a FR $b FR-751131015 $c 20110217 $g AFNOR $h FRBNF423717190000006 $2 intermrc
999    $a FRBNF423717190000006
995    $0 0 $2 0 $4 0 $5 2011-08-16 $9 271274 $P 12.95 $b MED $c MED $e MED2A $f C0005235935 $h JDT60ZZ $k E/697 XYZ $o 0 $p 12.95 $r PRETLIV $s E_697_000000000000000_XYZ $w 19 $y 2023-10-31 $7 Bateau Livre
995    $0 0 $2 0 $4 0 $5 2011-09-02 $9 271275 $P 12.95 $b MED $c MED $e MED0A $f C0005242005 $h JDT60ZZ $k EXT E/697 XYZ $n 2024-07-10 $o 0 $p 12.95 $r PRETLIV $s EXT_E697_XYZ $w 13 $y 2023-09-19 $7 Bateau Livre

