01585nj  a22002652  4500
001 236757
003 http://www.mediathequederoubaix.fr/ark:/20179/KH236757
005 20240517021505.0
071 01 $a 46050362872 $b Dreyfus
090    $a 236757
091    $a 1 $b 20240517 $c 0
099    $t DC $c 2014-06-30 $d 2024-05-17 $x 38
100    $a 20110819f20112011m  y0frey5003    ba
101    $a fre
200    $a Essentials & rarities $b Enr. sonore $f Jean-Michel Jarre
210    $d P 2011
215    $a 2 d.c. $e 1 Livret (12 cm)
327    $a CD 1 : Essentials : Souvenir of China $a Oxygene 2 $a Arpegiateur $a Oxygene 4 $a Equinoxe 4 $a Calypso 2 $a Zoolook $a Magnetic fields 1 $a Magnetic fields 2 $a Equinoxe 5 $a Industrial revolution 2 $a Rendez-vous 4 $a Gloria, lonely boy $a Oxygene 6 $a Space of freedom $a CD 2 : Rarities : Happiness is a sad song $a Hypnose $a Erosmachine $a La cage $a Chanson des granges brûlées / Song of the burnt barns $a Windswept canyon $a The abominable snowman $a Deserted palace $a Le pays de rose / Roseland $a Rain forrest rap session $a Black bird $a Music box concerto $a Iraqi hitch-hiker $a Les granges brûlées / The burnt barns $a Le cage vitalic rmx $a Erosmachine vitalic rmx
339    $a m
345    $a CDMAIL $b 3460503628724
606 0  $a Synthétiseur $x Disques $2 rameau
679    $a 2
700    $7 ba0yba0y $8 fre    $a Jarre $b Jean-Michel $f 1948-.... $3 13895591 $9 2809
801  0 $a FR $b CDMAIL $c 20110913 $g AFNOR
995    $0 0 $2 0 $4 0 $5 2011-08-30 $9 271513 $P 20.21 $b MED $c MED $e MED1A $f C0005474233 $h AMV40ZZ $k DC/8 JAR $l fond decoll !!! contient 2 DC + 1 dpliant $o 0 $p 20.21 $r PRETSON $s DC_8_000000000000000_JAR $w 73 $y 2024-03-28 $7 CDMail

