01880cam a2200409   4500
001 236935
003 http://www.mediathequederoubaix.fr/ark:/20179/KH236935
010    $a 978-2-84111-564-8 $b br. $d 18 EUR
020    $a FR $b 01150490
033    $a http://catalogue.bnf.fr/ark:/12148/cb42498888p
035    $a FRBNF424988880000000
073  0 $a 9782841115648
090    $a 236935
091    $b 20240517 $c 1 $a 2
099    $t LI $c 2014-06-30 $d 2024-05-17 $x 37
100    $a 20110905d2011    m  y0frey50      ba
101 0  $a fre
102    $a FR
105    $a ||||z   00|||
106    $a r
181  0 $6 01 $a i  $b xxxe  
181    $6 02 $c txt $2 rdacontent
182  0 $6 01 $a n
182    $6 02 $c n $2 rdamedia
200 1  $a Monsieur le Commandant $b Texte imprimé $f Romain Slocombe
210    $a Paris $c Nil $d impr. 2011 $e 61-Lonrai $g Normandie roto impr.
215    $a 1 vol. (260 p.) $d 18 cm
225    $a Les affranchis
300    $a Bibliogr. p. 257-260
330    $a Illustre figure des arts et des lettres du Paris d'avant-guerre, Jean-Paul Husson, désormais retiré des mondanités, coule des jours paisibles dans sa demeure normande où il se consacre à l'écriture de son oeuvre. Jusqu'à l'arrivée de son fils Olivier venu présenter sa jeune épouse Ilse, juive allemande, dont le charme subjugue l'académicien et que ses sentiments conduiront au mal absolu.
339    $a m
410  0 $0 42400547 $t Les Affranchis $x 2111-0638 $d 2011
686    $a 804 $2 Cadre de classement de la Bibliographie nationale française
700    $3 11924992 $9 308857 $o ISNI0000000121440249 $a Slocombe $b Romain $f 1953-.... $4 070
801  0 $a FR $b FR-751131015 $c 20110905 $g AFNOR $h FRBNF424988880000000 $2 intermrc
999    $a FRBNF424988880000000
995    $0 0 $2 0 $4 0 $5 2011-08-26 $9 271710 $P 18.00 $b MED $c MED $e MED1A $f C0005241067 $h ALTROZZ $k R/SLO $o 0 $p 18.00 $r PRETLIV $s R_SLO $u coup de coeur $w 51 $y 2024-03-07 $7 ALIZE-SFL

