02124cam a2200493   4500
001 237081
003 http://www.mediathequederoubaix.fr/ark:/20179/KH237081
010    $a 978-2-218-93312-7 $b rel. $d 12,99 EUR
020    $a FR $b 01044094
033    $a http://catalogue.bnf.fr/ark:/12148/cb42231306v
035    $a FRBNF422313060000009
073  0 $a 9782218933127
090    $a 237081
091    $b 20240517 $c 1 $a 2
099    $t LI $c 2014-06-30 $d 2024-05-17 $x 21
100    $a 20100702d2010    m  y0frey50      ba
101 0  $a fre $a chi
102    $a FR
105    $a ||||z   00|y|
106    $a r
181  0 $6 01 $a i  $b xxxe  
181    $6 02 $c txt $2 rdacontent
182  0 $6 01 $a n
182    $6 02 $c n $2 rdamedia
200 1  $a Le chinois pour tous $b Texte imprimé $f Joël Bellassen,... Arnaud Arslangul,...
210    $a Paris $c Hatier $d DL 2010 $e impr. en Italie
215    $a 1 vol. (335 p.) $c ill. en coul., couv. ill. en coul. $d 23 cm
225    $a Bescherelle langues
300    $a La couv. porte en plus : "écriture, 125 composants, grammaire, les règles essentielles, vocabulaire, 3000 mots usuels, du français au chinois, trouver le mot juste, avec des quiz et des exercices corrigés"
300    $a Index
339    $a m
410  0 $0 41467971 $t Bescherelle langues $x 2101-1249 $d 2010
410  0 $0 34248384 $t Collection Bescherelle $x 0990-3771 $d 2010
517 1  $a Bescherelle
517 1  $a Bescherelle $e le chinois pour tous
606    $3 11949219 $9 54014 $a Chinois (langue) $2 rameau
608    $3 12077574 $9 35691 $a Manuels pour locuteurs du français $2 rameau
676    $a 495.182 441 $v 23
686    $a 400 $2 Cadre de classement de la Bibliographie nationale française
700    $3 11891035 $9 98602 $o ISNI0000000079774682 $a Bellassen $b Joël $4 070
701    $3 16179655 $9 304305 $o ISNI0000000077088152 $a Arslangul $b Arnaud $4 070
801  0 $a FR $b FR-751131015 $c 20100702 $g AFNOR $h FRBNF422313060000009 $2 intermrc
999    $a FRBNF422313060000009
995    $0 0 $2 0 $4 0 $5 2011-09-02 $9 271870 $P 13.00 $b MED $c MED $e MED3A $f C0005224340 $h ACFLALE $k CHI ABC $o 0 $p 13.00 $r PRETLIV $s CHI_ABC $w 21 $y 2023-11-07 $7 Furet du Nord - Roubaix $8  $A  $m  $z 

