02800ng  a2200385 n 4500
001 237203
003 http://www.mediathequederoubaix.fr/ark:/20179/KH237203
005 20240517022459.0
090    $a 237203
091    $a 1 $b 20240517 $c 0
099    $t VD $c 2014-06-30 $d 2024-05-17 $x 6
100    $a 20140630 2006         frey50        
101    $a fre $a eng
200    $a Friday night lights $b DVD $f Jeffrey Reiner, Allison Liddi, David Boyd...[et al.], réal. $g D'après une création de Peter Berg $g Jason Katims, Kerry Ehrin, Liz Heldens...[et al.], scénario $e saison 1
210    $a Etats-Unis $c NBC Universal Television $c Imagine Television $c Film 44 $d 2006
215    $a 6 DVD (15 h 17 mn) $c coul. ; sonore
305    $a version en français et en anglais
323    $a Interprètes : Kyle Chandler, Connie Britton, Taylor Kitsch...[et al.]
327    $a DVD 1 : Ouverture de saison $a Que le spectacles continue $a Coups de vent $a DVD 2 : Oeil pour oeil, dent pour dent $a Exécution ! $a L’accident $a À la gloire des anciens $a DVD 3 : Franchir la ligne $a Retour à Gatline $a Pour les filles c’est pas pareil $a Permission $a DVD 4 : Buckley contre Arnett $a Je veux t’épouser fillette $a Surenchère $a Controverse raciale $a DVD 5 : Yeux pochés et coeurs brisés $a Mensonge, sexe et caméra vidéo $a Les familles se séparent $a Avenir incertain $a DVD 6 : Dans la boue $a Les projets les mieux $a La finale $a Bonus : 6 scènes coupées (8’ - VOST) $a Sous les projecteurs : la création de la première saison de FNL (22’ - VOST)
330    $a Dans la petite ville de Dillon, au Texas, les habitants vivent au rythme des matchs des Dillon Panthers. Tous les vendredis soirs, cette équipe de lycéens cristallise les rêves de gloire de ses fans lors des matchs du championnat d’État. Mais un match suffit à tout faire basculer : Jason Street, la star de l’équipe, se retrouve paralysé et voit ainsi s’envoler son avenir&lt;U+2026&gt;
339    $a m
345    $a Adav
606 0  $a Séries télévisées $y Etats-Unis $x DVD $2 rameau
700  1 $4 300 $a Reiner $b Jeffrey
701  1 $4 370 $a Liddi $b Allison
701  1 $7 ba0yba0y $8 fre    $3 13755906 $9 86091 $4 370 $7 ba0yba0y $8 fre    $a Boyd $b David V. $f 1944-....
702    $4 100 $a Berg $b Peter
702  1 $4 690 $a Heldens $b Liz
702  1 $a Britton $b Connie
702  1 $7 ba0yba0y $8 fre    $3 14110010 $9 94862 $4 690 $7 ba0yba0y $8 fre    $a Katims $b Jason
702  1 $7 ba0yba0y $8 fre    $3 14095757 $9 268903 $4 690 $a Ehrin $b Kerry
702    $7 ba0yba0y $8 fre    $a Kitsch $b Taylor $f 1981-.... $3 16624090 $9 100950
702    $7 ba0yba0y $8 fre    $a Chandler $b Kyle $f 1965-.... $3 14163323 $9 266008
801    $a FR $b 595126101 $c 20110910 $g AFNOR
995    $0 0 $2 0 $4 0 $5 2011-09-08 $9 271992 $P 37.81 $b MED $c MED $e MED1A $f C0005475056 $h AAPCITV $k DVD/F FRI $l contient 6 DVD $o 0 $p 37.81 $r PRETDVD $s DVD_F_FRI $w 21 $y 2020-11-10 $7 ADAV

