01489nj  a22003132  4500
001 237347
003 http://www.mediathequederoubaix.fr/ark:/20179/KH237347
005 20240517023225.0
071 01 $a AD1867C $b Gazebo
090    $a 237347
091    $a 1 $b 20240517 $c 0
099    $t DC $c 2014-06-30 $d 2024-05-17 $x 11
100    $a 20110824f20112011m  y0frey5003    ba
101    $a fre
200    $a Colors of Manhattan $b Enr. sonore $f Laurent De Wilde, p. ; Eddie Henderson, trp ; Ira Coleman, Guit. b ; Lewis Nash, batt.
210    $d P 2011
215    $a 1 d.c. $e 1 livret (n.p. ; 12 cm)
327    $a Everytime we say goodbye (07:00) $a Old devil moon (05:07) $a Goodbye (07:38) $a El gaucho (05:26) $a Fleurette africaine (08:57) $a Armaggedon (07:49) $a For all we know (07:33) $a You've changed (06:36)
339    $a m
345    $a CDMAIL $b 3521383418673
606 0  $a Piano, Musique de (jazz) $x Disques $2 rameau
606 0  $a Jazz $y France $x Disques $2 rameau
679    $a 1
700    $7 ba0yba0y $8 fre    $a Wilde $b Laurent de $f 1960-.... $3 13983194 $9 9949
701    $7 ba0yba0y $8 fre    $a Henderson $b Eddie $f 1940-.... $3 13937554 $9 48043
701    $7 ba0yba0y $8 fre    $a Nash $b Lewis $f 1958-.... $3 13934304 $9 22253
701    $7 ba0yba0y $8 fre    $a Coleman $b Ira $f 1956-.... $3 13931363 $9 40635
801  0 $a FR $b CDMAIL $c 20111005 $g AFNOR
995    $0 0 $2 0 $4 0 $5 2011-09-30 $9 272133 $P 11.52 $b MED $c MED $e MED1A $f C0005477418 $h AMV13ZZ $k DC/1 WIL $l contient 1 DC + 1 livret $o 0 $p 11.52 $r PRETSON $s DC_1_000000000000000_WIL $w 17 $y 2020-09-04 $7 CDMail $A 0

