01744nj  a2200349 n 4500
001 237532
003 http://www.mediathequederoubaix.fr/ark:/20179/KH237532
005 20240517023310.0
090    $a 237532
091    $a 1 $b 20240517 $c 0
099    $t DC $c 2014-06-30 $d 2024-05-17 $x 7
100    $a 20140630 2008         frey50        
101    $a fre
200    $a Rarities, B-sides, and other stuff $b Enr. sonore $f Sarah McLachlan $g Cyndi Lauper, Bryan Adams, DMC...[et al.]
210    $d P 2008
215    $a 1 d.c.
327    $a Ordinary miracle $a Blackbird $a Time after time / Avec Cyndi Lauper $a River $a When she loved me $a Don't let go / Avec Bryan Adams $a Just like me / Avec DMC $a Angel (live) / Avec Emmylou Harris $a Pills (live) / Avec The Perishers $a Homeless / Avec Ladysmith Black Mambazo $a The rainbow connection $a Prayer of St. Francis $a Unchained melody $a Silence (Dj Tiësto in search of sunrise remix) / Avec Delerium
339    $a m
345    $a Don
606 0  $a Rock (musique) $y Canada $x Disques $2 rameau
679    $a 2
700    $7 ba0yba0y $8 fre    $a McLachlan $b Sarah $f 1968-.... $3 13972004 $9 7039
702  1 $4 320 $a Lagneaux $b Diane
702    $7 ba0yba0y $8 fre    $a Lauper $b Cyndi $f 1953-.... $3 13896380 $9 36370
702    $7 ba0yba0y $8 fre    $a Harris $b Emmylou $f 1947-.... $3 13894986 $9 1496
702    $7 ba0yba0y $8 fre    $a Adams $b Bryan $f 1959-.... $3 13890584 $9 8580
712 02 $a Dollfus-Mieg et cie $x Catalogues $2 rameau
712 02 $a The Perishers
712 02 $a Delerium
712    $7 ba0yba0y $8 fre    $a Ladysmith Black Mambazo $3 13925785 $9 14837
801    $a FR $b 595126101 $c 20111213 $g AFNOR
995    $0 0 $2 0 $4 0 $5 2011-09-15 $9 272320 $P 17.00 $b MED $c MED $e MED3C $f C0005476183 $h AMV20ZZ $k DC/2 MAC $o 0 $p 17.00 $r PRETSON $s DC_2_000000000000000_MAC $w 22 $y 2019-08-20 $7 Don

