00927nj  a2200241 n 4500
001 237682
003 http://www.mediathequederoubaix.fr/ark:/20179/KH237682
005 20240517023333.0
071 01 $a 61.894 $b Barclay
090    $a 237682
091    $a 1 $b 20240517 $c 0
099    $t DV $c 2014-06-30 $d 2024-05-17 $x 0
100    $a 20140630              frey50        
101    $a fre
200    $a Minuetto $b Enr. sonore $f Mia Martini
215    $a 1 disque
327    $a Face B : Tu t'en vas quand tu veux
339    $a m
700  1 $7 ba0yba0y $8 fre    $3 13931699 $9 107794 $7 ba0yba0y $8 fre    $a Martini $b Mia $f 1947-1995
801    $a FR $b 595126101 $c 20110922 $g AFNOR
930    $5 595126101:F DESD 17/4616 $b 595126101 $a F DESD17/4616 $e Fonds Patrice Desdoit
317    $a Collection de Patrice Desdoit
995    $0 0 $2 0 $4 0 $5 2011-09-22 $9 272471 $b MED $c MED $e MED2D $f F DESD 17/4616 $h PENPDZZ $k F DESD17/4616 $o 0 $r PRETSON $s F_DESD17_4616_000000000000000 $w 0 $y 2014-06-30

