00906nj  a2200253 n 4500
001 237788
003 http://www.mediathequederoubaix.fr/ark:/20179/KH237788
005 20240517024005.0
071 01 $a 870 099 $b Beverly
090    $a 237788
091    $a 1 $b 20240517 $c 0
099    $t DV $c 2014-06-30 $d 2024-05-17 $x 0
100    $a 20140630              frey50        
101    $a fre
200    $a (Ina) Gadda-da-Vida $b Enr. sonore $f 16 Bit $g featuring Eddie Hind
215    $a 1 disque
327    $a Face B : The garden of eden
339    $a m
702  1 $a Hind $b Eddie
710 02 $a 16 Bit
801    $a FR $b 595126101 $c 20110927 $g AFNOR
930    $5 595126101:F DESD 17/4675 $b 595126101 $a F DESD17/4675 $e Fonds Patrice Desdoit
317    $a Collection de Patrice Desdoit
995    $0 0 $2 0 $4 0 $5 2011-09-27 $9 272559 $b MED $c MED $e MED2D $f F DESD 17/4675 $h PENPDZZ $k F DESD17/4675 $o 0 $r PRETSON $s F_DESD17_4675_000000000000000 $w 0 $y 2014-06-30

