01796cam a2200433   4500
001 237943
003 http://www.mediathequederoubaix.fr/ark:/20179/KH237943
010    $a 978-2-7590-1434-7 $b br. $d 25 EUR
020    $a FR $b 01151376
033    $a http://catalogue.bnf.fr/ark:/12148/cb42511835x
035    $a FRBNF425118350000009
073  0 $a 9782759014347
090    $a 237943
091    $b 20240517 $c 1 $a 2
099    $t LI $c 2014-06-30 $d 2024-05-17 $x 14
100    $a 20110923d2011    m  y0frey50      ba
101 0  $a fre
102    $a FR
105    $a ||||z   00|y|
106    $a r
181  0 $6 01 $a i  $b xxxe  
181    $6 02 $c txt $2 rdacontent
182  0 $6 01 $a n
182    $6 02 $c n $2 rdamedia
200 1  $a Le grand livre de la culture générale $b Texte imprimé $f [Marie Berchoud, Benoît Berthou, Jean Castarède, et al.]
205    $a [5e éd.]
210    $a Levallois-Perret $c Studyrama $d impr. 2011 $e 21-Quétigny $g Impr. Darantière
215    $a 1 vol. (477 p.) $c ill., couv. ill. en coul. $d 24 cm
225    $a Collection concours
300    $a La couv. porte en plus : "2012 QCM,  plus de 1000 réponses détaillées, 50 fiches thématiques"
339    $a m
410  0 $0 40098081 $t Collection Concours (Levallois-Perret) $x 1950-2095 $d 2011
606    $3 11945773 $9 42117 $a Culture générale $2 rameau
608    $3 11944135 $9 64292 $a Questions à choix multiple $2 rameau
676    $a 001.076 $v 23
686    $a 000 $2 Cadre de classement de la Bibliographie nationale française
801  0 $a FR $b FR-751131015 $c 20110923 $g AFNOR $h FRBNF425118350000009 $2 intermrc
999    $a FRBNF425118350000009
995    $0 0 $2 0 $4 0 $5 2011-10-01 $9 272707 $P 25.00 $b MED $c MED $e MED3A $f C0005227021 $h ACFRUZZ $k Doc./010 GEN $o 0 $p 25.00 $r PRETLIV $s DOC___010_000000000000000_GEN $w 26 $y 2022-01-18 $7 Furet du Nord - Roubaix

