01722ng  a2200289 n 4500
001 238081
003 http://www.mediathequederoubaix.fr/ark:/20179/KH238081
005 20240517024053.0
090    $a 238081
091    $a 1 $b 20240517 $c 0
099    $t VD $c 2014-06-30 $d 2024-05-17 $x 23
100    $a 20140630 1985         frey50        
101    $a jpn
200    $a Tampopo $b DVD $f Juzo Itami, scénario, réal.
210    $a Japon $c Itami Productions $c New Century Productions $d 1985
215    $a 1 DVD (1 h 54 min ) $c coul., sonore
323    $a Interprètes : Tsutomu Yamazaki, Nobuko Miyamoto, Koji Yakusho...[et al.]
330    $a Tampopo, une jeune veuve, gère, sans succès, un petit restaurant de ramen (soupe de nouilles). Sa vie va basculer le jour où un client, Goro, routier à la dégaine de cow-boy, décide de lui enseigner l’art et la manière de cuisiner les nouilles. Leur histoire croisera aussi les aventures érotico- alimentaires d’un homme en complet blanc, l’obsession compulsive d’une vieille dame, le dernier repas d’une mère de famille, un dîner d’affaires...
339    $a m
345    $a Adav
606 0  $a Cinéma $y Japon $z 1960-1990 $x DVD $2 rameau
700  1 $7 ba0yba0b $8 fre    $3 14007716 $9 107845 $4 370 $4 690 $7 ba0yba0b $8 fre    $a Itami $b Jūzō $f 1933-1997
702    $7 ba0yba0y $8 fre    $a Yakusho $b Kōji $f 1956-.... $3 14054320 $9 75941
702    $7 ba0yba0y $8 fre    $a Yamazaki $b Tsutomu $f 1936-.... $3 14240506 $9 7084
702  1 $7 ba0yba0y $8 fre    $3 14207594 $9 7083 $7 ba0yba0y $8 fre    $a Miyamoto $b Nobuko $f 1945-....
801    $a FR $b 595126101 $c 20111021 $g AFNOR
995    $0 0 $2 0 $4 0 $5 2011-10-21 $9 272910 $P 22.94 $b MED $c MED $e MED1A $f C0005479467 $h AAPCIFI $k DVD/F ITA $o 0 $p 22.94 $r PRETDVD $s DVD_F_ITA $w 45 $y 2024-03-28 $7 ADAV

