01313nj  a2200325 n 4500
001 238204
003 http://www.mediathequederoubaix.fr/ark:/20179/KH238204
005 20240517024803.0
071 01 $a 530000 $b Polydor
090    $a 238204
091    $a 1 $b 20240517 $c 0
099    $t DG $c 2014-06-30 $d 2024-05-17 $x 0
100    $a 20140630              frey50        
101    $a fre
200    $a Assez $b Enr. sonore $f Wal-Berg, aut. $g Jean Tranchant, Camille François, comp. $g Marlène Dietrich, interp. $g Orchestre Wal-Berg $g Peter Kreuder, dir.
210    $d [s.d.]
215    $a 1 disque 78 T $c 25 cm
327    $a face B : Je m'ennuie
339    $a m
345    $a Fonds Desette
701  1 $a François $b Camille
701  1 $a Tranchant $b Jean
701    $7 ba0yba0y $8 fre    $a Wal-Berg $f 1910-1994 $3 13900953 $9 283342
702  1 $4 390 $a Desette
702  1 $7 ba0yba0y $8 fre    $3 13934673 $9 107874 $7 ba0yba0y $8 fre    $a Kreuder $b Peter $f 1905-1981
702    $7 ba0yba0y $8 fre    $a Dietrich $b Marlene $f 1901-1992 $3 12013957 $9 308508
712 02 $a Orchestre Wal-Berg
801    $a FR $b 595126101 $c 20111011 $g AFNOR
930    $5 595126101:F DESE 25/0417 $b 595126101 $a F DESE25/0417 $e Fonds Desette
995    $0 0 $2 0 $4 0 $5 2011-10-11 $9 273029 $P 7.00 $b MED $c MED $e MED3C $f F DESE 25/0417 $h PENDEZZ $k F DESE25/0417 $o 2 $p 7.00 $r PRETSON $s F_DESE250417 $y 2014-06-30

