01830cam a2200409   4500
001 238330
003 http://www.mediathequederoubaix.fr/ark:/20179/KH238330
010    $a 978-2-8036-2805-6 $b rel. $d 7,50 EUR
020    $a FR $b 01150692
033    $a http://catalogue.bnf.fr/ark:/12148/cb42498506p
035    $a FRBNF424985060000009
073  0 $a 9782803628056
090    $a 238330
091    $b 20240517 $c 1 $a 2
099    $t LI $c 2014-06-30 $d 2024-05-17 $x 35
100    $a 20110902d2011    a  y0frey50      ba
101 0  $a fre
102    $a BE
105    $a ||||t   00|a|
106    $a r
181  0 $6 01 $a i  $b xxxe   $a b  $b xb2e  
181    $6 02 $c txt $c sti $2 rdacontent
182  0 $6 01 $a n
182    $6 02 $c n $2 rdamedia
200 1  $a Drôle de chien ! $b Texte imprimé $f dessin, Rodrigue $g scénario, Blondieau $g couleurs, Marcy
210    $a Bruxelles $a [Paris] $c le Lombard $d DL 2011 $e 91-Palaiseau $g Impr. PPO graphic
215    $a 1 vol. (46 p.) $c ill. en coul., couv. ill. en coul. $d 26 cm
225 19 $a Bidule $v 2
330    $a Bidule, neveu de Cubitus, est pensionnaire d'une clinique vétérinaire tenue par un jeune couple. Les gags se succèdent à un rythme effréné.
339    $a a
608    $a Bandes dessinées $2 CNLJ $k Avis critique donné par le Centre national de la littérature pour la jeunesse
686    $a 805 $2 Cadre de classement de la Bibliographie nationale française
700    $3 12084038 $9 75247 $o ISNI0000000373849796 $a Rodrigue $b Michel $f 1961-.... $4 070
701    $3 12202306 $9 107893 $o ISNI0000000002047268 $a Blondieau $b Adeline $f 1971-.... $4 070
801  0 $a FR $b FR-751131015 $c 20110902 $g AFNOR $h FRBNF424985060000009 $2 intermrc
999    $a FRBNF424985060000009
995    $0 0 $2 0 $4 0 $5 2011-10-21 $9 273217 $P 7.50 $b MED $c MED $e MED2A $f C0005331741 $h JBDPFZZ $k E BD/ROD $o 0 $p 7.50 $r PRETLIV $s E_BD_ROD $w 57 $y 2024-04-24 $7 BD fugue

