02922cam a2200433   4500
001 238658
003 http://www.mediathequederoubaix.fr/ark:/20179/KH238658
010    $a 978-2-205-06716-3 $b rel. $d 10,45 EUR
020    $a FR $b 01150602
033    $a http://catalogue.bnf.fr/ark:/12148/cb425022506
035    $a FRBNF425022500000003
073  0 $a 9782205067163
090    $a 238658
091    $b 20240517 $c 1 $a 2
099    $t LI $c 2014-06-30 $d 2024-05-17 $x 23
100    $a 20110909d2011    m  y0frey50      ba
101 0  $a fre
102    $a FR
105    $a ||||t   00|a|
106    $a r
181  0 $6 01 $a i  $b xxxe   $a b  $b xb2e  
181    $6 02 $c txt $c sti $2 rdacontent
182  0 $6 01 $a n
182    $6 02 $c n $2 rdamedia
200 1  $a La chasse au papillon $b Texte imprimé $f Loïc Jouannigot
210    $a Paris $a Barcelone $a Bruxelles [et al.] $c Dargaud $d DL 2011 $e 91-Palaiseau $g Impr. PPO graphic
215    $a 1 vol. (48 p.) $c ill. en coul., couv. ill. en coul. $d 30 cm
225 19 $a Petit Mardi et les Zumins $v 2
321    $a La Revue des livres pour enfants $x 0398-8384
329    $c Bravo ! $a Cerise et Voltaire reviennent dans le royaume des Zanimos qu'ils trouvent en ébullition car le superintendant du roi lui a volé une pièce maîtresse d'un puzzle pour partir à la chasse au trésor. Nos deux héros vont se lancer sur les traces du voleur avec l'aide de leurs amis. Le scénario classique de la chasse au trésor est compensé par la fin de cette chasse et le surprenant trésor découvert. Les personnages animaliers ainsi que les dessins de l'auteur séduiront les plus petits plongés dans un univers où l'auteur s'est fait plaisir avec les décors tous plus colorés et divers les uns que les autres. Une série qui s'affirme un peu plus au fil des tomes. $d 20110915 $f NB $2 CNLJ $k Avis critique donné par le Centre national de la littérature pour la jeunesse
330    $a Au royaume des Zanimos, le roi Tarture est anxieux : Cropius, son surintendant, lui a volé un papillon avant de s'enfuir. Or, ce papillon est la pièce maîtresse de la carte d'un trésor. Cerise et Voltaire reviennent dans le royaume des Zanimos, où ils retrouvent tous leurs amis, notamment Petit Mardi et Macha Curiosités.
333    $a À partir de 6 ans $2 CNLJ $k Avis critique donné par le Centre national de la littérature pour la jeunesse
339    $a a
608    $a Bandes dessinées $2 CNLJ $k Avis critique donné par le Centre national de la littérature pour la jeunesse
686    $a 805 $2 Cadre de classement de la Bibliographie nationale française
700    $3 12104805 $9 76389 $o ISNI0000000121266965 $a Jouannigot $b Loïc $f 1953-.... $4 070
801  0 $a FR $b FR-751131015 $c 20110909 $g AFNOR $h FRBNF425022500000003 $2 intermrc
999    $a FRBNF425022500000003
995    $0 0 $2 0 $4 0 $5 2012-09-28 $9 273575 $P 10.45 $V 2 $b MED $c MED $e MED0A $f C0005555543 $h JBDZZZZ $k EXT E BD/JOU $o 0 $p 10.45 $r PRETLIV $s EXT_E_BD_JOU $w 9 $y 2023-06-01 $7 BD fugue

