01090na  a2200265 n 4500
001 238821
003 http://www.mediathequederoubaix.fr/ark:/20179/KH238821
005 20230722212015.0
010    $a 978-2-87386-723-2
090    $a 238821
091    $a 0
099    $t LI $c 2014-06-30 $d 2023-07-22 $x 16
100    $a          2011         frey5003    ba
101    $a fre
102    $a   
200    $a 20 séjours et promenades en région Nord-Pas-de-Calais $f Angélique Van der Horst
210    $a Bruxelles $c Racine $d 2011
215    $a 189 p. $c ill. en coul., couv. ill. en coul. $d 18 cm
339    $a m
607    $9 141654 $a Nord-Pas-de-Calais (France) $x Circuits touristiques
607    $9 141583 $a Nord-Pas-de-Calais (France) $x Guides
700  1 $9 221576 $a Van der Horst $b Angélique
801    $a FR $b 595126101 $c 20111129 $g AFNOR
930    $5 595126101:C0005225011 $b 595126101 $a FR/914.427 NPC $e Fonds régional de prêt
995    $0 0 $2 0 $4 0 $5 2011-10-28 $9 273766 $P 16.00 $b MED $c MED $e MED0C $f C0005225011 $h PRRRGZZ $k FR/901 NPP $o 0 $p 16.00 $r PRETLIV $s FR_901_000000000000000_NPP $w 25 $y 2023-07-27 $7 Furet du Nord - Roubaix

