00872nj  a2200241 n 4500
001 238963
003 http://www.mediathequederoubaix.fr/ark:/20179/KH238963
005 20240517025834.0
071 01 $a BBR 1712 $b Big Beat records
090    $a 238963
091    $a 1 $b 20240517 $c 0
099    $t DV $c 2014-06-30 $d 2024-05-17 $x 0
100    $a 20140630              frey50        
101    $a fre
200    $a Minuit blues $b Enr. sonore $f Alligators
215    $a 1 disque
327    $a Face B : J'suis un alligator
339    $a m
711  1 $a Les Alligators
801    $a FR $b 595126101 $c 20111110 $g AFNOR
930    $5 595126101:F DESD 17/4892 $b 595126101 $a F DESD17/4892 $e Fonds Patrice Desdoit
317    $a Collection de Patrice Desdoit
995    $0 0 $2 0 $4 0 $5 2011-11-10 $9 273917 $b MED $c MED $e MED2D $f F DESD 17/4892 $h PENPDZZ $k F DESD17/4892 $o 0 $r PRETSON $s F_DESD17_4892_000000000000000 $w 0 $y 2014-06-30

