01383na  a22003011i 4500
001 239095
003 http://www.mediathequederoubaix.fr/ark:/20179/KH239095
005 20240517030849.0
010    $a 978-2-87515-127-8 $b Rel. $d 12.90 EUR
090    $a 239095
091    $a 2 $b 20240517 $c 0
099    $t LI $c 2014-06-30 $d 2024-05-17 $x 9
100    $a 20111001d2011    |  |0frey5003||||ba
101    $a fre
102    $a BE
105    $a         0||d|
106    $a r
200    $a Mots en mêlée $e quand l'humour s'en mêle, les mots s'emmêlent ! $f Marc Hillman
210    $a Bruxelles $c Ixelles éditions $d 2011
215    $a 1 vol. (160 p.) $d 21 x 14 cm
330    $a Ce petit livre insolite et humoristique est constitué d'aphorismes inédits basés sur l'homophonie, un domaine du langage où les syllabes, les mots et les phrases se répondent en écho : ce sont de petits textes dont les mots et le sens sont différents, mais dont la prononciation est la même.
339    $a m
345    $b 9782875151278
676    $a 681 $v 22
700    $7 ba0yba0y $8 fre    $a Hillman $b Marc $f 1951-.... $3 14106282 $4 070 $9 37357
801  3 $a FR $b Electre $c 20111001 $g AFNOR
830    $a ELECTREadu/111110furetoff 20111110
995    $0 0 $2 0 $4 0 $5 2011-11-18 $9 274126 $P 12.90 $b MED $c MED $e MED1A $f C0005443062 $h AAPPLHU $k Doc./681 BLA $o 0 $p 12.90 $r PRETLIV $s DOC__681_000000000000000_BLA $w 19 $y 2022-03-30 $7 Furet du Nord - Roubaix

