01870nj  a22003012  4500
001 239261
003 http://www.mediathequederoubaix.fr/ark:/20179/KH239261
005 20240517030927.0
071 01 $a ZZT110902 $b Zig Zag Territoires
090    $a 239261
091    $a 1 $b 20240517 $c 0
099    $t DC $c 2014-06-30 $d 2024-05-17 $x 8
100    $a 20111115f20112011m  y0frey5003    ba
101    $a fre
200    $a Sonates & partitas $b Enr. sonore $f Johann Sebastian Bach, J.G. Pisendel, comp. $g Amandine Beyer, vl
210    $d P 2011
215    $a 2 d.c. $e 1 livret (16 p. ; 12 cm)
327    $a CD 1 : Partita bwv 1002 : allemanda, double, corrente, double.presto, sarabande, double, tempo di borea, double (07:17) $a Sonata bwv 1003 : grave, fuga, andante, allegro (11:04) $a Partita bwv 1004 : allemanda, corrente, sarabanda, giga, ciaccona (15:14) $a CD 2 : Sonata bwv 1005 : adagio, fuga, largo, allegro assai (07:17) $a Sonata bwv 1001 : adagio, fuga. allegro, siciliana, presto (11:04) $a Partta bwv 1006 : preludio, loure, gavotte en rondeaux, menuet l & menuet ll, bourée, gigue (15:14) / J.S. Bach $a Sonata a violino solo senza basso : allegro, giga, variatione (09:01) / J.G. Pisendel
339    $a m
345    $a CDMAIL $b 3760009292512
606 0  $a Sonates (violon) $x Disques $2 rameau
606 0  $a Musique $y Allemagne $z 18e siècle $x Disques $2 rameau
679    $a 3 $c 11.41
700    $3 11889790 $7 ba0yba0y $8 fre    $a Bach $b Johann Sebastian $f 1685-1750 $9 680
702  1 $7 ba0yba0y $8 fre    $3 13978027 $9 35935 $7 ba0yba0y $8 fre    $a Pisendel $b Johann Georg $f 1687-1755
702    $7 ba0yba0y $8 fre    $a Beyer $b Amandine $f 1974-.... $3 14626899 $9 87302
801  0 $a FR $b CDMAIL $c 20111213 $g AFNOR
995    $0 0 $2 0 $4 0 $5 2011-12-07 $9 274330 $P 28.18 $b MED $c MED $e MED1A $f C0005483952 $h AMV30ZZ $k DC/3 BAC QUATUOR $l contient 2 DC + 1 livret $o 0 $p 28.18 $r PRETSON $s DC_3_000000000000000_BAC_QUATUOR $w 16 $y 2023-05-27 $7 CDMail $A 0

