00888nj  a2200241 n 4500
001 239422
003 http://www.mediathequederoubaix.fr/ark:/20179/KH239422
005 20240517031003.0
071 01 $a 100.253 $b Barclay
090    $a 239422
091    $a 1 $b 20240517 $c 0
099    $t DV $c 2014-06-30 $d 2024-05-17 $x 0
100    $a 20140630              frey50        
101    $a fre
200    $a Marylou (nouvelle version) $b Enr. sonore $f Blanchard
215    $a 1 disque
327    $a Face B : Bobo rock chagrin
339    $a m
700  1 $a Blanchard $b Gérard $f 1953-....
801    $a FR $b 595126101 $c 20111116 $g AFNOR
930    $5 595126101:F DESD 17/4941 $b 595126101 $a F DESD17/4941 $e Fonds Patrice Desdoit
317    $a Collection de Patrice Desdoit
995    $0 0 $2 0 $4 0 $5 2011-11-16 $9 274492 $b MED $c MED $e MED2D $f F DESD 17/4941 $h PENPDZZ $k F DESD17/4941 $o 0 $r PRETSON $s F_DESD17_4941_000000000000000 $w 0 $y 2014-06-30

