01221nam a2200265 n 4500
001 239600
003 http://www.mediathequederoubaix.fr/ark:/20179/KH239600
005 20240517032013.0
010    $a 978-2-501-07489-6
090    $a 239600
091    $a 2 $b 20240517 $c 0 $s http://www.sudoc.fr/161481523 $m 3
099    $t LI $c 2014-06-30 $d 2024-05-17 $x 5
100    $a          2011         frey5003    ba
101    $a fre
102    $a   
200    $a Mon arbre généalogique $e [une nouvelle approche résolument moderne pour explorer mes racines] $f Jennifer Worick $g [trad. Véronique Merland]
210    $a [Paris] $c Marabout $d 2011
215    $a 191 p. $c ill. en noir et en coul., couv. ill. en noir et en coul. $d 23 cm
339    $a m
606 0  $a Généalogie $x Guides, manuels, etc. $2 rameau
606 0  $a Généalogie $x Méthodologie $2 rameau
700  1 $7 ba0yba0y $8 fre    $3 14531048 $9 108247 $7 ba0yba0y $8 fre    $a Worick $b Jennifer
702    $7 ba0yba0y $8 fre    $a Merland $b Véronique $3 16660249 $4 730 $9 108246
801    $a FR $b 595126101 $c 20120125 $g AFNOR
995    $0 0 $2 0 $4 0 $5 2011-11-19 $9 274691 $P 16.00 $b MED $c MED $e MED3A $f C0005586875 $h ACFHSZZ $k Doc./917 GEN $o 0 $p 16.00 $r PRETLIV $s DOC___917_000000000000000_GEN $w 5 $y 2019-04-02 $7 Furet du Nord - Roubaix

