01097nj  a22002532  4500
001 239784
003 http://www.mediathequederoubaix.fr/ark:/20179/KH239784
005 20240517032054.0
071 01 $a 2781238 $b Mercury
090    $a 239784
091    $a 1 $b 20240517 $c 0
099    $t DC $c 2014-06-30 $d 2024-05-17 $x 23
100    $a 20111117f20112011m  y0frey5003    ba
101    $a fre
200    $a Silence on tourne, on tourne en rond $b Enr. sonore $f Thomas Dutronc
210    $d P p 2011
215    $a 1 d.c. $e 1 dépliant (n.p. ; 12 cm)
327    $a Turlututu $a Demain $a Sac à dos $a On ne s'est plus ennuyer $a Sésame $a Gypsy rainbow $a Oiseau faché $a Vinyle $a Clint $a Alerte à la blonde $a A la vanille $a Ninine $a Louanges amères $a Relançons la consommation
339    $a m
345    $a CDMAIL $b 0602527812380
679    $a 099.2
700    $7 ba0yba0y $8 fre    $a Dutronc $b Thomas $f 1973-.... $3 15045750 $9 108303
801  0 $a FR $b CDMAIL $c 20111125 $g AFNOR
995    $0 0 $2 0 $4 0 $5 2011-11-23 $9 274885 $P 19.61 $b MED $c MED $e MED1A $f C0005482443 $h AMV80ZZ $k DC/099.2 DUT $o 0 $p 19.61 $r PRETSON $s DC_099_200000000000000_DUT $w 50 $y 2022-05-03 $7 CDMail

