02192cam a2200445   4500
001 239945
003 http://www.mediathequederoubaix.fr/ark:/20179/KH239945
010    $a 978-2-7491-1936-6 $b rel. $d 29 EUR
020    $a FR $b 01162126
033    $a http://catalogue.bnf.fr/ark:/12148/cb42544212z
035    $a FRBNF425442120000006
073  0 $a 9782749119366
090    $a 239945
091    $b 20240517 $c 1 $a 2
099    $t LI $c 2014-06-30 $d 2024-05-17 $x 0
100    $a 20111107d2011    m  y0frey50      ba
101 0  $a fre
102    $a FR
105    $a ||||z   00|y|
106    $a r
181  0 $6 01 $a i  $b xxxe  
181    $6 02 $c txt $2 rdacontent
182  0 $6 01 $a n
182    $6 02 $c n $2 rdamedia
200 1  $a Amnesty international a 50 ans $b Texte imprimé $f Aurine Crémieu, Philippe Lefait $g [publié par Amnesty international]
210    $a [Paris] $c Cherche midi $d DL 2011 $e 42-Saint-Étienne $g Impr. Loire offset Titoulet
215    $a 1 vol. (303 p.) $c ill. en noir et en coul., couv. ill. $d 23 cm
312    $a Autre forme de titre : Amnesty international a cinquante ans
330    $a Ce livre officiel des 50 ans d'Amnesty International raconte ses années de combat pour les droits de l'homme à travers des interviews de Nelson Mandela, Mario Vargas Llosa, Ignacio Lulla, Angela Davis, etc., accompagnées d'une iconographie mêlant affiches, portraits et slogans.
339    $a m
517 1  $a Amnesty international a cinquante ans
601    $3 11870755 $9 9142 $a Amnesty international $3 11934444 $9 494 $x Histoire $2 rameau
676    $a 323.060 1 $v 23
686    $a 320 $2 Cadre de classement de la Bibliographie nationale française
700    $3 14090139 $9 98905 $o ISNI0000000049185318 $a Crémieu $b Aurine $4 070
701    $3 12023934 $9 60879 $o ISNI000000008392572X $a Lefait $b Philippe $f 1953-.... $4 070
712 11 $3 11870755 $9 9142 $o ISNI0000000121708241 $a Amnesty international $4 340
801  0 $a FR $b FR-751131015 $c 20111107 $g AFNOR $h FRBNF425442120000006 $2 intermrc
999    $a FRBNF425442120000006
995    $0 1 $2 0 $4 0 $5 2011-11-23 $9 275052 $P 29.00 $b MED $c MED $e MED3A $f C0005444908 $h ACFSSZZ $k Doc./323 CRE $o 4 $p 29.00 $r PRETLIV $s DOC___323_000000000000000_CRE $w 2 $y 2014-06-30 $7 Furet du Nord - Roubaix

