02166cam a2200433   4500
001 240131
003 http://www.mediathequederoubaix.fr/ark:/20179/KH240131
010    $a 978-2-07-031263-4 $b br. $d 6,60 EUR
020    $a FR $b 00706632
033    $a http://catalogue.bnf.fr/ark:/12148/cb40964911c
035    $a FRBNF409649110000001
073  0 $a 9782070312634
090    $a 240131
091    $b 20240517 $c 1 $a 2
099    $t LI $c 2014-06-30 $d 2024-05-17 $x 5
100    $a 20070109d2007    m  y0frey50      ba
101 1  $a fre $c eng
102    $a FR
105    $a ||||z   00|a|
106    $a r
181  0 $6 01 $a i  $b xxxe  
181    $6 02 $c txt $2 rdacontent
182  0 $6 01 $a n
182    $6 02 $c n $2 rdamedia
200 1  $a Le jour des Triffides $b Texte imprimé $f John Wyndham $g traduit de l'anglais par Marcel Battin $g traduction révisée par Sébastien Guillot
210    $a [Paris] $c Gallimard $d impr. 2007 $e 27-Mesnil-sur-l'Estrée $g Impr. Firmin-Didot
215    $a 1 vol. (346 p.) $c couv. ill. en coul. $d 18 cm
225    $a Folio $i Science-fiction $v 267
330    $a Une nuit, une comète passée à proximité de la Terre a suffi à rendre la population aveugle, ne laissant la vue qu'à de rares chanceux. L'un d'eux, Bill Masen, tente de sauver des restes de civilisation sur la Terre devenue chaos. Mais bientôt apparaissent des plantes destructrices, les Triffides, qui veulent exterminer l'humanité. Un roman de science-fiction cataclysmique britannique paru en 1951.
339    $a m
410  0 $0 37125486 $t Folio. Science-fiction $x 1623-085X $v 267
410  0 $0 34234540 $t Collection Folio $x 0768-0732 $d 2007
454  1 $t The day of the Triffids
686    $a 803 $2 Cadre de classement de la Bibliographie nationale française
700    $3 12646872 $9 108472 $o ISNI0000000121180504 $a Wyndham $b John $f 1903-1969 $4 070
702    $3 12588310 $9 108473 $o ISNI0000000000425544 $a Battin $b Marcel $f 1921-1999 $4 730
801  0 $a FR $b FR-751131015 $c 20070109 $g AFNOR $h FRBNF409649110000001 $2 intermrc
999    $a FRBNF409649110000001
995    $0 0 $2 0 $4 0 $5 2012-03-21 $9 275251 $P 7.30 $b MED $c MED $e MED1A $f C0005461371 $h ALTIGSF $k SF/WYN $o 0 $p 7.30 $r PRETLIV $s SF_WYN $w 7 $y 2024-02-03 $7 ALIZE-SFL

