01755na  a2200361 i 4500
001 240260
003 http://www.mediathequederoubaix.fr/ark:/20179/KH240260
005 20230823212012.0
010    $a 978-2-35306-048-1 $b Br. $d 15.00 EUR
033    $a http://catalogue.bnf.fr/ark:/12148/cb425164231
090    $a 240260
091    $a 0
099    $t LI $c 2014-06-30 $d 2023-08-23 $x 13
100    $a 20111123d2011    |  |0frey5003||||ba
101    $a fre
102    $a FR
105    $a         0||a|
106    $a r
200    $a Close-up $e roman $f Michel Quint
210    $a Paris $c ELB- Ed. la Branche $d 2011
215    $a 207 p. $c couv. ill. $d 20 cm
225 2  $a Vendredi 13
330    $a Miranda réalise des numéros humoristiques de voyance au Quolibet, un cabaret de Lille. Un soir, elle reconnaît un promoteur qui lui a causé du tort par le passé. Pour se venger, elle lui prédit un avenir sombre : avant le vendredi 13, il trouvera la mort.
339    $a m
410    $t Vendredi 13
607    $9 141027 $a Lille (Nord) $x Roman
676    $a 843 $v 22
700    $7 ba0yba0y $8 fre    $a Quint $b Michel $f 1949-.... $9 284860
801    $a FR $b 595126101 $c 20120421 $g AFNOR
930    $5 595126101:c0004350431 $b 595126101 $a FR/R QUI $e Fonds régional de prêt
995    $0 0 $2 0 $4 0 $5 2012-02-07 $9 275452 $P 15.00 $b MED $c MED $e MED3I $f c0004350423 $h PPEFGZZ $k MAG L/P 8/116 800 $o 2 $p 15.00 $r PRETLIV $s MAG_LP_8116_800000000000000 $w 0 $y 2014-06-30 $7 Furet du Nord - Roubaix
995    $0 0 $2 0 $4 0 $5 2011-11-25 $9 275453 $P 15.00 $b MED $c MED $e MED1A $f C0005444151 $h ALTROPL $k RP/QUI $o 0 $p 15.00 $r PRETLIV $s RPQUI $w 12 $y 2023-05-20 $7 ALIZE-SFL
995    $0 0 $2 0 $4 0 $5 2012-02-07 $9 275454 $P 15.00 $b MED $c MED $e MED0C $f c0004350431 $h PRRRGZZ $k FR/R QUI $o 0 $p 15.00 $r PRETLIV $s FRR_QUI $w 13 $y 2023-09-15 $7 Furet du Nord - Roubaix

