01082nam a2200277 n 4500
001 240436
003 http://www.mediathequederoubaix.fr/ark:/20179/KH240436
005 20181115184342.0
090    $a 240436
091    $a 0
099    $t LI $c 2014-06-30 $d 2014-06-30 $x 0
100    $a          1994         frey5003    ba
101    $a fre
102    $a   
200    $a L' amicale des sapeurs pompiers de Roubaix $e [réglement intérieur]
210    $a [Roubaix $c Amicale des sapeurs pompiers $d ca 1994]
215    $a [11] f. $c couv. ill. $d 30 cm
300    $a Don de Pierre Collet, 2011
307    $a Verso des feuillets blanc
339    $a m
601 02 $9 137759 $a Amicale des sapeurs-pompiers $c Roubaix, Nord
702  1 $9 157977 $4 390 $a Collet $b Pierre $f 1934-2011
710 02 $9 137759 $a Amicale des sapeurs-pompiers $c Roubaix, Nord
801    $a FR $b 595126101 $c 20111220 $g AFNOR
930    $5 595126101:C0005225299 $b 595126101 $a RES 4/1395 $e Fonds patrimonial
995    $0 0 $2 0 $4 0 $5 2011-12-01 $9 275631 $b MED $c MED $e MED3P $f C0005225299 $h PPEFGZZ $k RES 4/1395 $o 2 $r PRETLIV $s RES_41395_000000000000000 $w 0 $y 2014-06-30

