01821cam a2200397   4500
001 240610
003 http://www.mediathequederoubaix.fr/ark:/20179/KH240610
010    $a 978-2-203-03885-1 $b rel. $d 10,95 EUR
020    $a FR $b 01163894
033    $a http://catalogue.bnf.fr/ark:/12148/cb42546351m
035    $a FRBNF425463510000009
073  0 $a 9782203038851
090    $a 240610
091    $b 20240517 $c 1 $a 2
099    $t LI $c 2014-06-30 $d 2024-05-17 $x 20
100    $a 20111110d2011    m  y0frey50      ba
101 0  $a fre
102    $a FR
105    $a ||||t   00|a|
106    $a r
181  0 $6 01 $a i  $b xxxe   $a b  $b xb2e  
181    $6 02 $c txt $c sti $2 rdacontent
182  0 $6 01 $a n
182    $6 02 $c n $2 rdamedia
200 1  $a Une bavure bien baveuse $b Texte imprimé $f Sokal $g avec la collaboration de Pascal Regnauld
210    $a [Paris] $c Casterman $d impr. 2011 $e 91-Palaiseau $g Impr. PPO graphic
215    $a 1 vol. (48 p.) $c ill. en coul., couv. ill. en coul. $d 31 cm
225 19 $a Une enquête de l'inspecteur Canardo $v 20
330    $a L'inspecteur Molart est gravement blessé lors d'un braquage de banque. D'après la balistique, la balle qui l'a atteint vient de l'arme du commissaire Garenni. Canardo, engagé par la femme de celui-ci, découvre qu'il s'adonnait au jeu.
339    $a m
686    $a 805 $2 Cadre de classement de la Bibliographie nationale française
700    $3 12013440 $9 4098 $o ISNI0000000121458334 $a Sokal $b Benoît $f 1954-2021 $4 070
702    $3 13578711 $9 59323 $o ISNI0000000001523381 $a Regnauld $b Pascal $f 1961-.... $4 205
801  0 $a FR $b FR-751131015 $c 20111110 $g AFNOR $h FRBNF425463510000009 $2 intermrc
999    $a FRBNF425463510000009
995    $0 0 $2 0 $4 0 $5 2011-12-06 $9 275852 $P 10.95 $b MED $c MED $e MED0C $f C0005336609 $h AAPBDSR $k BD/SERIES $o 0 $p 10.95 $r PRETLIV $s BD_SERIES $w 40 $y 2024-02-24 $7 BD fugue

