02085cam a2200457   4500
001 240774
003 http://www.mediathequederoubaix.fr/ark:/20179/KH240774
010    $a 978-2-7470-3736-5 $b br. $d 5 EUR
020    $a FR $b 01155887
033    $a http://catalogue.bnf.fr/ark:/12148/cb42527237m
035    $a FRBNF425272370000001
073  0 $a 9782747037365
090    $a 240774
091    $b 20240517 $c 1 $a 2
099    $t LI $c 2014-06-30 $d 2024-05-17 $x 45
100    $a 20111012d2011    a  y0frey50      ba
101 0  $a fre
102    $a FR
105    $a ||||z   00|a|
106    $a r
181  0 $6 01 $a i  $b xxxe  
181    $6 02 $c txt $2 rdacontent
182  0 $6 01 $a n
182    $6 02 $c n $2 rdamedia
200 1  $a Une princesse en danger $b Texte imprimé $f une histoire écrite par Arnaud Alméras $g illustrée par Frédéric Benaglia
210    $a [Montrouge] $c Bayard jeunesse $d impr. 2011 $e 85-Luçon $g Impr. Pollina
215    $a 1 vol. (29 p.) $c ill. en coul., couv. ill. en coul. $d 19 cm
225 19 $a Lili Barouf
225    $a Mes premiers J'aime lire $e humour $v 90
308    $a Bayard poche
330    $a La princesse Lili Barouf sauve la vie à une autre princesse, Belle-Neige au Bois Dormant. Cette parodie de conte de fées met en scène une princesse qui n'a pas froid aux yeux.
339    $a a
410  0 $0 37010344 $t Mes premiers J'aime lire $x 1297-8671 $v 90
410  0 $0 37142881 $t Bayard poche $x 1623-8621 $d 2011
608    $a Premières lectures $2 CNLJ $k Avis critique donné par le Centre national de la littérature pour la jeunesse
686    $a 809 $2 Cadre de classement de la Bibliographie nationale française
700    $3 12518766 $9 34615 $o ISNI0000000066367148 $a Alméras $b Arnaud $f 1967-.... $4 070
702    $3 13578632 $9 54112 $o ISNI0000000360853163 $a Benaglia $b Frédéric $f 1974-.... $4 440
801  0 $a FR $b FR-751131015 $c 20111012 $g AFNOR $h FRBNF425272370000001 $2 intermrc
999    $a FRBNF425272370000001
995    $0 0 $2 0 $4 0 $5 2011-12-14 $9 276030 $P 5.20 $b MED $c MED $e MED0A $f C0005447481 $h JRORMZZ $k EXT PRE R/ALM $o 0 $p 5.20 $r PRETLIV $s EXT_PRE_R_ALM $w 6 $y 2021-09-21 $7 Bateau Livre

