01757cam a2200397   4500
001 240899
003 http://www.mediathequederoubaix.fr/ark:/20179/KH240899
010    $a 978-2-7540-2543-0 $b br. $d 14,90 EUR
020    $a FR $b 01138524
033    $a http://catalogue.bnf.fr/ark:/12148/cb424595094
035    $a FRBNF424595090000000
073  0 $a 9782754025430
090    $a 240899
091    $b 20240517 $c 1 $a 2
099    $t LI $c 2014-06-30 $d 2024-05-17 $x 4
100    $a 20110627d2011    m  y0frey50      ba
101 0  $a fre
102    $a FR
105    $a ||||z   00|y|
106    $a r
181  0 $6 01 $a i  $b xxxe  
181    $6 02 $c txt $2 rdacontent
182  0 $6 01 $a n
182    $6 02 $c n $2 rdamedia
200 1  $a Incorrigible ! $b Texte imprimé $e chroniques d'un multirécidiviste $f Didier Porte
210    $a Paris $c First éd. $d impr. 2011 $e 27-Mesnil-sur-l'Estrée $g Impr. CPI Firmin-Didot
215    $a 1 vol. (271 p.) $c couv. ill. en coul. $d 21 cm
300    $a Recueil de chroniques diffusées dans les émissions "La matinale" et le "Fou du roi" entre 2008 et 2010
330    $a Une cinquantaine de chroniques, petites pépites écrites entre 2008 et 2010, issues des archives de l'ex chroniqueur de la matinale et du fou du roi.
339    $a m
676    $a 848.914 02 (oeuvre) $v 23
686    $a 804 $2 Cadre de classement de la Bibliographie nationale française
700    $3 13082541 $9 9448 $o ISNI0000000001982334 $a Porte $b Didier $f 1958-.... $4 070
801  0 $a FR $b FR-751131015 $c 20110627 $g AFNOR $h FRBNF424595090000000 $2 intermrc
999    $a FRBNF424595090000000
995    $0 0 $2 0 $4 0 $5 2012-02-21 $9 276214 $P 14.90 $b MED $c MED $e MED1A $f C0005338871 $h AAPPLHU $k Doc./682 POR $o 0 $p 14.90 $r PRETLIV $s DOC__682_000000000000000_POR $w 7 $y 2024-01-05 $7 Furet du Nord - Roubaix

