01674ng  a2200325 n 4500
001 241045
003 http://www.mediathequederoubaix.fr/ark:/20179/KH241045
005 20240517035037.0
090    $a 241045
091    $a 1 $b 20240517 $c 0
099    $t VD $c 2014-06-30 $d 2024-05-17 $x 89
100    $a 20140630 2003         frey50        
101    $a fre $a eng $a dan
200    $a Stuart little $b DVD $f Rich Wilkie, Chuck Klein, Bert Ring, réal. $g Melody Fox, Cynthia Cohen, Amy Wolfram...[et al.], scénario
210    $a États-Unis $c Columbia TriStar Television $c Red Wagon Productions $c Sony Pictures Television $d [2003]
215    $a 2 DVD (1h 21mn) $c coul., sonore
305    $a Versionsen français, anglais et danois
327    $a Intégrale de la série : The Meatloaf Bandit $a A Model Driver $a Team Little $a He Said, He Said $a The Great Outdoors $a Life, Liberty and the Pursuit of Taco Tuesday $a A Little Big Record $a Skateboard Dogz $a Adventures in Housekeeping $a A Little Too Fast $a No Job Is Too Little $a A Little Bit Country $a A Little Vacation
330    $a Stuart Little est de retour. Suivez la malicieuse souris et son frère George dans leurs aventures télévisuelles...
339    $a a
345    $a Adav
606 0  $a Dessins animés $y États-Unis $z 1990-.... $x DVD $2 rameau
700  1 $4 300 $a Wilkie $b Rich
701  1 $4 370 $a Klein $b ChucK
701  1 $4 370 $a Ring $b Bert
702  1 $4 690 $a Fox $b Melody
702  1 $4 690 $a Cohen $b Cynthia
702  1 $4 690 $a Wolfram $b Amy
801    $a FR $b 595126101 $c 20120127 $g AFNOR
995    $0 0 $2 0 $4 0 $5 2014-09-30 $9 310721 $P 30.00 $b MED $c MED $e MED2A $f C0005893416 $h JCIFEF1 $k DVD/E F STU $n 2024-06-21 $o 0 $p 30.00 $r PRETDVD $s DVD_E_F_STU $w 75 $y 2024-05-10 $7  $8  $A 0 $m  $z 

