01579ng  a2200301 n 4500
001 241157
003 http://www.mediathequederoubaix.fr/ark:/20179/KH241157
005 20240517035052.0
090    $a 241157
091    $a 1 $b 20240517 $c 0
099    $t VD $c 2014-06-30 $d 2024-05-17 $x 28
100    $a 20140630 2010         frey50        
101    $a fre $a eng
200    $a Rabbit Hole $b DVD $f John Cameron Mitchell, réal. $g David Lindsay-Abaire, scénario
210    $a Etat-Unis $c OPE eve 2 $d 2010
215    $a 1 DVD (1h 27 min) $c coul., sonore
305    $a Version en français et anglais
323    $a Interprètes : Nicole Kidman, Aaron Eckhart, Dianne Wiest...[et al.]
330    $a Huit mois après la disparition de leur fils, Becca et Howie redonnent peu à peu un sens à leur vie. Howie tente de nouvelles expériences tandis que Becca préfère couper les ponts avec une famille trop envahissante. Contre toute attente, elle se rapproche du jeune homme responsable de la mort de leur enfant. Cette relation étrange va permettre à Becca d'être enfin en paix avec elle-même.
339    $a m
345    $a Adav
606 0  $a Cinéma $y États-Unis $z 1990-.... $x DVD $2 rameau
700  1 $4 300 $a Cameron Mitchell $b John
702  1 $a Wiest $b Diane
702    $7 ba0yba0y $8 fre    $a Eckhart $b Aaron $f 1968-.... $3 14174434 $9 73984
702    $7 ba0yba0y $8 fre    $a Kidman $b Nicole $f 1967-.... $3 13941095 $9 83998
801    $a FR $b 595126101 $c 20111228 $g AFNOR
995    $0 0 $2 0 $4 0 $5 2011-12-27 $9 276476 $P 32.45 $b MED $c MED $e MED1A $f C0005485079 $h AAPCIFI $k DVD/F MIT $o 0 $p 32.45 $r PRETDVD $s DVD_F_MIT $w 48 $y 2023-12-05

