03915cam a2200589   4500
001 241288
003 http://www.mediathequederoubaix.fr/ark:/20179/KH241288
010    $a 978-2-211-20695-2 $b br. $d 9 EUR
010    $a 978-2-211-31094-9 $b réimpr. 2020
020    $a FR $b 01164013
033    $a http://catalogue.bnf.fr/ark:/12148/cb42549351b
035    $a FRBNF425493510000002
073  0 $a 9782211206952
073  0 $a 9782211310949 $b réimpr. 2020
090    $a 241288
091    $b 20240517 $c 1 $a 2
099    $t LI $c 2014-06-30 $d 2024-05-17 $x 57
100    $a 20111117d2011    a  y0frey50      ba
101 1  $a fre $c eng
102    $a FR
105    $a ||||z   00|a|
106    $a r
181  0 $6 01 $a i  $b xxxe  
181    $6 02 $c txt $2 rdacontent
182  0 $6 01 $a n
182    $6 02 $c n $2 rdamedia
200 1  $a Le Noël du chat assassin $b Texte imprimé $f Anne Fine $g illustrations de Véronique Deiss $g traduit de l'anglais par Véronique Haïtse
210    $a Paris $c l'École des loisirs $d DL 2011 $e 27-Évreux $g Impr. Hérissey Qualibris
215    $a 1 vol. (87 p.) $c ill., couv. ill. en coul. $d 19 cm
225    $a Mouche
321    $a La Revue des livres pour enfants $x 0398-8384
321    $a La Revue des livres pour enfants. Sélection annuelle
321    $a Escales en littérature de jeunesse $c 2013
329    $c Bravo ! $a Quel plaisir de retrouver dans cette cinquième aventure toute la saveur et l'humour du premier volume Journal d'un chat assassin (1997). On jubile, le chat n'a rien perdu de sa mauvaise foi légendaire, et Noël, avec un spectacle en préparation, est une occasion bien tentante pour multiplier les catastrophes qui s'enchaînent implacablement, pour la plus grande joie du chat et des lecteurs ! $d 20111214 $f AE $2 CNLJ $k Avis critique donné par le Centre national de la littérature pour la jeunesse
329    $d 20130913
329    $c Coup de coeur ! $a Tuffy est un chat qui vit comme un chat. Il en rajoute peut-être un peu, mais est-ce une raison suffisante pour que sa jeune maîtresse en fasse tout un drame ? Tuffy se sert du lecteur comme complice, et avec une parfaite mauvaise foi, se met en position de victime. Un parti pris jubilatoire. $d 20131001 $2 CNLJ $k Avis critique donné par le Centre national de la littérature pour la jeunesse
330    $a Noël n'est pas une fête idéale pour les chats : interdiction de grimper sur le sapin et de toucher aux décorations, et des invités sans gêne prennent les meilleurs fauteuils. Pourtant, le chat trouve que sa punition pour avoir dépassé les bornes n'est pas méritée.
333    $a À partir de 6 ans $2 CNLJ $k Avis critique donné par le Centre national de la littérature pour la jeunesse
333    $a À partir de 9 ans $2 CNLJ $k Avis critique donné par le Centre national de la littérature pour la jeunesse
339    $a a
410  0 $0 34247192 $t Mouche (Paris) $x 0988-0364 $d 2011
454  1 $t The killer cat's Christmas
608    $a Premières lectures $2 CNLJ $k Avis critique donné par le Centre national de la littérature pour la jeunesse
608    $a Romans $2 CNLJ $k Avis critique donné par le Centre national de la littérature pour la jeunesse
686    $a 809 $2 Cadre de classement de la Bibliographie nationale française
700    $3 12137458 $9 18459 $o ISNI0000000121481999 $a Fine $b Anne $f 1947-.... $4 070
702    $3 12207353 $9 2489 $o ISNI0000000121341435 $a Deiss $b Véronique $f 1965-.... $4 440
702    $3 13199994 $9 42547 $o ISNI0000000000469694 $a Haïtse $b Véronique $4 730
801  0 $a FR $b FR-751131015 $c 20111117 $g AFNOR $h FRBNF425493510000002 $2 intermrc
999    $a FRBNF425493510000002
995    $0 0 $2 0 $4 0 $5 2012-02-09 $9 276617 $P 9.00 $b MED $c MED $e MED2A $f C0005494873 $h JRORMZZ $k PRE R/FIN $o 0 $p 9.00 $r PRETLIV $s PRE_R_FIN $w 60 $y 2024-04-30 $7 Bateau Livre
995    $0 0 $2 0 $4 0 $5 2016-01-08 $9 334244 $P 9.00 $b MED $c MED $e MED0A $f C2200000683 $h JROROZZ $k EXT E R/FIN $o 0 $p 9.00 $r PRETLIV $s EXT_E_R_FIN $w 7 $y 2024-04-18

