00842nj  a2200241 n 4500
001 241419
003 http://www.mediathequederoubaix.fr/ark:/20179/KH241419
005 20240517035135.0
071 01 $a 112029 $b Ariola
090    $a 241419
091    $a 1 $b 20240517 $c 0
099    $t DV $c 2014-06-30 $d 2024-05-17
100    $a 20140630              frey50        
101    $a fre
200    $a Dans un souffle $b Enr. sonore $f La Strada
215    $a 1 disque
327    $a Face B : La nuit
339    $a m
710 02 $a La Strada
801    $a FR $b 595126101 $c 20120105 $g AFNOR
930    $5 595126101:F DESD 17/5163 $b 595126101 $a F DESD17/5163 $e Fonds Patrice Desdoit
317    $a Collection de Patrice Desdoit
995    $0 0 $2 0 $4 0 $5 2012-01-05 $9 276753 $b MED $c MED $e MED2D $f F DESD 17/5163 $h PENPDZZ $k F DESD17/5163 $o 0 $r PRETSON $s F_DESD17_5163_000000000000000 $w 0 $y 2014-06-30

