00836nj  a2200241 n 4500
001 241573
003 http://www.mediathequederoubaix.fr/ark:/20179/KH241573
005 20240517035747.0
071 01 $a ELE 001 $b Autoproduction
090    $a 241573
091    $a 1 $b 20240517 $c 0
099    $t DV $c 2014-06-30 $d 2024-05-17
100    $a 20140630              frey50        
101    $a fre
200    $a Seuls $b Enr. sonore $f Elessi
215    $a 1 disque
327    $a Face B : Le matin
339    $a m
710 02 $a Elessi
801    $a FR $b 595126101 $c 20120107 $g AFNOR
930    $5 595126101:F DESD 17/5231 $b 595126101 $a F DESD17/5231 $e Fonds Patrice Desdoit
317    $a Collection de Patrice Desdoit
995    $0 0 $2 0 $4 0 $5 2012-01-07 $9 276908 $b MED $c MED $e MED2D $f F DESD 17/5231 $h PENPDZZ $k F DESD17/5231 $o 0 $r PRETSON $s F_DESD17_5231_000000000000000 $w 0 $y 2014-06-30

