02305cam a2200445   4500
001 241678
003 http://www.mediathequederoubaix.fr/ark:/20179/KH241678
010    $a 978-2-7459-4931-8 $b br. $d 5,90 EUR
020    $a FR $b 01133462
033    $a http://catalogue.bnf.fr/ark:/12148/cb42431822t
035    $a FRBNF424318220000005
073  0 $a 9782745949318
090    $a 241678
091    $b 20240517 $c 1 $a 2
099    $t LI $c 2014-06-30 $d 2024-05-17 $x 56
100    $a 20110513d2011    a  y0frey50      ba
101 0  $a fre
102    $a FR
105    $a ||||z   00|a|
106    $a r
181  0 $6 01 $a i  $b xxxe  
181    $6 02 $c txt $2 rdacontent
182  0 $6 01 $a n
182    $6 02 $c n $2 rdamedia
200 1  $a Qui a explosé le flamant rose ? $b Texte imprimé $f Michel Amelin $g illustrations de Colonel Moutarde
210    $a Toulouse $c Milan jeunesse $d DL 2011 $e 85-Luçon $g Impr. Pollina
215    $a 1 vol. (61 p.) $c ill. en coul., couv. ill. en coul. $d 18 cm
225 19 $a Sherlock Yack, zoo-détective
225    $a Milan poche cadet $e polar $v 141
327    $a Qui a bombé le coq ? ; $a Qui a lancé le cochon ? / Michel Amelin ; illustrations Colonel Moutarde
330    $a Trois énigmes que le lecteur doit résoudre avant Sherlock Yack, le détective du zoo, grâce aux indices qui lui sont fournis. Dans ce volume, les coqs sont prêts à tout pour être choisis comme nouvelle mascotte de l'équipe de France de football, le responsable de l'enclos des animaux handicapés, jaloux, tend un piège à Sherlock Yack, et un cochon est tué le jour de son anniversaire.
339    $a a
410  0 $0 37124113 $t Milan poche cadet (Toulouse. 1999) $x 1298-2962 $v 141
608    $a Romans $2 CNLJ $k Avis critique donné par le Centre national de la littérature pour la jeunesse
686    $a 809 $2 Cadre de classement de la Bibliographie nationale française
700    $3 12114991 $9 9587 $o ISNI0000000121200034 $a Amelin $b Michel $f 1955-.... $4 070
702    $3 13563113 $9 66922 $o ISNI0000000066551316 $a Colonel Moutarde $f 1968-.... $4 440
801  0 $a FR $b FR-751131015 $c 20110513 $g AFNOR $h FRBNF424318220000005 $2 intermrc
999    $a FRBNF424318220000005
995    $0 0 $2 0 $4 0 $5 2012-03-28 $9 277013 $P 5.90 $b MED $c MED $e MED2A $f C0005498925 $h JRORMZZ $k PRE R/AME $o 0 $p 5.90 $r PRETLIV $s PRE_R_AME $w 64 $y 2024-02-24 $7 Bateau Livre

