02653ng  a2200385 n 4500
001 241841
003 http://www.mediathequederoubaix.fr/ark:/20179/KH241841
005 20240517035835.0
090    $a 241841
091    $a 1 $b 20240517 $c 0
099    $t VD $c 2014-06-30 $d 2024-05-17 $x 24
100    $a 20140630 1964         frey50        
101    $a fre
200    $a Jules Verne $b DVD $f Marcel Bluwal, Eric Le Hung, Claude Santelli, Pierre Bureau, réal. $g D'après l'oeuvre de Jules Verne
210    $a France $c Ina $d 1964 / 1967 / 1973
215    $a 2 DVD ( 4 h 21 min ) $c coul., n.b., sonore
323    $a Interprètes : Alain Mottet, Georges Poujouly, Jean-Claude Drouot...[et al.]
327    $a Contient : DVD 1 : Les Indes noires / Marcel Bluwal (1964 - 1 h 28 min) $a DVD 2 : Le secret de Wilhem Storitz / Eric Le Hung & Claude Santelli (1967 - 1 h 45 min) $a Maître Zacharius / Pierre Bureau (1973 - 1 h 00 min) $a Contient aussi : Présentation du film "Le secret de Wilhem Storitz" par Claude Santelli.
330    $a Les Indes noires : Un voyage au centre de la terre dont les mineurs sont les héros. Fidèle à l'esprit du roman et à son lyrisme, Marcel Bluwal s'est laissé guidé dans sa mise en scène par les célèbres illustrationsde l'édition de Hetzel...
330    $a Le secret de Wilhem Storitz : Ténébreux savant hongrois est terrifiant : il a découvert le moyen de rendre les êtres humains invisibles. Dans cette oeuvre, l'une des dernières de Jules Verne, l'invention est pour la première fois au service d'une histoire d'amour...
330    $a Maître Zacharius : En un temps et un pays imaginaires, un viel horloger rêve de transformer ses automates en êtres vivants au risque de perdre son âme...
339    $a m
345    $a Adav
606 0  $a Cinéma $y France $z 1960-1990 $x DVD $2 rameau
606 0  $7 ba0yba0y $8 fre    $3 12100752 $9 103499 $a Films d'aventures $x DVD $y France $2 rameau
700    $7 ba0yba0y $8 fre    $a Bluwal $b Marcel $f 1925-2021 $3 11892462 $4 300 $9 89234
701  1 $4 370 $a Bureau $b Pierre
701    $7 ba0yba0y $8 fre    $a Santelli $b Claude $f 1923-2001 $3 12024224 $4 370 $9 83405
701  1 $7 ba0yba0y $8 fre    $3 14659465 $9 108905 $4 370 $7 ba0yba0y $8 fre    $a Le Hung $b Éric $f 1937-....
702  1 $a Mottet $b Alain
702    $7 ba0yba0y $8 fre    $a Drouot $b Jean-Claude $f 1938-.... $3 13893435 $9 96904
702    $7 ba0yba0y $8 fre    $a Poujouly $b Georges $f 1940-2000 $3 13987007 $9 42415
702  1 $4 100 $7 ba0yba0y $8 fre    $a Verne $b Jules $f 1828-1905
801    $a FR $b 595126101 $c 20120823 $g AFNOR
995    $0 0 $2 0 $4 0 $5 2012-02-09 $9 277176 $P 41.54 $b MED $c MED $e MED1A $f C0005487363 $h AAPCIFI $k DVD/F VER $l 2 DVD $o 0 $p 41.54 $r PRETDVD $s DVDF_VER $w 45 $y 2023-09-02 $7 ADAV

