00855nj  a2200241 n 4500
001 241967
003 http://www.mediathequederoubaix.fr/ark:/20179/KH241967
005 20240517040402.0
071 01 $a INT 80217 $b Pop Music
090    $a 241967
091    $a 1 $b 20240517 $c 0
099    $t DV $c 2014-06-30 $d 2024-05-17
100    $a 20140630              frey50        
101    $a fre
200    $a Le mont des oliviers $b Enr. sonore $f Egregie
215    $a 1 disque
327    $a Face B : Glorification
339    $a m
710 02 $a Egregie
801    $a FR $b 595126101 $c 20120118 $g AFNOR
930    $5 595126101:F DESD 17/5413 $b 595126101 $a F DESD17/5413 $e Fonds Patrice Desdoit
317    $a Collection de Patrice Desdoit
995    $0 0 $2 0 $4 0 $5 2012-01-18 $9 277308 $b MED $c MED $e MED2D $f F DESD 17/5413 $h PENPDZZ $k F DESD17/5413 $o 0 $r PRETSON $s F_DESD17_5413_000000000000000 $w 0 $y 2014-06-30

