02689cam a2200493   4500
001 242090
003 http://www.mediathequederoubaix.fr/ark:/20179/KH242090
010    $a 978-2-84516-420-8 $b br. $d 49 EUR
020    $a FR $b 01209499
033    $a http://catalogue.bnf.fr/ark:/12148/cb42597594q
035    $a FRBNF42597594000000X
073  0 $a 9782845164208
090    $a 242090
091    $b 20240517 $c 1 $a 2
099    $t LI $c 2014-06-30 $d 2024-05-17 $x 1
100    $a 20120208d2012    k  h0frey50      ba
101 0  $a fre
102    $a FR
105    $a ||||||||10|y|
106    $a r
181  0 $6 01 $a i  $b xxxe  
181    $6 02 $c txt $2 rdacontent
182  0 $6 01 $a n
182    $6 02 $c n $2 rdamedia
200 1  $a L'album, le parti pris des images $b Texte imprimé $f études réunies et présentées par Viviane Alary et Nelly Chabrol Gagne
210    $a Clermont-Ferrand $c Presses universitaires Blaise Pascal $d impr. 2012 $e 63-Clermont-Ferrand $g Impr. Diazo 1
215    $a 1 vol. (278 p.) $c ill. en noir et en coul., couv. ill. en coul. $d 34 cm
300    $a Publ. à l'occasion du colloque "Le parti pris de l'album ou De la suite dans les images" organisé à Clermont-Ferrand du 11 au 13 février 2009, par le Centre de recherches sur les littératures et la sociopoétique (CELIS), Clermont-Ferrand, en partenariat avec le Centre d'étude de l'écriture et de l'image (CEEI), Paris VII
300    $a Index
339    $a m
517 1  $a Le parti pris de l'album ou De la suite dans les images
606    $3 11938887 $9 998 $a Livres illustrés pour enfants $3 11934444 $9 494 $x Histoire $2 rameau
606    $3 11965688 $9 1892 $a Livres d'images $3 11934444 $9 494 $x Histoire $2 rameau
608    $3 12061148 $9 2096 $a Actes de congrès $2 rameau
608    $a Ouvrages de référence $2 CNLJ $k Avis critique donné par le Centre national de la littérature pour la jeunesse
676    $a 741.640 9 $v 23
686    $a 740 $2 Cadre de classement de la Bibliographie nationale française
702    $3 14567733 $9 36309 $o ISNI0000000053937463 $a Alary $b Viviane $4 340
702    $3 15624334 $9 108401 $o ISNI0000000001894465 $a Chabrol Gagne $b Nelly $4 340
712 11 $3 15986991 $9 108928 $o ISNI0000000106598945 $a Centre de recherches sur les littératures et la sociopoétique $c Clermont-Ferrand $4 340
712 11 $3 12073991 $9 108929 $o ISNI000000012301135X $a Centre d'étude de l'écriture et de l'image $c Paris $4 340
801  0 $a FR $b FR-751131015 $c 20120208 $g AFNOR $h FRBNF42597594000000X $2 intermrc
999    $a FRBNF42597594000000X
995    $0 0 $2 0 $4 0 $5 2012-01-26 $9 277429 $P 49.00 $b MED $c MED $e MED3D $f c0004349901 $h ACFBPZZ $k BIB PROF/5.44 ALB $o 0 $p 49.00 $r PRETLIV $s BIB_PROF5_44_000000000000000_A $w 2 $y 2019-09-20 $7 Furet du Nord - Roubaix

