02085cam a2200421   4500
001 242212
003 http://www.mediathequederoubaix.fr/ark:/20179/KH242212
010    $a 978-2-07-244985-7 $b br. $d 21 EUR
020    $a FR $b 01206928
033    $a http://catalogue.bnf.fr/ark:/12148/cb42591125b
035    $a FRBNF425911250000003
073  0 $a 9782072449857
090    $a 242212
091    $b 20240517 $c 1 $a 2
099    $t LI $c 2014-06-30 $d 2024-05-17 $x 5
100    $a 20120130d2011    m  y0frey50      ba
101 1  $a fre $c eng
102    $a FR
105    $a ||||z   00|a|
106    $a r
181  0 $6 01 $a i  $b xxxe  
181    $6 02 $c txt $2 rdacontent
182  0 $6 01 $a n
182    $6 02 $c n $2 rdamedia
200 1  $a Une seconde vie $b Texte imprimé $e roman $f Dermot Bolger $g traduit de l'anglais (Irlande) par Marie-Hélène Dumas
210    $a [Paris] $c J. Losfeld $d impr. 2011 $e 27-Mesnil-sur-l'Estrée $g Impr. CPI Firmin-Didot
215    $a 1 vol. (256 p.) $c couv. ill. en coul. $d 22 cm
225    $a Littérature étrangère
330    $a Sean Blake réchappe de justesse à un accident de voiture à la suite duquel il a été déclaré cliniquement mort pendant quelques secondes. A son réveil, bouleversé, il perçoit le monde différemment. Se sentant étranger à sa femme et à ses deux enfants, il décide de partir à la recherche de sa mère biologique, dont il a été séparé à l'âge de six semaines et dont il ignore tout.
339    $a m
410  0 $0 39110779 $t Littérature étrangère (Paris. 2003) $x 1764-9838 $d 2011
454  1 $t A second life
686    $a 803 $2 Cadre de classement de la Bibliographie nationale française
700    $3 12243710 $9 34611 $o ISNI0000000108688186 $a Bolger $b Dermot $f 1959-.... $4 070
702    $3 11901074 $9 22944 $o ISNI0000000073607816 $a Dumas $b Marie-Hélène $f 1948-.... $4 730
801  0 $a FR $b FR-751131015 $c 20120130 $g AFNOR $h FRBNF425911250000003 $2 intermrc
999    $a FRBNF425911250000003
995    $0 0 $2 0 $4 0 $5 2012-02-01 $9 277551 $P 21.00 $b MED $c MED $e MED1A $f C0005322596 $h ALTROZZ $k R/BOL $o 0 $p 21.00 $r PRETLIV $s RBOL $w 17 $y 2016-08-02 $7 ALIZE-SFL

