00831nj  a2200241 n 4500
001 242340
003 http://www.mediathequederoubaix.fr/ark:/20179/KH242340
005 20240517041009.0
071 01 $a 6172 150 $b Philips
090    $a 242340
091    $a 1 $b 20240517 $c 0
099    $t DV $c 2014-06-30 $d 2024-05-17
100    $a 20140630              frey50        
101    $a fre
200    $a Rock Star $b Enr. sonore $f Foxy
215    $a 1 disque
327    $a Face B : Chevrolet
339    $a m
710 02 $a Foxy
801    $a FR $b 595126101 $c 20120201 $g AFNOR
930    $5 595126101:F DESD 17/5600 $b 595126101 $a F DESD17/5600 $e Fonds Patrice Desdoit
317    $a Collection de Patrice Desdoit
995    $0 0 $2 0 $4 0 $5 2012-02-01 $9 277693 $b MED $c MED $e MED2D $f F DESD 17/5600 $h PENPDZZ $k F DESD17/5600 $o 0 $r PRETSON $s F_DESD17_5600_000000000000000 $w 0 $y 2014-06-30

