04344cam a2200505   4500
001 242476
003 http://www.mediathequederoubaix.fr/ark:/20179/KH242476
010    $a 978-2-7485-1095-9 $b rel. $d 10,50 EUR
020    $a FR $b 01133623
033    $a http://catalogue.bnf.fr/ark:/12148/cb42429804m
035    $a FRBNF42429804000000X
073  0 $a 9782748510959
090    $a 242476
091    $b 20240517 $c 1 $a 2
099    $t LI $c 2014-06-30 $d 2024-05-17 $x 70
100    $a 20110511d2011    a  y0frey50      ba
101 0  $a fre
102    $a FR
105    $a ||||z   00|a|
106    $a r
181  0 $6 01 $a i  $b xxxe  
181    $6 02 $c txt $2 rdacontent
182  0 $6 01 $a n
182    $6 02 $c n $2 rdamedia
200 1  $a Les poulets guerriers $b Texte imprimé $f une histoire contée par Catherine Zarcate $g illustrée par Élodie Balandras
210    $a [Paris] $c Syros $d DL 2011 $e 85-Luçon $g Impr. Pollina
215    $a 1 vol. (29 p.) $c ill. en coul., couv. ill. en coul. $d 33 cm
225    $a Album Paroles de conteurs $e moyennes oreilles
321    $a La Revue des livres pour enfants $x 0398-8384
321    $a Escales en littérature de jeunesse $c 2013
329    $c Coup de coeur ! $a Une fois de plus, il vaut mieux ne pas mépriser plus petit que soi ! Pour qui a entendu Catherine Zarcate raconter cette histoire, c'est un grand souvenir, de drôlerie intense et de tendresse. Pour nous la transmettre, à la fois très fidèle au récit d'origine et complètement déjantée, totalement "zarcatienne", elle s'est inspirée d'un conte très bref, recueilli en Afrique par Gisèle de Goustine (cf. "Le Poussin" in : Contes de la Croix du sud, éd. Maisonneuve et Larose) ! Un modèle d'adaptation : d'aucuns pourraient en prendre de la graine. La mise en pages est joyeuse et le jeu avec la typographie se justifie tout à fait. Les illustrations sont assez délirantes : les poulets sont à la fois ridicules, plutôt "moches", comme des ados mal fagotés. Mais, finalement, attendris, ils se montreront beaux joueurs. C'est exactement ce que la conteuse revendique en fin de livre, dans un joli petit texte discret et efficace. $d 20110411 $f EC $2 CNLJ $k Avis critique donné par le Centre national de la littérature pour la jeunesse
329    $c Coup de coeur ! $a Il vaut mieux ne pas mépriser plus petit que soi ! Pour transmettre cette histoire, à la fois très fidèle au récit d'origine et complètement déjantée, la conteuse s'est inspirée d'un conte très bref, recueilli en Afrique par Gisèle de Goustine. Mise en pages joyeuse et typographie chahutée, illustrations délirantes. $d 20131001 $2 CNLJ $k Avis critique donné par le Centre national de la littérature pour la jeunesse
330    $a Il était une fois, dans un village en Afrique, des poulets adolescents qui ont décidé de partir sur le sentier de la guerre. Ils se sont fait des peintures de guerre, ont coiffé leur crête avec du gel, ont bombé le torse et ont traversé le village en file indienne. Un petit poussin les voit et veut partir avec eux. Un conte africain où un poussin a raison d'une bande de poulets prétentieux.
333    $a À partir de 6 ans $2 CNLJ $k Avis critique donné par le Centre national de la littérature pour la jeunesse
339    $a a
410  0 $0 41301280 $t Album Paroles de conteurs $x 1959-3767 $d 2011
608    $a Contes, légendes et folklore $2 CNLJ $k Avis critique donné par le Centre national de la littérature pour la jeunesse
686    $a 809 $2 Cadre de classement de la Bibliographie nationale française
700    $3 13077291 $9 272617 $o ISNI000000000650047X $a Zarcate $b Catherine $f 1952-.... $4 070
701    $3 14570780 $9 82335 $o ISNI0000000121367803 $a Balandras $b Élodie $f 1981-.... $4 070
801  0 $a FR $b FR-751131015 $c 20110511 $g AFNOR $h FRBNF42429804000000X $2 intermrc
999    $a FRBNF42429804000000X
995    $0 0 $2 0 $4 0 $5 2012-04-19 $9 277858 $P 10.50 $b MED $c MED $e MED2A $f C0005563631 $h JABCTEF $k E CA/ZAR $n 2024-06-15 $o 0 $p 10.50 $r PRETLIV $s E_CA_ZAR $w 63 $y 2024-05-04 $7 Bateau Livre
995    $0 0 $2 0 $4 0 $5 2012-04-11 $9 277859 $P 12.00 $b MED $c MED $e MED0A $f C0005467518 $h JABCTEF $k EXT E C/ZAR $n 2024-07-11 $o 0 $p 12.00 $r PRETLIV $s EXT_E_C_ZAR $w 11 $y 2023-09-28 $7 Bateau Livre
995    $0 0 $2 0 $4 0 $5 2012-04-19 $9 277860 $P 12.00 $b MED $c MED $e MED0A $f C2500010588 $h JABCTEF $k EXT E C/ZAR $n 2024-07-11 $o 0 $p 12.00 $r PRETLIV $s EXT_E_C_ZAR $w 6 $y 2023-09-01 $7 Bateau Livre

