00906nj  a2200241 n 4500
001 242628
003 http://www.mediathequederoubaix.fr/ark:/20179/KH242628
005 20240517041107.0
071 01 $a E 1000 $b Disques EMC
090    $a 242628
091    $a 1 $b 20240517 $c 0
099    $t DV $c 2014-06-30 $d 2024-05-17
100    $a 20140630              frey50        
101    $a fre
200    $a Promises $b Enr. sonore $f Golden-Hands
215    $a 1 disque
327    $a Face B : The first time
339    $a m
710 02 $7 ba0yba0y $8 fre    $3 13845892 $9 27564 $7 ba0yba0y $8 fre    $a Golden hands
801    $a FR $b 595126101 $c 20120208 $g AFNOR
930    $5 595126101:F DESD 17/5666 $b 595126101 $a F DESD17/5666 $e Fonds Patrice Desdoit
317    $a Collection de Patrice Desdoit
995    $0 0 $2 0 $4 0 $5 2012-02-08 $9 278051 $b MED $c MED $e MED2D $f F DESD 17/5666 $h PENPDZZ $k F DESD17/5666 $o 0 $r PRETSON $s F_DESD17_5666_000000000000000 $w 0 $y 2014-06-30

