00851nj  a2200241 n 4500
001 242730
003 http://www.mediathequederoubaix.fr/ark:/20179/KH242730
005 20240517041638.0
071 01 $a 7031 $b Sonart
090    $a 242730
091    $a 1 $b 20240517 $c 0
099    $t DV $c 2014-06-30 $d 2024-05-17
100    $a 20140630              frey50        
101    $a fre
200    $a L'oeil de Gomorrhe $b Enr. sonore $f Jeroboam
215    $a 1 disque
327    $a Face B : Les morts-vivants
339    $a m
710 02 $a Jeroboam
801    $a FR $b 595126101 $c 20120210 $g AFNOR
930    $5 595126101:F DESD 17/5759 $b 595126101 $a F DESD17/5759 $e Fonds Patrice Desdoit
317    $a Collection de Patrice Desdoit
995    $0 0 $2 0 $4 0 $5 2012-02-10 $9 278151 $b MED $c MED $e MED2D $f F DESD 17/5759 $h PENPDZZ $k F DESD17/5759 $o 0 $r PRETSON $s F_DESD17_5759_000000000000000 $w 0 $y 2014-06-30

