01315nam a2200289 n 4500
001 242979
003 http://www.mediathequederoubaix.fr/ark:/20179/KH242979
005 20181115184156.0
033    $a http://catalogue.bnf.fr/ark:/12148/cb301752195
090    $a 242979
091    $a 0
099    $t LI $c 2014-06-30 $d 2014-06-30
100    $a          1845         frey5003    ba
101    $a fre
102    $a   
200    $a Oeuvres $f de Jacques Bujault,... $g recueillies et précédées d'une introd. de Jules Rieffel,... $g ill. de trente-quatre sujets gravés sur bois par Guillaumot
210    $a Paris $c F. Malteste $d 1845
215    $a XX-520 p.- [34] f. de pl. $c front. ill. gr. sb., ill. gr. sb. $d 22 cm
310    $a 1/2 basane verte époque, dos lisse orné
339    $a m
606 0  $9 262159 $a Agriculture $y France $z 19e siècle $x Ouvrages illustrés
700  1 $9 291798 $a Bujault $b Jacques $f 1771-1842
702  1 $9 291799 $a Rieffel $b Jules $f 1806-1886 $4 080 $4 340
702  1 $9 291800 $a Guillaumot $b Eugène $f 1813-1869 $4 440
801    $a FR $b 595126101 $c 20120526 $g AFNOR
930    $5 595126101:c0004349870 $b 595126101 $a MAG L/P 116 799 $e Fonds patrimonial
995    $0 0 $2 0 $4 0 $5 2012-02-18 $9 278403 $P 120.00 $b MED $c MED $e MED3I $f c0004349870 $h PPEFGZZ $k MAG L/P 116 799 $o 2 $p 120.00 $r PRETLIV $s MAG_LP_116_799000000000000 $w 0 $y 2014-06-30 $7 Godon

