02313cam a2200481   4500
001 243098
003 http://www.mediathequederoubaix.fr/ark:/20179/KH243098
010    $a 978-2-7324-4970-8 $b rel. $d 15 EUR
020    $a FR $b 01212437
033    $a http://catalogue.bnf.fr/ark:/12148/cb42582770v
035    $a FRBNF425827700000002
073  0 $a 9782732449708
090    $a 243098
091    $a 2 $b 20240518 $c 1
099    $t LI $c 2014-06-30 $d 2024-05-18 $x 31
100    $a 20120117d2011    a  y0frey50      ba
101 0  $a fre
102    $a FR
105    $a ||||e   00|y|
106    $a r
181  0 $6 01 $a i  $b xxxe  
181    $6 02 $c txt $2 rdacontent
182  0 $6 01 $a n
182    $6 02 $c n $2 rdamedia
200 1  $a Le dico du cinéma $b Texte imprimé $f Jean-Michel Billioud $g illustrations, Marc Ingrand
210    $a Paris $c La Martinière jeunesse $d impr. 2011 $e impr. en Espagne
215    $a 1 vol. (126 p.) $c ill. en noir et en coul., couv. ill. en coul. $d 23 cm
225    $a Le dico de...
300    $a Index
330    $a 150 entrées permettent de découvrir l'ensemble de l'univers du cinéma, ses techniques, son langage, son histoire depuis son invention au XIXe siècle jusqu'aux films d'animation.
339    $a a
410  0 $0 39095215 $t Le Dico de... $x 1773-7028 $d 2011
606    $3 11936118 $9 1343 $a Cinéma $2 rameau
608    $3 12070170 $9 13995 $a Dictionnaires pour la jeunesse $2 rameau
608    $a Documentaires : activités, loisirs et divers $2 CNLJ $k Avis critique donné par le Centre national de la littérature pour la jeunesse
676    $a 791.430 83 $v 23
686    $a 791 $2 Cadre de classement de la Bibliographie nationale française
700    $3 12491750 $9 46438 $o ISNI0000000078343581 $a Billioud $b Jean-Michel $f 1964-.... $4 070
702    $3 16039952 $9 333737 $o ISNI0000000121427300 $a Ingrand $b Marc $f 1958-.... $4 440
801  0 $a FR $b FR-751131015 $c 20120117 $g AFNOR $h FRBNF425827700000002 $2 intermrc
999    $a FRBNF425827700000002
995    $0 0 $2 0 $4 0 $5 2012-02-23 $9 278538 $P 15.20 $b MED $c MED $e MED2A $f C0005495276 $h JDT70ZZ $k E/790 ABC $o 0 $p 15.20 $r PRETLIV $s E_790_000000000000000_ABC $w 13 $y 2024-04-13 $7 Bateau Livre
995    $0 0 $2 0 $4 0 $5 2012-04-04 $9 278539 $P 15.20 $b MED $c MED $e MED0A $f C0005403929 $h JDT70ZZ $k EXT E/790 ABC $o 0 $p 15.20 $r PRETLIV $s EXT_E_790_000000000000000_ABC $w 28 $y 2023-12-27 $7 Bateau Livre

