01983cam a2200433   4500
001 243209
003 http://www.mediathequederoubaix.fr/ark:/20179/KH243209
010    $a 978-2-08-125625-5 $b rel. $d 25 EUR
020    $a FR $b 01222629
033    $a http://catalogue.bnf.fr/ark:/12148/cb426431191
035    $a FRBNF42643119000000X
073  0 $a 9782081256255
090    $a 243209
091    $b 20240518 $c 1 $a 2
099    $t LI $c 2014-06-30 $d 2024-05-18 $x 5
100    $a 20120411d2012    m  y0frey50      ba
101 0  $a fre
102    $a FR
105    $a ||||z   00|y|
106    $a r
181  0 $6 01 $a i  $b xxxe  
181    $6 02 $c txt $2 rdacontent
182  0 $6 01 $a n
182    $6 02 $c n $2 rdamedia
200 1  $a Présidents, poils aux dents ! $b Texte imprimé $e 150 ans de caricatures présidentielles $f Didier Porte, Guillaume Doizy
210    $a Paris $c Flammarion $d impr. 2012 $e impr. en Slovénie
215    $a 1 vol. (223 p.) $c ill. en noir et en coul., couv. ill. en coul. $d 23 cm
300    $a Bibliogr. p. 256-257. Index
330    $a Histoire de la presse satirique de Louis Napoléon Bonaparte à Nicolas Sarkozy en passant par Emile Loubet, Raymond Poincaré, Charles de Gaulle ou François Mitterrand.
339    $a m
606    $3 12073725 $9 24568 $a Présidents $y France $3 14533294 $9 26772 $z 1800-.... $2 rameau
608    $3 11936063 $9 4837 $a Caricatures et dessins humoristiques $2 rameau
676    $a 352.230 92244 $v 23
686    $a 320 $2 Cadre de classement de la Bibliographie nationale française
700    $3 13082541 $9 9448 $o ISNI0000000001982334 $a Porte $b Didier $f 1958-.... $4 070
701    $3 15026996 $9 109179 $o ISNI0000000083594238 $a Doizy $b Guillaume $f 1970-.... $4 070
801  0 $a FR $b FR-751131015 $c 20120411 $g AFNOR $h FRBNF42643119000000X $2 intermrc
999    $a FRBNF42643119000000X
995    $0 0 $2 0 $4 0 $5 2012-02-24 $9 278699 $P 25.00 $b MED $c MED $e MED1A $f C0005495498 $h AAPPLHU $k Doc./684 CAR $o 0 $p 25.00 $r PRETLIV $s DOC__684_000000000000000_CAR $w 8 $y 2023-10-21 $7 Furet du Nord - Roubaix

