00872nj  a2200241 n 4500
001 243330
003 http://www.mediathequederoubaix.fr/ark:/20179/KH243330
005 20240518021833.0
071 01 $a 880 742 $b Philips-Phonogram
090    $a 243330
091    $a 1 $b 20240518 $c 0
099    $t DV $c 2014-06-30 $d 2024-05-18
100    $a 20140630              frey50        
101    $a fre
200    $a Raconte pas ta vie $b Enr. sonore $f Douce Violence
215    $a 1 disque
327    $a Face B : instrumental
339    $a m
710 02 $a Douce Violence
801    $a FR $b 595126101 $c 20120301 $g AFNOR
930    $5 595126101:F DESD 17/6079 $b 595126101 $a F DESD17/6079 $e Fonds Patrice Desdoit
317    $a Collection de Patrice Desdoit
995    $0 0 $2 0 $4 0 $5 2012-03-01 $9 278858 $b MED $c MED $e MED2D $f F DESD 17/6079 $h PENPDZZ $k F DESD17/6079 $o 0 $r PRETSON $s F_DESD17_6079_000000000000000 $w 0 $y 2014-06-30

