02030ng  a2200337 n 4500
001 243442
003 http://www.mediathequederoubaix.fr/ark:/20179/KH243442
005 20240518022508.0
090    $a 243442
091    $a 1 $b 20240518 $c 0
099    $t VD $c 2014-06-30 $d 2024-05-18 $x 41
100    $a 20140630 2011         frey50        
101    $a fre $a eng
200    $a La femme du Vème $b DVD $f Pawel Pawlikowski, scénario, réal. $g D'après l'oeuvre de Douglas Kennedy
210    $a France / Pologne / Royaume-Uni $c Haut et Court $d 2011
215    $a 1 DVD ( 1 h 25 min ) $c coul., sonore
305    $a Version en anglais et en français
323    $a Interprêtes : Ethan Hawke, Kristin Scott Thomas, Joanna Kulig...[et al.]
327    $a Contient aussi : Making-of (23 min)
330    $a Tom Ricks, romancier américain, la quarantaine, vient à Paris dans l’espoir de renouer avec sa fille. Mais rien ne se passe comme prévu : démuni, logé dans un hôtel miteux, il se retrouve contraint de travailler comme gardien de nuit. Alors qu’il croit toucher le fond, Margit, sensuelle et mystérieuse, fait irruption dans sa vie. Leur relation passionnée déclenche une série d’évènements inexplicables, comme si une force obscure prenait le contrôle de sa vie...
339    $a m
345    $a Adav
606 0  $a Cinéma $y France $z 1990-.... $x DVD $2 rameau
606 0  $7 ba0yba0y $8 fre    $3 12494604 $9 76008 $a Films à suspense $x DVD $y France $2 rameau
700    $7 ba0yba0y $8 fre    $a Pawlikowski $b Pawel $f 1957-.... $3 14649228 $4 370 $4 690 $9 304891
702  1 $4 100 $7 ba0yba0y $8 fre    $a Kennedy $b Douglas $f 1955-....
702  1 $7 ba0yba0y $8 fre    $3 16613115 $9 304892 $a Kulig $b Joanna $f 1982-....
702    $7 ba0yba0y $8 fre    $a Scott-Thomas $b Kristin $f 1960-.... $3 14018072 $9 6078
702    $7 ba0yba0y $8 fre    $a Hawke $b Ethan $f 1970-.... $3 13990813 $9 76998
801    $a FR $b 595126101 $c 20131004 $g AFNOR
995    $0 0 $2 0 $4 0 $5 2012-04-19 $9 278968 $P 29.74 $b MED $c MED $e MED1A $f C0005490523 $h AAPCIFI $k DVD/F PAW $o 0 $p 29.74 $r PRETDVD $s DVD_F_PAW $w 72 $y 2023-07-08 $7 ADAV $A 0

