00866nj  a2200241 n 4500
001 243571
003 http://www.mediathequederoubaix.fr/ark:/20179/KH243571
005 20240518022531.0
071 01 $a GY 001 $b Gymnote mission
090    $a 243571
091    $a 1 $b 20240518 $c 0
099    $t DV $c 2014-06-30 $d 2024-05-18
100    $a 20140630              frey50        
101    $a fre
200    $a She hits me $b Enr. sonore $f Los Mescaleros
215    $a 1 disque
327    $a Face B : I've been a fool
339    $a m
700  1 $a Los Mescaleros
801    $a FR $b 595126101 $c 20120308 $g AFNOR
930    $5 595126101:F DESD 17/6199 $b 595126101 $a F DESD17/6199 $e Fonds Patrice Desdoit
317    $a Collection de Patrice Desdoit
995    $0 0 $2 0 $4 0 $5 2012-03-08 $9 279106 $b MED $c MED $e MED2D $f F DESD 17/6199 $h PENPDZZ $k F DESD17/6199 $o 0 $r PRETSON $s F_DESD17_6199_000000000000000 $w 0 $y 2014-06-30

