01074nam a2200265 n 4500
001 243711
003 http://www.mediathequederoubaix.fr/ark:/20179/KH243711
005 20181115184204.0
090    $a 243711
091    $a 0
099    $t LI $c 2014-06-30 $d 2014-06-30
100    $a                       frey5003    ba
101    $a fre
102    $a   
200    $a Maison Damman & Washer, Henri Damman & Cie $e parquets de luxe
210    $a [Bruxelles $c l'auteur $d s.d.]
215    $a [1] f.- [18] f. de pl. $c tout en ill. en coul. $d 25 x 31 cm
339    $a m
512    $a Parquets Damman Washer, Bruxelles
606 0  $9 262203 $a Parqueterie $y Belgique $x Ouvrages illustrés
606 0  $9 262204 $a Industrie $y Belgique $y Bruxelles(Belgique)
710 02 $9 138115 $a Maison Damman & Washer $c Bruxelles
801    $a FR $b 595126101 $c 20121205 $g AFNOR
930    $5 595126101:C0005229748 $b 595126101 $a BR 4/2995 $e Fonds patrimonial
995    $0 0 $2 0 $4 0 $5 2012-03-20 $9 279246 $P 70.00 $b MED $c MED $e MED3N $f C0005229748 $h PPEFGZZ $k BR 4/2995 $o 2 $p 70.00 $r PRETLIV $s BR_42995_000000000000000 $w 0 $y 2014-06-30 $7 Guillaume Legry

