01036nj  a22002532  4500
001 243900
003 http://www.mediathequederoubaix.fr/ark:/20179/KH243900
005 20240518022644.0
071 01 $a 2793765 $b Polydor
090    $a 243900
091    $a 1 $b 20240518 $c 0
099    $t DC $c 2014-06-30 $d 2024-05-18 $x 24
100    $a 20120319f20122012m  y0frey5003    ba
101    $a fre
200    $a La place du fantôme $b Enr. sonore $f La Grande Sophie
210    $d P 2012
215    $a 1 d.c. $e 1 Livret (n.p.; 12 cm)
327    $a Bye bye etc $a Peut être jamais $a Ne m'oublie pas $a Sucrer les fraises $a Dans ton royaume $a Ma radio $a Tu fais ton âge $a Quand on parle de toi $a Ecris-moi $a Suzanne
339    $a m
345    $a CDMAIL $b 0602527937656
679    $a 099.2
700    $7 ba0yba0y $8 fre    $a Grande Sophie $b La $f 1969-.... $3 14039734 $9 95979
801  0 $a FR $b CDMAIL $c 20120322 $g AFNOR
995    $0 0 $2 0 $4 0 $5 2012-03-21 $9 279442 $P 15.45 $b MED $c MED $e MED1A $f C0005489633 $h AMV80ZZ $k DC/099.2 GRA $o 0 $p 15.45 $r PRETSON $s DC_099_200000000000000_GRA $w 54 $y 2023-12-22 $7 CDMail

