02650cam a2200433   4500
001 244051
003 http://www.mediathequederoubaix.fr/ark:/20179/KH244051
010    $a 978-2-08124436-8 $b br. $d 11 EUR
020    $a FR $b 01207884
033    $a http://catalogue.bnf.fr/ark:/12148/cb42586677z
035    $a FRBNF425866770000006
073  0 $a 9782081244368
090    $a 244051
091    $b 20240518 $c 1 $a 2
099    $t LI $c 2014-06-30 $d 2024-05-18 $x 28
100    $a 20120123d2011    a  y0frey50      ba
101 1  $a fre $c eng
102    $a FR
105    $a ||||z   00|a|
106    $a r
181  0 $6 01 $a i  $b xxxe  
181    $6 02 $c txt $2 rdacontent
182  0 $6 01 $a n
182    $6 02 $c n $2 rdamedia
200 1  $a Café givré $b Texte imprimé $f Suzanne Selfors $g traduit de l'anglais par Marie Hermet
210    $a Paris $c Flammarion $d DL 2011 $e impr. en Italie
215    $a 1 vol. (399 p.) $c couv. ill. en coul. $d 21 cm
321    $a La Revue des livres pour enfants $x 0398-8384
329    $c Intéressant $a Katrina vit avec sa grand-mère au-dessus de leur café, dans une petite ville de Norvège. Adolescente plutôt timide qui ne se trouve aucun talent, elle passe tout son temps libre à aider au café, un peu vieillot, qui périclite doucement. Un matin, Katrina aperçoit Malcolm dans l'arrière-cour. Elle le prend pour un sans-abri et lui vient en aide. Mais celui-ci se révèle être un ange qui tient à la remercier de sa bonne action en lui offrant la réalisation d'un voeu... Le problème c'est que Katrina ne sait pas ce qu'elle souhaite... Un roman qui se lit vraiment très agréablement, à l'intrigue originale et à la plume délicate, qui a, de plus, le mérite de rappeler au jeune lecteur qu'il peut y avoir du talent en chacun de nous. $d 20120217 $f EK $2 CNLJ $k Avis critique donné par le Centre national de la littérature pour la jeunesse
333    $a À partir de 13 ans $2 CNLJ $k Avis critique donné par le Centre national de la littérature pour la jeunesse
339    $a m
454  1 $t Coffeehouse angel
608    $a Romans $2 CNLJ $k Avis critique donné par le Centre national de la littérature pour la jeunesse
686    $a 809 $2 Cadre de classement de la Bibliographie nationale française
700    $3 15130202 $9 109334 $o ISNI0000000036531816 $a Selfors $b Suzanne $4 070
702    $3 15063012 $9 83674 $o ISNI0000000005418570 $a Hermet $b Marie $4 730
801  0 $a FR $b FR-751131015 $c 20120123 $g AFNOR $h FRBNF425866770000006 $2 intermrc
999    $a FRBNF425866770000006
995    $0 0 $2 0 $4 0 $5 2012-03-27 $9 279609 $P 11.00 $b MED $c MED $e MED1A $f C0005498321 $h ALTROAD $k ADO R/SEL $o 0 $p 11.00 $r PRETLIV $s ADO_R_SEL $w 36 $y 2024-04-25 $7 Bateau Livre

