00857nj  a2200241 n 4500
001 244175
003 http://www.mediathequederoubaix.fr/ark:/20179/KH244175
005 20240518023454.0
071 01 $a 040.687 $b Zap Zap records
090    $a 244175
091    $a 1 $b 20240518 $c 0
099    $t DV $c 2014-06-30 $d 2024-05-18
100    $a 20140630              frey50        
101    $a fre
200    $a Crimson baby $b Enr. sonore $f The Outlines
215    $a 1 disque
327    $a Face B : Wise girl
339    $a m
710 02 $a The Outlines
801    $a FR $b 595126101 $c 20120403 $g AFNOR
930    $5 595126101:F DESD 17/6298 $b 595126101 $a F DESD17/6298 $e Fonds Patrice Desdoit
317    $a Collection de Patrice Desdoit
995    $0 0 $2 0 $4 0 $5 2012-04-03 $9 279751 $b MED $c MED $e MED2D $f F DESD 17/6298 $h PENPDZZ $k F DESD17/6298 $o 0 $r PRETSON $s F_DESD17_6298_000000000000000 $w 0 $y 2014-06-30

