02671cam a2200433   4500
001 244310
003 http://www.mediathequederoubaix.fr/ark:/20179/KH244310
010    $a 978-2-505-00351-9 $b rel. $d 14,99 EUR
020    $a FR $b 01204774
033    $a http://catalogue.bnf.fr/ark:/12148/cb425789741
035    $a FRBNF425789740000006
073  0 $a 9782505003519
090    $a 244310
091    $b 20240518 $c 1 $a 2
099    $t LI $c 2014-06-30 $d 2024-05-18 $x 6
100    $a 20120110d2012    m  y0frey50      ba
101 0  $a fre
102    $a BE
105    $a ||||t   00|a|
106    $a r
181  0 $6 01 $a i  $b xxxe   $a b  $b xb2e  
181    $6 02 $c txt $c sti $2 rdacontent
182  0 $6 01 $a n
182    $6 02 $c n $2 rdamedia
200 1  $a Zaya $h Tome 1 $b Texte imprimé $f Huangjiawei, Morvan
210    $a [Bruxelles] $a [Paris] $c Dargaud Bénélux $d DL 2012 $e impr. en Belgique
215    $a 1 vol. (80 p.) $c ill. en coul., couv. ill. en coul. $d 32 cm
321    $a La Revue des livres pour enfants $x 0398-8384
329    $c Intéressant $a Dès la couverture, le graphisme de Zaya nous replonge dans l'univers visuel de Ghost in the Shell de Masamune Shirow. Du point de vue scénario, cependant, le récit n'est pas aussi touffu et complexe que son illustre modèle. L'héroïne est une tueuse à la retraite qui reprend le collier pour son ancien employeur. Elle doit à la fois accomplir sa mission et déjouer les embûches qui pourraient menacer sa vie de famille. Sans être, pour le moment, d'une grande originalité, Zaya nous offre malgré tout une histoire prenante et un plaisir des yeux sur le plan graphique. Une mise en place alléchante en attendant le tome 2. $d 20120201 $f MBR $2 CNLJ $k Avis critique donné par le Centre national de la littérature pour la jeunesse
330    $a Zaya, une jeune sculptrice, vit dans un monde de l'espace et du futur lointain où se trament des complots et des meurtres mystérieux.
333    $a À partir de 13 ans $2 CNLJ $k Avis critique donné par le Centre national de la littérature pour la jeunesse
339    $a m
608    $a Bandes dessinées $2 CNLJ $k Avis critique donné par le Centre national de la littérature pour la jeunesse
686    $a 805 $2 Cadre de classement de la Bibliographie nationale française
700    $3 15583611 $9 39886 $a Huang $b Jia wei $f 1983-.... $4 070
701    $3 12950081 $9 1481 $o ISNI0000000121449219 $a Morvan $b Jean-David $f 1969-.... $4 070
801  0 $a FR $b FR-751131015 $c 20120110 $g AFNOR $h FRBNF425789740000006 $2 intermrc
999    $a FRBNF425789740000006
995    $0 0 $2 0 $4 0 $5 2012-04-06 $9 279924 $P 14.99 $b MED $c MED $e MED0C $f C0005247534 $h AAPBDZZ $k BD/MOR $o 0 $p 14.99 $r PRETLIV $s BD_MOR $w 24 $y 2023-06-10 $7 BD fugue

