00919nj  a2200241 n 4500
001 244466
003 http://www.mediathequederoubaix.fr/ark:/20179/KH244466
005 20240518024247.0
071 01 $a 10.656 $b Disc'Az
090    $a 244466
091    $a 1 $b 20240518 $c 0
099    $t DV $c 2014-06-30 $d 2024-05-18
100    $a 20140630              frey50        
101    $a fre
200    $a Qui a tué Grand-Maman $b Enr. sonore $f Michel Polnareff
215    $a 1 disque
327    $a Face B : Nos mots d'amour
339    $a m
700    $7 ba0yba0y $8 fre    $a Polnareff $b Michel $f 1944-.... $3 13179321 $9 7040
801    $a FR $b 595126101 $c 20120410 $g AFNOR
930    $5 595126101:F DESD 17/6379 $b 595126101 $a F DESD17/6379 $e Fonds Patrice Desdoit
317    $a Collection de Patrice Desdoit
995    $0 0 $2 0 $4 0 $5 2012-04-10 $9 280077 $b MED $c MED $e MED2D $f F DESD 17/6379 $h PENPDZZ $k F DESD17/6379 $o 0 $r PRETSON $s F_DESD17_6379_000000000000000 $w 0 $y 2014-06-30

