01658cam a2200397   4500
001 244627
003 http://www.mediathequederoubaix.fr/ark:/20179/KH244627
010    $a 978-2-330-00246-6 $b br. $d 18,50 EUR
020    $a FR $b 01204656
033    $a http://catalogue.bnf.fr/ark:/12148/cb425773895
035    $a FRBNF425773890000001
073  0 $a 9782330002466
090    $a 244627
091    $b 20240518 $c 1 $a 2
099    $t LI $c 2014-06-30 $d 2024-05-18 $x 8
100    $a 20120106d2011    m  y0frey50      ba
101 0  $a fre
102    $a FR
105    $a ||||z   00|a|
106    $a r
181  0 $6 01 $a i  $b xxxe  
181    $6 02 $c txt $2 rdacontent
182  0 $6 01 $a n
182    $6 02 $c n $2 rdamedia
200 1  $a À défaut d'Amérique $b Texte imprimé $e roman $f Carole Zalberg
210    $a Arles $c Actes Sud $d impr. 2011 $e 53-Mayenne $g Impr. Floch
215    $a 1 vol. (213 p.) $c couv. ill. en coul. $d 22 cm
225    $a Domaine français
330    $a Suzan est en Amérique et Fleur en France. A leur insu, Adèle, d'origine polonaise, les dote d'un coeur unique qui fait battre leurs vies respectives au rythme d'un passé qui les transcende.
339    $a m
410  0 $0 34288251 $t Domaine français (Arles) $x 1264-5036 $d 2011
686    $a 803 $2 Cadre de classement de la Bibliographie nationale française
700    $3 14403629 $9 35294 $o ISNI0000000049813302 $a Zalberg $b Carole $f 1965-.... $4 070
801  0 $a FR $b FR-751131015 $c 20120106 $g AFNOR $h FRBNF425773890000001 $2 intermrc
999    $a FRBNF425773890000001
995    $0 0 $2 0 $4 0 $5 2012-04-13 $9 280253 $P 18.80 $b MED $c MED $e MED1A $f C0005466085 $h ALTROZZ $k R/ZAL $o 0 $p 18.80 $r PRETLIV $s R_ZAL $w 15 $y 2021-01-12 $7 ALIZE-SFL

