02163cam a2200457   4500
001 244768
003 http://www.mediathequederoubaix.fr/ark:/20179/KH244768
010    $a 978-2-35880-035-8 $b rel. $d 14,50 EUR
020    $a FR $b 01227676
033    $a http://catalogue.bnf.fr/ark:/12148/cb42656744t
035    $a FRBNF426567440000002
073  0 $a 9782358800358
090    $a 244768
091    $b 20240518 $c 1 $a 2
099    $t LI $c 2014-06-30 $d 2024-05-18 $x 6
100    $a 20120502d2012    a  y0frey50      ba
101 0  $a fre
102    $a FR
105    $a ||||z   00|y|
106    $a r
181  0 $6 01 $a i  $b xxxe  
181    $6 02 $c txt $2 rdacontent
182  0 $6 01 $a n
182    $6 02 $c n $2 rdamedia
200 1  $a Graffiti $b Texte imprimé $e de la rue aux musées $f [auteurs, Sandrine Andrews, Nicolas Chenus, Éric Fourmestraux, et al.]
210    $a Paris $c Éd. Arola $d DL 2012 $e impr. en Espagne
215    $a 1 vol. (56 p.) $c ill. en noir et en coul., couv. ill. en coul. $d 25 x 26 cm
225    $a Dada
300    $a Glossaire
330    $a Le n ̊148 de la revue Dada revu et réédité dans un format livre. L'histoire du graffiti est retracée de l'Antiquité aux tags du XXe siècle et à sa reconnaissance dans les musées, avec des zooms techniques sur les styles et les genres ainsi que deux ateliers.
339    $a a
410  0 $0 42664079 $t Dada (Collection) $x 2259-8340 $d 2012
606    $3 11939946 $9 38772 $a   $3 11934444 $9 494 $x Histoire $3 12042408 $9 314947 $x Ouvrages pour la jeunesse $2 rameau $9 38772
606    $3 11939946 $9 38772 $a Graffiti $3 11934444 $9 494 $x Histoire $2 rameau
608    $3 12042408 $9 314947 $a Ouvrages pour la jeunesse $2 rameau
608    $a Documentaires : arts $2 CNLJ $k Avis critique donné par le Centre national de la littérature pour la jeunesse
676    $a 751.73 $v 23
686    $a 750 $2 Cadre de classement de la Bibliographie nationale française
801  0 $a FR $b FR-751131015 $c 20120502 $g AFNOR $h FRBNF426567440000002 $2 intermrc
999    $a FRBNF426567440000002
995    $0 0 $2 0 $4 0 $5 2012-05-19 $9 280529 $P 14.50 $b MED $c MED $e MED0A $f C0005601325 $h JDT70ZZ $k EXT E/754 URB $o 0 $p 14.50 $r PRETLIV $s EXT_E754_URB $w 8 $y 2022-10-25 $7 Bateau Livre

