02018cam a2200385   4500
001 244904
003 http://www.mediathequederoubaix.fr/ark:/20179/KH244904
010    $a 978-2-7560-2212-3 $b rel. $d 10,95 EUR
020    $a FR $b 01339938
033    $a http://catalogue.bnf.fr/ark:/12148/cb43559597j
035    $a FRBNF435595970000008
073  0 $a 9782756022123
090    $a 244904
091    $b 20220329 $c 1 $a 0
099    $t LI $c 2014-06-30 $d 2024-04-13 $x 157
100    $a 20130325d2013    m  y0frey50      ba
101 0  $a fre
102    $a FR
105    $a ||||t   00|a|
106    $a r
200 1  $a Un prince à croquer $b Texte imprimé $f scénario & dessin, Patricia Lyfoung $g couleur, Fleur D. $h 1 $i Entrée
210    $a [Paris] $c Delcourt $d impr. 2013
215    $a 1 vol. (47 p.) $c ill. en coul., couv. ill. en coul. $d 30 cm
225 19 $a Un prince à croquer $v 1
321    $a La Revue des livres pour enfants $x 0398-8384
330    $a Cloîtré dans son château, un prince héritier est destiné par sa mère à épouser la riche Glawdys. Il décide de fuir et part pour Paris pour commencer une nouvelle vie. Là, il fait la connaissance de Margot, une cuisinière de talent qui lui ouvre les portes d'un restaurant très prisé de la capitale.
333    $a À partir de 9 ans
339    $a a
608    $a Bandes dessinées $2 CNLJ
686    $2 Cadre de classement de la Bibliographie nationale française
700    $3 15005895 $7 ba0yba0y $8 fre    $a Lyfoung $b Patricia $f 1977-.... $4 070 $9 89174
801  0 $a FR $b FR-751131015 $c 20130325 $g AFNOR $h FRBNF435595970000008 $2 intermrc
995    $0 3 $2 1 $4 0 $5 2018-12-29 $9 387263 $V 1 $b BUS $c BUS $e BUS1A $f C2500011163 $h JBDSRZZ $k BUS E BD/PRI $n 2022-12-07 $o 4 $p 10.95 $r PRETLIV $s BUS_E_BD_PRI $w 30 $y 2022-11-16 $A 0
995    $0 0 $2 0 $4 0 $5 2019-11-13 $9 401893 $b MED $c MED $e MED2A $f C2500015469 $h JBDZZZZ $k E BD/LYF $o 0 $p 10.95 $r PRETLIV $s E_BD_LYF $w 44 $y 2024-04-23
995    $0 0 $2 0 $4 0 $5 2021-05-28 $9 427352 $P 10.95 $b MED $c MED $e MED2A $f C2500023231 $h JBDZZZZ $k E BD/LYF $o 0 $p 10.95 $r PRETLIV $s E_BD_LYF $w 19 $y 2024-04-23

