00911nj  a2200241 n 4500
001 245017
003 http://www.mediathequederoubaix.fr/ark:/20179/KH245017
005 20240518025246.0
071 01 $a CEL 1940 DK 014 $b Celluloid - Antigel ; Mélodie distribution
090    $a 245017
091    $a 1 $b 20240518 $c 0
099    $t DV $c 2014-06-30 $d 2024-05-18
100    $a 20140630              frey50        
101    $a fre
200    $a Train de Paris $b Enr. sonore $f Sapho
215    $a 1 disque
327    $a Face B : Methylène
339    $a m
700  1 $7 ba0yba0y $8 fre    $a Sapho $f 1950-....
801    $a FR $b 595126101 $c 20120426 $g AFNOR
930    $5 595126101:F DESD 17/6527 $b 595126101 $a F DESD17/6527 $e Fonds Patrice Desdoit
317    $a Collection de Patrice Desdoit
995    $0 0 $2 0 $4 0 $5 2012-04-26 $9 280832 $b MED $c MED $e MED2D $f F DESD 17/6527 $h PENPDZZ $k F DESD17/6527 $o 0 $r PRETSON $s F_DESD17_6527_000000000000000 $w 0 $y 2014-06-30

