01144na  a2200265 n 4500
001 245153
003 http://www.mediathequederoubaix.fr/ark:/20179/KH245153
005 20210402212009.0
010    $a 978-2-8131-0126-6
090    $a 245153
091    $a 0
099    $t LI $c 2014-06-30 $d 2014-06-30 $x 4
100    $a          2011         frey5003    ba
101    $a fre
102    $a   
200    $a Pavés ensanglantés $f Arnaud Abbate
210    $a Paris $c Les éd. Praelego $d 2011
215    $a 156 p. $c couv. ill. en coul. $d 22 cm
339    $a m
606 0  $9 244047 $a Paris-Roubaix (course cycliste) $x Roman
700  1 $9 222832 $a Abbate $b Arnaud
801    $a FR $b 595126101 $c 20121213 $g AFNOR
930    $5 595126101:C0005437641 $b 595126101 $a FR /R ABB $e Fonds régional de prêt
995    $0 0 $2 0 $4 0 $5 2012-04-28 $9 280988 $P 15.00 $b MED $c MED $e MED3I $f C0005437634 $h PPEFGZZ $k MAG L/P 8/116 911 $o 2 $p 15.00 $r PRETLIV $s MAG_LP_8116_911000000000000 $w 0 $y 2014-06-30 $7 Furet du Nord - Roubaix
995    $0 0 $2 0 $4 0 $5 2012-04-28 $9 280989 $P 15.00 $b MED $c MED $e MED3E $f C0005437641 $h PRRRGZZ $k Mag 8/46 575 $o 0 $p 15.00 $r PRETLIV $s MAG_8_460000000000000_575 $w 4 $y 2021-04-24 $7 Furet du Nord - Roubaix

