02049cam a2200421   4500
001 245337
003 http://www.mediathequederoubaix.fr/ark:/20179/KH245337
010    $a 978-2-7436-2321-0 $b br. $d 22 EUR
020    $a FR $b 01220999
033    $a http://catalogue.bnf.fr/ark:/12148/cb42640802h
035    $a FRBNF426408020000007
073  0 $a 9782743623210
090    $a 245337
091    $b 20240518 $c 1 $a 2
099    $t LI $c 2014-06-30 $d 2024-05-18 $x 19
100    $a 20120406d2012    m  y0frey50      ba
101 1  $a fre $c eng
102    $a FR
105    $a ||||z   00|a|
106    $a r
181  0 $6 01 $a i  $b xxxe  
181    $6 02 $c txt $2 rdacontent
182  0 $6 01 $a n
182    $6 02 $c n $2 rdamedia
200 1  $a Swan Peak $b Texte imprimé $f James Lee Burke $g traduit de l'anglais (États-Unis) par Christophe Mercier
210    $a Paris $c Éd. Payot & Rivages $d impr. 2012 $e 61-Lonrai $g Normandie roto impr.
215    $a 1 vol. (439 p.) $c couv. ill. en coul. $d 23 cm
225    $a Rivages-thriller
330    $a Dave Robicheaux, son épouse Molly et son ami Clete Purcel tentent d'oublier le traumatisme de Katrina en partant vivre dans le Montana. Lors d'une partie de pêche, Clete est accusé par deux hommes d'avoir pénétré sur une propriété privée. L'un d'eux reconnaît Clete : il s'agit d'une affaire sordide qu'il n'est jamais parvenu à oublier. S'installe alors rapidement une ambiance malsaine...
339    $a m
410  0 $0 34248185 $t Rivages-thriller $x 0990-3151 $d 2012
454  1 $t Swan Peak
686    $a 803 $2 Cadre de classement de la Bibliographie nationale française
700    $3 12096465 $9 9900 $o ISNI0000000121476831 $a Burke $b James Lee $f 1936-.... $4 070
702    $3 12224698 $9 8871 $o ISNI0000000121401573 $a Mercier $b Christophe $f 1959-.... $4 730
801  0 $a FR $b FR-751131015 $c 20120406 $g AFNOR $h FRBNF426408020000007 $2 intermrc
999    $a FRBNF426408020000007
995    $0 0 $2 0 $4 0 $5 2012-05-09 $9 281177 $P 22.50 $b MED $c MED $e MED1A $f C0005406012 $h ALTROPL $k RP/BUR $n 2024-06-02 $o 0 $p 22.50 $r PRETLIV $s RP_BUR $w 32 $y 2024-05-12 $7 ALIZE-SFL

