01465nj  a22002892  4500
001 245496
003 http://www.mediathequederoubaix.fr/ark:/20179/KH245496
005 20240518030429.0
071 01 $a CD2487 $b Kazé
090    $a 245496
091    $a 1 $b 20240518 $c 0
099    $t DC $c 2014-06-30 $d 2024-05-18 $x 7
100    $a 20120502f20122012m  y0frey5003    ba
101    $a fre
200    $a Donjon de Naheulbeuk - T'as pas le niveau $b Enr. sonore $f Pen of Chaos
210    $d P 2012
215    $a 1 d.c. $e 1 Livret-collé (47 p.; 19 cm)
225 1  $a Donjon de Naheulbeuk
327    $a La vie d'aventurier $a Nanana de l'elfe $a Chicken quest $a Le petit gobelin $a Noël en mordor $a Le vieux gildas $a Crom $a Publicité frikilax $a Le laridé du poulet $a La hache durandil $a Lost in the pub at 3pm $a Maître du donjon $a Tralala du nain $a Sauvons les rôlistes $a Hé la petite dame $a Le retour de gzor $a Troll farçeur métal $a Les fiers de voix $a Crom, la poule et le ranger
339    $a m
345    $a CDMAIL $b 3700091024875
410    $t Donjon de Naheulbeuk
606 0  $7 ba0yba0y $8 fre    $3 11931149 $9 704 $a Chansons humoristiques $x Disques $2 rameau
679    $a 513
700    $7 ba0yba0y $8 fre    $a Lang $b John $f 1972-.... $3 14604262 $9 56743
801  0 $a FR $b CDMAIL $c 20120526 $g AFNOR
995    $0 0 $2 0 $3 0 $4 0 $5 2012-05-26 $9 281337 $P 16.80 $b MED $c MED $e MED1A $f C0005412433 $h AAPPLHU $k DC/682 PEN $l Format livre contentant 1 DC + 1 livret $o 0 $p 16.80 $r PRETSON $s DC_682_000000000000000_PEN $w 15 $y 2024-02-16 $7 CDMail $A 0

