00858nj  a2200241 n 4500
001 245686
003 http://www.mediathequederoubaix.fr/ark:/20179/KH245686
005 20240518030515.0
071 01 $a 105 134 $b Virgin
090    $a 245686
091    $a 1 $b 20240518 $c 0
099    $t DV $c 2014-06-30 $d 2024-05-18
100    $a 20140630              frey50        
101    $a fre
200    $a Quand j'ai besoin de toi $b Enr. sonore $f Stunners!
215    $a 1 disque
327    $a Face B : Tu vas m'aimer
339    $a m
710 02 $a Stunners
801    $a FR $b 595126101 $c 20120511 $g AFNOR
930    $5 595126101:F DESD 17/6630 $b 595126101 $a F DESD17/6630 $e Fonds Patrice Desdoit
317    $a Collection de Patrice Desdoit
995    $0 0 $2 0 $4 0 $5 2012-05-11 $9 281559 $b MED $c MED $e MED2D $f F DESD 17/6630 $h PENPDZZ $k F DESD17/6630 $o 0 $r PRETSON $s F_DESD17_6630_000000000000000 $w 0 $y 2014-06-30

