00856nj  a2200241 n 4500
001 245856
003 http://www.mediathequederoubaix.fr/ark:/20179/KH245856
005 20240518031531.0
071 01 $a BIRD 0005 $b Surfin'Bird
090    $a 245856
091    $a 1 $b 20240518 $c 0
099    $t DV $c 2014-06-30 $d 2024-05-18
100    $a 20140630              frey50        
101    $a fre
200    $a Attendre... $b Enr. sonore $f Eric Tandy
215    $a 1 disque
327    $a Face B : Le billet vert
339    $a m
700  1 $a Tandy $b Eric
801    $a FR $b 595126101 $c 20120516 $g AFNOR
930    $5 595126101:F DESD 17/6669 $b 595126101 $a F DESD17/6669 $e Fonds Patrice Desdoit
317    $a Collection de Patrice Desdoit
995    $0 0 $2 0 $4 0 $5 2012-05-16 $9 281736 $b MED $c MED $e MED2D $f F DESD 17/6669 $h PENPDZZ $k F DESD17/6669 $o 0 $r PRETSON $s F_DESD17_6669_000000000000000 $w 0 $y 2014-06-30

