00870nj  a2200241 n 4500
001 246036
003 http://www.mediathequederoubaix.fr/ark:/20179/KH246036
005 20240518031617.0
071 01 $a 101 598 $b Virgin
090    $a 246036
091    $a 1 $b 20240518 $c 0
099    $t DV $c 2014-06-30 $d 2024-05-18
100    $a 20140630              frey50        
101    $a fre
200    $a Ca (c'est vraiment toi) $b Enr. sonore $f Téléphone
215    $a 1 disque
327    $a Face B : Serrez
339    $a m
710 02 $7 ba0yba0y $8 fre    $a Telephone
801    $a FR $b 595126101 $c 20120526 $g AFNOR
930    $5 595126101:F DESD 17/6694 $b 595126101 $a F DESD17/6694 $e Fonds Patrice Desdoit
317    $a Collection de Patrice Desdoit
995    $0 0 $2 0 $4 0 $5 2012-05-26 $9 281970 $b MED $c MED $e MED2D $f F DESD 17/6694 $h PENPDZZ $k F DESD17/6694 $o 0 $r PRETSON $s F_DESD17_6694_000000000000000 $w 0 $y 2014-06-30

