00907nj  a2200241 n 4500
001 246177
003 http://www.mediathequederoubaix.fr/ark:/20179/KH246177
005 20240518031659.0
071 01 $a 884 465 $b Philips
090    $a 246177
091    $a 1 $b 20240518 $c 0
099    $t DV $c 2014-06-30 $d 2024-05-18
100    $a 20140630              frey50        
101    $a fre
200    $a Les nains de 1,80 m $b Enr. sonore $f Tom Novembre
215    $a 1 disque
327    $a Face B : Célibataires
339    $a m
700    $7 ba0yba0y $8 fre    $a Novembre $b Tom $f 1959-.... $3 14655142 $9 19893
801    $a FR $b 595126101 $c 20120530 $g AFNOR
930    $5 595126101:F DESD 17/6732 $b 595126101 $a F DESD17/6732 $e Fonds Patrice Desdoit
317    $a Collection de Patrice Desdoit
995    $0 0 $2 0 $4 0 $5 2012-05-30 $9 282121 $b MED $c MED $e MED2D $f F DESD 17/6732 $h PENPDZZ $k F DESD17/6732 $o 0 $r PRETSON $s F_DESD17_6732_000000000000000 $w 0 $y 2014-06-30

