01999cam a2200445   4500
001 246296
003 http://www.mediathequederoubaix.fr/ark:/20179/KH246296
010    $a 978-2-234-06335-8 $b br. $d 21,50 EUR
020    $a FR $b 01211613
033    $a http://catalogue.bnf.fr/ark:/12148/cb42611930n
035    $a FRBNF426119300000000
073  0 $a 9782234063358
090    $a 246296
091    $b 20240518 $c 1 $a 2
099    $t LI $c 2014-06-30 $d 2024-05-18 $x 5
100    $a 20120228d2012    m  y0frey50      ba
101 0  $a fre
102    $a FR
105    $a ||||z   00|y|
106    $a r
181  0 $6 01 $a i  $b xxxe  
181    $6 02 $c txt $2 rdacontent
182  0 $6 01 $a n
182    $6 02 $c n $2 rdamedia
200 1  $a Sur la route du papier $b Texte imprimé $f Erik Orsenna,...
210    $a Paris $c Stock $d impr. 2012 $e 18-Saint-Amand-Montrond $g Impr. CPI Bussière
215    $a 1 vol. (311 p.) $c 2 cartes, ill., couv. ill. en coul. $d 20 cm
225 19 $a Petit précis de mondialisation $v 3
300    $a Bibliogr. p. 307-309
330    $a L'auteur rend hommage au papier en présentant ses techniques de fabrication ancestrales ou modernes, à différents endroits de la planète, ainsi que les multiples utilisations de ce matériau.
339    $a m
606    $3 11935879 $9 17462 $a Papier $x Industrie et commerce $3 11934444 $9 494 $x Histoire $2 rameau
606    $3 11952103 $9 60507 $a Papeteries (usines) $3 12432924 $9 2858 $z 1990-2020 $2 rameau
608    $3 11976851 $9 114 $a Récits personnels $2 rameau
676    $a 338.476 76 $v 23
686    $a 330 $2 Cadre de classement de la Bibliographie nationale française
700    $3 11918213 $9 5090 $o ISNI0000000121302604 $a Orsenna $b Erik $f 1947-.... $4 070
801  0 $a FR $b FR-751131015 $c 20120228 $g AFNOR $h FRBNF426119300000000 $2 intermrc
999    $a FRBNF426119300000000
995    $0 0 $2 0 $4 0 $5 2012-06-27 $9 282241 $P 21.50 $b MED $c MED $e MED3A $f C0004821204 $h ACFSSZZ $k Doc./334.2 IND $o 0 $p 21.50 $r PRETLIV $s DOC___334_200000000000000_IND $w 13 $y 2023-12-21 $7 Furet du Nord - Roubaix $8  $A  $m  $z 

