02443cam a2200505   4500
001 246423
003 http://www.mediathequederoubaix.fr/ark:/20179/KH246423
010    $a 978-2-200-27753-6 $b br. $d 9 EUR
020    $a FR $b 01251278
033    $a http://catalogue.bnf.fr/ark:/12148/cb42720659p
035    $a FRBNF427206590000004
073  0 $a 9782200277536
090    $a 246423
091    $b 20240518 $c 1 $a 2
099    $t LI $c 2014-06-30 $d 2024-05-18 $x 9
100    $a 20120731d2012    m  y0frey50      ba
101 0  $a fre
102    $a FR
105    $a ||||z   00|y|
106    $a r
181  0 $6 01 $a i  $b xxxe  
181    $6 02 $c txt $2 rdacontent
182  0 $6 01 $a n
182    $6 02 $c n $2 rdamedia
200 1  $a Sociologie de la vieillesse et du vieillissement $b Texte imprimé $f Vincent Caradec $g sous la direction de François de Singly
205    $a 3e éd.
210    $a Paris $c A. Colin $d DL 2012 $e 45-Saint-Jean-de-Braye $g Imprimerie nouvelle-Jouve
215    $a 1 vol. (127 p.) $d 18 cm
225    $a Domaines et approches
300    $a Bibliogr. p. 119-125. Index
308    $a Collection principale : 128. Sociologie, anthropologie
330    $a Un tableau synthétique des nouvelles réalités du grand âge et de sa place dans la société moderne : toutes les grandes problématiques, vieillissement démographique, places des retraités dans l'économie. Cette édition intègre la loi sur le 5e risque et les mesures juridiques récentes pour encadrer le grand âge.
339    $a m
410  0 $0 42080764 $t Série Domaines et approches $x 2103-5040 $d 2012
410  0 $0 38917325 $t 128. Sociologie $x 1637-6897 $d 2012
410  0 $0 34275336 $t 128 (Paris) $x 1160-2422 $d 2012
606    $3 11940843 $9 22802 $a Vieillissement $3 16175138 $9 341129 $x Société $2 rameau
606    $3 11932950 $9 2084 $a Personnes âgées $3 11965815 $9 504 $x Conditions sociales $2 rameau
676    $a 305.26 $v 23
686    $a 300 $2 Cadre de classement de la Bibliographie nationale française
700    $3 12531638 $9 72958 $o ISNI0000000116314539 $a Caradec $b Vincent $4 070
702    $3 11924916 $9 18298 $o ISNI000000012142648X $a Singly $b François de $f 1948-.... $4 651
801  0 $a FR $b FR-751131015 $c 20120731 $g AFNOR $h FRBNF427206590000004 $2 intermrc
999    $a FRBNF427206590000004
995    $0 0 $2 0 $4 0 $5 2012-06-13 $9 282439 $P 9.80 $b MED $c MED $e MED3A $f C0005249976 $h ACFSSZZ $k Doc./305.26 CAR $o 0 $p 9.80 $r PRETLIV $s DOC__305_260000000000000_CAR $w 13 $y 2023-03-30 $7 Furet du Nord - Roubaix

