01635cam a2200409   4500
001 246595
003 http://www.mediathequederoubaix.fr/ark:/20179/KH246595
010    $a 978-2-35910-298-7 $b rel. $d 13,90 EUR
020    $a FR $b 01226095
033    $a http://catalogue.bnf.fr/ark:/12148/cb426558336
035    $a FRBNF42655833000000X
073  0 $a 9782359102987
090    $a 246595
091    $b 20240518 $c 1 $a 2
099    $t LI $c 2014-06-30 $d 2024-05-18 $x 10
100    $a 20120427d2012    m  y0frey50      ba
101 1  $a fre $c eng
102    $a FR
105    $a ||||t   00|a|
106    $a r
181  0 $6 01 $a i  $b xxxe   $a b  $b xb2e  
181    $6 02 $c txt $c sti $2 rdacontent
182  0 $6 01 $a n
182    $6 02 $c n $2 rdamedia
200 1  $a Blue estate $h T. 2 $b Texte imprimé $f Viktor Kalvachev
210    $a [Roubaix] $c Ankama $d DL 2012 $e impr. en Belgique
215    $a 1 vol. (72 p.-[6] p. de pl.) $c ill. en noir et en coul., couv. ill. en coul. $d 25 cm
225    $a Hostile holster
330    $a Rien n'est plus ce qui semblait être dans cet univers hollywoodien et personne ne sortira indemne de cet engrenage.
339    $a m
410  0 $0 42257143 $t Hostile holster $x 2110-9214 $d 2012
454  1 $t Blue estate
686    $a 805 $2 Cadre de classement de la Bibliographie nationale française
700    $3 16558292 $9 108675 $o ISNI0000000050547101 $a Kalvachev $b Viktor $4 070
801  0 $a FR $b FR-751131015 $c 20120427 $g AFNOR $h FRBNF42655833000000X $2 intermrc
999    $a FRBNF42655833000000X
995    $0 0 $2 0 $4 0 $5 2012-06-12 $9 282621 $P 13.90 $b MED $c MED $e MED0C $f C0005566601 $h AAPBDZZ $k BD/KAL $o 0 $p 13.90 $r PRETLIV $s BDKAL $w 19 $y 2022-11-05 $7 BD fugue

