01507nj  a22003252  4500
001 246779
003 http://www.mediathequederoubaix.fr/ark:/20179/KH246779
005 20240518033947.0
071 01 $a V5295 $b Naïve
090    $a 246779
091    $a 1 $b 20240518 $c 0
099    $t DC $c 2014-06-30 $d 2024-05-18 $x 3
100    $a 20120614f20122012m  y0frey5003    ba
101    $a fre
200    $a L'Olimpiade $b Enr. sonore $f Pietro Metastasio, livret $g Caldara, Cimarosa, Galuppi...[et al.] $g Venice Baroque Orchestra $g Markello Chryssicos, dir.
210    $d P 2012
215    $a 2 d.c. $e 1 livret (79 p. ; 12 cm)
327    $a CD 1 : Acts I & II $a CD 2 :  Acts II & III
339    $a m
345    $a CDMAIL $b 0822186052952
606 0  $a Opéra $y Italie $z 18e siècle $x Extraits $2 rameau
679    $a 3 $c 36
700    $7 ba0yba0y $8 fre    $a Metastasio $b Pietro $f 1698-1782 $3 13897447 $9 25584
702    $3 13892076 $7 ba0yba0y $8 fre    $a Caldara $b Antonio $f 1671?-1736 $9 650
702    $7 ba0yba0y $8 fre    $a Galuppi $b Baldassare $f 1706-1785 $3 13894268 $9 6801
702  1 $7 ba0yba0y $8 fre    $3 16630030 $9 110171 $7 ba0yba0y $8 fre    $a Chryssicos $b Markellos
702    $7 ba0yba0y $8 fre    $a Cimarosa $b Domenico $f 1749-1801 $3 13892517 $9 37403
712 02 $a Venice Baroque Orchestra
801  0 $a FR $b CDMAIL $c 20120620 $g AFNOR
995    $0 0 $2 0 $4 0 $5 2012-06-20 $9 282811 $P 28.18 $b MED $c MED $e MED1A $f C0005413201 $h AMV30ZZ $k DC/3 MET OPERA (EXTRAITS) $l Contient 2 DC + 1 livret $o 0 $p 28.18 $r PRETSON $s DC_3_000000000000000_MET_OPERA_EXTRAITS $w 7 $y 2023-10-10 $7 CDMail $8  $A 0 $m  $z 

