01887cim a2200445   4500
001 246952
003 http://www.mediathequederoubaix.fr/ark:/20179/KH246952
020    $a FR $b 71119583
033    $a http://catalogue.bnf.fr/ark:/12148/cb424285992
035    $a FRBNF424285990000002
071 01 $b Audiolib $a 25 0316 7 $c album
073  0 $a 9782356412805
090    $a 246952
091    $a 2 $b 20240518 $c 1
099    $t LS $c 2014-06-30 $d 2024-05-18 $x 11
100    $a 20110510d2011    u  y0frey50      ba
101 0  $a fre
102    $a FR
126    $a aguxhxx||||||cd $b bex
181  0 $6 01 $a h  $b xxxa  
181    $6 02 $c spw $2 rdacontent
182  0 $6 01 $a a
182    $6 02 $c s $2 rdamedia
200 1  $a Le silence de la mer $b Enregistrement sonore $a suivi de La marche à l'étoile et autres nouvelles $e texte intégral $f Vercors, aut. $g suivi d'un entretien avec François Bruller, fils de l'auteur $g lu par Jean-Claude Dauphin
210    $a Paris $c Audiolib $d P 2011
215    $a 1 CD MP3 (4 h 34 min)
306    $a Prod. : Audiolib, P 2011
339    $a m
608    $a enregistrement parlé $2 frTAV
608    $a édition phonographique $2 frTAV
608    $a lecture $2 frTAV
608    $a Oeuvre d'origine : conte, nouvelle, récit $2 frTAV
686    $a 109 $2 Cadre de classement de la Bibliographie nationale française
700    $3 11927913 $9 278994 $o ISNI0000000120858790 $a Vercors $f 1902-1991 $4 070
702    $3 14655045 $9 74326 $o ISNI0000000373876591 $a Dauphin $b Jean-Claude $f 1948-.... $4 550 $4 vre
702    $3 16545602 $9 323237 $o ISNI0000000140196974 $a Bruller $b François $4 460
716    $3 15605785 $a Audiolib
801  0 $a FR $b FR-751131015 $c 20110510 $g AFNOR $h FRBNF424285990000002 $2 intermrc
999    $a FRBNF424285990000002
995    $0 0 $2 0 $4 0 $5 2012-07-13 $9 282983 $P 24.00 $b MED $c MED $e MED1A $f C0005590071 $h ALTLSZZ $k LA R/VER $n 2024-06-04 $o 0 $p 24.00 $r PRETLS $s LA_R_VER $w 17 $y 2024-05-14 $7 CDMail $A 0

