00958nj  a2200253 n 4500
001 247071
003 http://www.mediathequederoubaix.fr/ark:/20179/KH247071
005 20240518034911.0
071 01 $a AGS5111
090    $a 247071
091    $a 1 $b 20240518 $c 0
099    $t DV $c 2014-06-30 $d 2024-05-18
100    $a 20140630              frey50        
101    $a fre
200    $a Red star $b Enr. sonore $f Gangrène
215    $a 1 disque
327    $a Face B : On the ice / Candidate
339    $a m
710 02 $7 ba0yba0y $8 fre    $3 13903642 $9 110240 $7 ba0yba0y $8 fre    $a Gangrène
711    $7 ba0yba0y $8 fre    $a Candidate $3 13902257 $9 84917
801    $a FR $b 595126101 $c 20120621 $g AFNOR
930    $5 595126101:F DESD 17/6891 $b 595126101 $a F DESD17/6891 $e Fonds Patrice Desdoit
317    $a Collection de Patrice Desdoit
995    $0 0 $2 0 $4 0 $5 2012-06-21 $9 283120 $b MED $c MED $e MED2D $f F DESD 17/6891 $h PENPDZZ $k F DESD17/6891 $o 0 $r PRETSON $s F_DESD17_6891_000000000000000 $w 0 $y 2014-06-30

