00904nj  a2200241 n 4500
001 247208
003 http://www.mediathequederoubaix.fr/ark:/20179/KH247208
005 20240519032445.0
071 01 $a RAK 259 $b Rak
090    $a 247208
091    $a 1 $b 20240519 $c 0
099    $t DV $c 2014-06-30 $d 2024-05-19 $x 1
100    $a 20140630              frey50        
101    $a fre
200    $a So you win again $b Enr. sonore $f Hot chocolate
215    $a 1 disque
327    $a Face B : A part of being with you
339    $a m
710    $7 ba0yba0y $8 fre    $a Hot chocolate $3 13922022 $9 46686
801    $a FR $b 595126101 $c 20120623 $g AFNOR
930    $5 595126101:F DESD 17/6957 $b 595126101 $a F DESD17/6957 $e Fonds Patrice Desdoit
317    $a Collection de Patrice Desdoit
995    $0 0 $2 0 $4 0 $5 2012-06-23 $9 283260 $b MED $c MED $e MED2D $f F DESD 17/6957 $h PENPDZZ $k F DESD17/6957 $o 0 $r PRETSON $s F_DESD17_6957_000000000000000 $w 1 $y 2021-12-29

