00976nj  a2200241 n 4500
001 247342
003 http://www.mediathequederoubaix.fr/ark:/20179/KH247342
005 20240506034217.0
071 01 $a 6122 001 $b ibach/Carrere
090    $a 247342
091    $a 1 $b 20240506 $c 0
099    $t DV $c 2014-06-30 $d 2024-05-06
100    $a 20140630              frey50        
101    $a fre
200    $a Un mariage d'amour (sans raison c'est mieux qu'un mariage de raison sans amour) $b Enr. sonore $f Monty
215    $a 1 disque
327    $a Face B : Dieu aime la musique
339    $a m
700    $7 ba0yba0y $8 fre    $a Monty $f 1943-.... $3 14821773 $b Jacques $9 268816
801    $a FR $b 595126101 $c 20120627 $g AFNOR
930    $5 595126101:F DESD 17/7010 $b 595126101 $a F DESD17/7010 $e Fonds Patrice Desdoit
317    $a Collection de Patrice Desdoit
995    $0 0 $2 0 $4 0 $5 2012-06-27 $9 283400 $b MED $c MED $e MED2D $f F DESD 17/7010 $h PENPDZZ $k F DESD17/7010 $o 0 $r PRETSON $s F_DESD17_7010_000000000000000 $w 0 $y 2014-06-30

