01599nj  a2200265 n 4500
001 247493
003 http://www.mediathequederoubaix.fr/ark:/20179/KH247493
005 20240506035041.0
071 01 $b Productions Driwa
090    $a 247493
091    $a 1 $b 20240506 $c 0
099    $t DC $c 2014-06-30 $d 2024-05-06
100    $a 20140630 2010         frey50        
101    $a fre
200    $a Franz Liszt & Sergei E. Bortkiewicz $b Enr. sonore $f Sylviane Pintarelly
210    $d P. 2010
215    $a 1 d.c. $e 1 livret (8 p. ; 12 cm)
327    $a Die Wasserspiele de Villa d'Este Fis-Dur/fa dièse majeur (Jeux d'eau à la Villa d'Este) $a Consolation n&lt;U+00B0&gt;3 DES-Dur/ré bémol majeur $a IV au bord d'une source AS-Dur/la bémol majeur / F. Liszt $a Prélude op.33 n&lt;U+00B0&gt;7 $a Ballade op.42 $a Elégie op. 46 $a Gavotte-Caprice op.3 n&lt;U+00B0&gt;3 $a Aus vier Klavierstucken op.65 Epithalame (chant nuptial pour la main gauche seule) $a Aus vier Klavierstücken op.65 Caprioccio alla polacca n&lt;U+00B0&gt;4 $a Préluse op. 33 n&lt;U+00B0&gt;9 / S. Bortkiewicz
339    $a m
700  1 $7 ba0yba0y $8 fre    $3 16238998 $9 110337 $7 ba0yba0y $8 fre    $a Pintarelly $b Sylviane
702  1 $7 ba0yba0y $8 fre    $a Liszt $b Franz $f 1811-1886
702    $7 ba0yba0y $8 fre    $a Bortkiewicz $b Sergei $f 1877-1952 $3 13891702 $9 21781
801    $a FR $b 595126101 $c 20120711 $g AFNOR
930    $5 595126101:C0005414697 $b 595126101 $a FLRSON DC/2495 $e Fonds local et régional sonore
995    $0 0 $2 0 $4 0 $5 2012-07-04 $9 283602 $P 10.00 $b MED $c MED $e MED3C $f C0005414697 $h PENRSZZ $k FLRSON DC/2495 $o 2 $p 10.00 $r PRETSON $s FLRSON_DC2495 $w 0 $y 2014-06-30 $7 Hybrid'music

