01598nam a2200313 n 4500
001 247655
003 http://www.mediathequederoubaix.fr/ark:/20179/KH247655
005 20220911022702.0
010    $a 978-2-35204-190-0
033    $a http://catalogue.bnf.fr/ark:/12148/cb42653785p
090    $a 247655
091    $a 0
099    $t LI $c 2014-06-30 $d 2022-09-11
100    $a          2012         frey5003    ba
101    $a fre
102    $a   
200    $a L' autre journal $e 1984-1992, une anthologie $f [textes de Michel Butel, Jean-Paul Iommi-Amunategui, Olivier Kappelin... et al.]
210    $a Paris $c Les arènes $d 2012
215    $a 409 p. $c ill, couv. ill. en coul. $d 29 cm
300    $a La couv. porte en plus : "un journal de talents et de créateurs, qui accueillait pêle-mêle des chroniques, des grands reportages, des poèmes, des histoires de vie, des pensées, des partis pris". Le dos porte en plus : "Howard Hugues, l'aveugle entre deux montagnes, P.O.L. l'orpailleur, statu quo ante..."
339    $a m
605 0  $9 140859 $a L'  Autre journal (périodique)
606 0  $a Presse $y France $z 20e siècle $2 rameau
701  1 $9 223506 $a Iommi-Amunategui $b Jean-Paul
701  1 $9 223507 $a Kappelin $b Olivier
701    $7 ba0yba0y $8 fre    $a Butel $b Michel $f 1940 -2018 $9 31441
801    $a FR $b 595126101 $c 20121006 $g AFNOR
930    $5 595126101:C0004349553 $b 595126101 $a MAG L/P 4/210 168 $e Fonds patrimonial
995    $0 0 $2 0 $4 0 $5 2012-07-07 $9 283834 $P 30.00 $b MED $c MED $e MED3J $f C0004349553 $h PPEFGZZ $k MAG L/P 4/210 168 $o 2 $p 30.00 $r PRETLIV $s MAG_LP_4210_168000000000000 $w 0 $y 2014-06-30 $7 Furet du Nord - Roubaix

