04125cam a2200529   4500
001 247810
003 http://www.mediathequederoubaix.fr/ark:/20179/KH247810
010    $a 978-2-7324-4338-6 $b rel. $d 18 EUR
020    $a FR $b 01119848
033    $a http://catalogue.bnf.fr/ark:/12148/cb42397747d
035    $a FRBNF423977470000005
073  0 $a 9782732443386
090    $a 247810
091    $b 20240506 $c 1 $a 2
099    $t LI $c 2014-06-30 $d 2024-05-06 $x 25
100    $a 20110325d2011    a  y0frey50      ba
101 0  $a fre
102    $a FR
105    $a ||||z   00|y|
106    $a r
181  0 $6 01 $a i  $b xxxe  
181    $6 02 $c txt $2 rdacontent
182  0 $6 01 $a n
182    $6 02 $c n $2 rdamedia
200 1  $a Les blasons du monde expliqués aux enfants $b Texte imprimé $f Sylvie Bednar $g illustrations de Lise Herzog
210    $a [Paris] $c La Martinière jeunesse $d impr. 2011 $e impr. en Espagne
215    $a 1 vol. (187 p.) $c ill. en noir et en coul., couv. ill. en coul. $d 20 x 27 cm
300    $a Lexique. Index
321    $a La Revue des livres pour enfants $x 0398-8384
321    $a La Revue des livres pour enfants. Sélection annuelle
329    $c Intéressant $a **Au XIe siècle, pour pouvoir se reconnaître et s'identifier sur les champs de bataille, les chevaliers firent dessiner des symboles sur leurs boucliers. Du Moyen âge à nos jours, les blasons racontent une histoire, qu'elle soit familiale, religieuse, politique, économique ou encore sportive. Et c'est à une découverte du monde de l'héraldique, cette science des blasons, que nous invite cet ouvrage. Par sa présentation très claire, il fourmille d'informations et de détails passionnants pour le néophyte. En fin de volume, l'enfant se voit proposer un jeu (être capable de " lire " quelques blasons en utilisant le vocabulaire ad hoc, grâce à un lexique très complet) ainsi que la réalisation de son propre blason. $d 20110421 $f CG $2 CNLJ $k Avis critique donné par le Centre national de la littérature pour la jeunesse
329    $a Au XIe siècle, pour pouvoir se reconnaître et s'identifier sur les champs de bataille, les che valiers firent dessiner des symboles sur leurs boucliers. Depuis le Moyen âge, les blasons racontent une histoire, qu'elle soit familiale, religieuse, politique, économique ou encore sportive. Cet ouvrage nous invite à découvrir ce monde de l'héraldique et son histoire. En fin de volume, l'enfant se voit proposer un jeu (être capable de lire quelques blasons en utilisant le vocabulaire ad hoc) ainsi que la réalisation de son propre blason.
330    $a Cette découverte des blasons présente comment lire un blason, leur fonction, les variations autour du monde et les blasons d'aujourd'hui, marques commerciales, emblèmes sportifs ou panneaux de signalisation. Une activité en quatre étapes pour créer son propre blason est proposée.
333    $a À partir de 11 ans $2 CNLJ $k Avis critique donné par le Centre national de la littérature pour la jeunesse
339    $a a
606    $3 13318411 $9 11171 $7 ba0yba0y $8 fre    $a Héraldique $3 12042408 $9 314947 $x Ouvrages pour la jeunesse $2 rameau $9 11171
606    $3 13318411 $9 11171 $a Héraldique $2 rameau
608    $3 12042408 $9 314947 $a Ouvrages pour la jeunesse $2 rameau
608    $a Documentaires : sciences humaines $2 CNLJ $k Avis critique donné par le Centre national de la littérature pour la jeunesse
676    $a 929.608 3 $v 23
686    $a 920 $2 Cadre de classement de la Bibliographie nationale française
700    $3 15046405 $9 92106 $o ISNI0000000055206680 $a Bednar $b Sylvie $4 070
702    $3 13579967 $9 90458 $o ISNI0000000398584819 $a Herzog $b Lise $f 1973-.... $4 440
801  0 $a FR $b FR-751131015 $c 20110325 $g AFNOR $h FRBNF423977470000005 $2 intermrc
999    $a FRBNF423977470000005
995    $0 0 $2 0 $4 0 $5 2012-09-15 $9 283994 $P 18.00 $b MED $c MED $e MED0A $f C0005536979 $h JDT90ZZ $k EXT E/918 HER $o 0 $p 18.00 $r PRETLIV $s EXT_E_918_000000000000000_HER $w 3 $y 2018-06-19 $7 Bateau Livre
995    $0 0 $2 0 $4 0 $5 2021-04-14 $9 425361 $P 18.00 $b MED $c MED $e MED2A $f C2500022535 $h JDT90ZZ $k E/918 HER $o 0 $p 18.00 $r PRETLIV $s E_918_000000000000000_HER $w 7 $y 2023-12-14

