02777cmm a2200625   4500
001 247949
003 http://www.mediathequederoubaix.fr/ark:/20179/KH247949
010    $a 978-2-215-10778-1 $b rel. $d 16,50 EUR
033    $a http://catalogue.bnf.fr/ark:/12148/cb43663402p
035    $a FRBNF436634020000008
039    $o ALS $a 1791474
073  0 $a 9782215107781 $2 ALS
090    $a 247949
091    $a 2 $b 20240506 $c 1
099    $t LI $c 2014-06-30 $d 2024-05-06 $x 25
100    $a 20130904d2012    a  y0frey50      ba
101 0  $a fre
102    $a FR
105    $a a   z   001y|
106    $a r
115    $a c   baiz|||||||bk|||
181  0 $6 01 $a i  $b xxxe   $a b  $b xb2e  
181    $6 02 $c txt $c sti $2 rdacontent
181  0 $6 03 $a b  $b xa2e  
181    $6 04 $c tdi $2 rdacontent
182  0 $6 01 $a n
182    $6 02 $c n $2 rdamedia
182  0 $6 03 $a g
182    $6 04 $c v $2 rdamedia
200 1  $a Les secrets des athlètes $b Multimédia multisupport $f Claudine Gaston et Christian Camara
210    $a Paris $c Fleurus $d 2012
214  0 $a Paris $c Fleurus $d DL 2012
215    $a 1 vol. (64 p.) $c ill. en coul. $d 29 cm
215    $a 1 DVD vidéo monoface simple couche $c coul., son.
225    $a Voir les sciences $v 10
300    $a Index
330    $a A partir des records d'athlètes, cyclistes ou encore footballeurs, les circonstances de ces performances sont abordées ainsi que la question des limites physiques des sportifs et de leur capacité à se dépasser toujours plus. Le dopage est également évoqué. Avec deux documentaires de l'émission C'est pas sorcier.
339    $a a
410  0 $0 40000895 $t Voir les sciences $x 1773-5955 $v 10
606    $2 rameau $a Sports $x Ouvrages pour la jeunesse
606    $2 rameau $a Sportifs $x Ouvrages pour la jeunesse
606    $3 13740712 $9 74589 $a Sportifs de haut niveau $2 rameau
606    $3 13318890 $9 14573 $a Sports $2 rameau
606    $3 12652098 $9 118728 $a Performance (sports) $2 rameau
608    $a non fiction $2 frTAV
608    $a édition commerciale $2 frTAV
608    $a jeunesse $2 frTAV
608    $a documentaire $2 frTAV
676    $a 796.083 $v 23
700    $3 13085995 $9 101702 $o ISNI0000000002072826 $a Gaston $b Claudine $4 070
701    $3 12952348 $9 101701 $o ISNI0000000000194707 $a Camara $b Christian $4 070
801  0 $a FR $b FR-751131015 $c 20130904 $g AFNOR $h FRBNF436634020000008 $2 intermrc
999    $a FRBNF436634020000008
995    $0 0 $2 0 $4 0 $5 2012-07-18 $9 284161 $P 16.50 $b MED $c MED $e MED2A $f C0005531691 $h JDT60ZZ $k E/696 ABC $l contient 1 DVD $n 2024-05-11 $o 0 $p 16.50 $r PRETLIV $s E_696_000000000000000_ABC $w 21 $y 2024-04-20 $7 Bateau Livre
995    $0 0 $2 0 $3 0 $4 0 $5 2012-08-23 $9 284162 $P 16.50 $b MED $c MED $e MED0A $f C0005533848 $h JDT60ZZ $k EXT E/696 ABC $l CONTIENT 1 DVD $n 2024-07-16 $o 0 $p 16.50 $r PRETLIV $s EXT_E696_ABC $w 8 $y 2023-09-20 $A 0

