01630cam a2200409   4500
001 248143
003 http://www.mediathequederoubaix.fr/ark:/20179/KH248143
010    $a 978-2-7096-3443-4 $b br. $d 14,50 EUR
020    $a FR $b 01216091
033    $a http://catalogue.bnf.fr/ark:/12148/cb426210113
035    $a FRBNF42621011000000X
073  0 $a 9782709634434
090    $a 248143
091    $b 20240506 $c 1 $a 2
099    $t LI $c 2014-06-30 $d 2024-05-06 $x 3
100    $a 20120309d2012    m  y0frey50      ba
101 0  $a fre
102    $a FR
105    $a ||||z   00|y|
106    $a r
181  0 $6 01 $a i  $b xxxe  
181    $6 02 $c txt $2 rdacontent
182  0 $6 01 $a n
182    $6 02 $c n $2 rdamedia
200 1  $a Je vois des jardins partout $b Texte imprimé $f Didier Decoin,...
210    $a Paris $c J.-C. Lattès $d impr. 2012 $e 18-Saint-Amand-Montrond $g Impr. CPI Bussière
215    $a 1 vol. (229 p.) $c couv. ill. en coul. $d 19 cm
330    $a L'auteur se souvient des jardins qui l'ont enchanté et bouleversé, qui lui ont appris l'essentiel de la vie.
339    $a m
606    $3 11936865 $9 33026 $a Jardins $2 rameau
608    $3 11972974 $9 5767 $a Anecdotes $2 rameau
676    $a 848.920 208 $v 23
686    $a 804 $2 Cadre de classement de la Bibliographie nationale française
700    $3 11899032 $9 7648 $o ISNI0000000110196615 $a Decoin $b Didier $f 1945-.... $4 070
801  0 $a FR $b FR-751131015 $c 20120309 $g AFNOR $h FRBNF42621011000000X $2 intermrc
999    $a FRBNF42621011000000X
995    $0 0 $2 0 $4 0 $5 2012-10-13 $9 284365 $P 14.50 $b MED $c MED $e MED1A $f C0005606689 $h ALTTLZZ $k LIT/DEC $o 0 $p 14.50 $r PRETLIV $s LITDEC $w 7 $y 2022-08-23 $7 ALIZE-SFL

