01904cam a2200385   4500
001 248296
003 http://www.mediathequederoubaix.fr/ark:/20179/KH248296
010    $a 978-2-226-24296-9 $b br. $d 16,50 EUR
020    $a FR $b 01243067
033    $a http://catalogue.bnf.fr/ark:/12148/cb427178033
035    $a FRBNF427178030000008
073  0 $a 9782226242969
090    $a 248296
091    $b 20240506 $c 1 $a 2
099    $t LI $c 2014-06-30 $d 2024-05-06 $x 100
100    $a 20120726d2012    m  y0frey50      ba
101 0  $a fre
102    $a FR
105    $a ||||z   00|a|
106    $a r
181  0 $6 01 $a i  $b xxxe  
181    $6 02 $c txt $2 rdacontent
182  0 $6 01 $a n
182    $6 02 $c n $2 rdamedia
200 1  $a Barbe Bleue $b Texte imprimé $e roman $f Amélie Nothomb
210    $a Paris $c A. Michel $d impr. 2012 $e 18-Saint-Amand-Montrond $g Impr. CPI Bussière
215    $a 1 vol. (169 p.) $c jaquette ill. en coul. $d 20 cm
330    $a Saturnine Puissant se présente à une offre de colocation. Sur place, elle apprend que le propriétaire multiplie les conquêtes mais que ces dernières disparaissent. Saturnine s'installe néanmoins, tombe sous le charme de don Elemirio et découvre que l'homme cryogénise ses femmes. Un clin d'oeil au conte de Perrault, entre humour, suspense et analyse des sentiments.
339    $a m
686    $a 803 $2 Cadre de classement de la Bibliographie nationale française
700    $3 12260698 $9 1739 $o ISNI0000000081379681 $a Nothomb $b Amélie $f 1966-.... $4 070
801  0 $a FR $b FR-751131015 $c 20120726 $g AFNOR $h FRBNF427178030000008 $2 intermrc
999    $a FRBNF427178030000008
995    $0 0 $2 0 $4 0 $5 2012-08-30 $9 284516 $P 16.50 $b MED $c MED $e MED1A $f C0004763171 $h ALTROZZ $k R/NOT $o 0 $p 16.50 $r PRETLIV $s R_NOT $w 66 $y 2024-04-04 $7 ALIZE-SFL
995    $0 0 $2 0 $4 0 $5 2012-08-30 $9 284517 $P 16.50 $b MED $c MED $e MED1A $f C0004763113 $h ALTROZZ $k R/NOT $o -3 $p 16.50 $r PRETLIV $s R_NOT $w 71 $y 2023-05-17 $7 ALIZE-SFL

