02044cam a2200457   4500
001 248433
003 http://www.mediathequederoubaix.fr/ark:/20179/KH248433
010    $a 978-2-200-24930-4 $b br. $d 18,80 EUR
020    $a FR $b 01052490
033    $a http://catalogue.bnf.fr/ark:/12148/cb42270796b
035    $a FRBNF422707960000008
073  0 $a 9782200249304
090    $a 248433
091    $b 20240506 $c 1 $a 2
099    $t LI $c 2014-06-30 $d 2024-05-06 $x 9
100    $a 20100914d2010    k  y0frey50      ba
101 0  $a fre
102    $a FR
105    $a ||||z   00|y|
106    $a r
181  0 $6 01 $a i  $b xxxe  
181    $6 02 $c txt $2 rdacontent
182  0 $6 01 $a n
182    $6 02 $c n $2 rdamedia
200 1  $a La stylistique $b Texte imprimé $f Joëlle Gardes-Tamine
205    $a 3e éd.
210    $a Paris $c A. Colin $d DL 2010 $e 42-Saint-Just-la-Pendue $g Impr. Chirat
215    $a 1 vol. (240 p.) $c couv. ill. $d 21 cm
225    $a Cursus $i Lettres
300    $a Bibliogr. p. 235-236. Index
330    $a Puisant dans la culture littéraire, une méthode de structuration pour l'analyse des phènomènes stylistiques. Les chapitres portent sur la poésie, la prose narrative, le théâtre et la question de l'argumentation. Chacun d'eux comprend un exposé théorique suivi de plusieurs applications destinées à l'illustrer et à l'approfondir.
339    $a m
410  0 $0 34284190 $t Collection Cursus. Série Littérature $x 1257-9114 $d 2010
410  0 $0 34249073 $t Cursus (Paris) $x 0991-4498 $d 2010
606    $3 11976573 $9 37214 $a Stylistique $2 rameau
676    $a 808 $v 23
686    $a 800 $2 Cadre de classement de la Bibliographie nationale française
700    $3 11925978 $9 26457 $o ISNI0000000108571607 $a Gardes $b Joëlle $f 1945-2017 $4 070
801  0 $a FR $b FR-751131015 $c 20100914 $g AFNOR $h FRBNF422707960000008 $2 intermrc
999    $a FRBNF422707960000008
995    $0 0 $2 0 $4 0 $5 2012-09-14 $9 284662 $P 19.70 $b MED $c MED $e MED1A $f C0005536291 $h ALTDCZZ $k Doc./808 RHE $o 0 $p 19.70 $r PRETLIV $s DOC__808_000000000000000_RHE $w 12 $y 2023-02-22 $7 ALIZE-SFL

