01975cam a2200421   4500
001 248658
003 http://www.mediathequederoubaix.fr/ark:/20179/KH248658
010    $a 978-2-36154-033-3 $b rel. $d 14,50 EUR
020    $a FR $b 01237636
033    $a http://catalogue.bnf.fr/ark:/12148/cb426988165
035    $a FRBNF426988160000007
073  0 $a 9782361540333
090    $a 248658
091    $b 20240506 $c 1 $a 2
099    $t LI $c 2014-06-30 $d 2024-05-06 $x 2
100    $a 20120628d2012    a  y0frey50      ba
101 0  $a fre
102    $a FR
105    $a ||||z   00|a|
106    $a r
181  0 $6 01 $a i  $b xxxe  
181    $6 02 $c txt $2 rdacontent
182  0 $6 01 $a n
182    $6 02 $c n $2 rdamedia
200 1  $a Colonie de vacances $b Texte imprimé $f Amélie Clément
210    $a Toulouse $c Petite plume de carotte $d DL 2012 $e impr. en Belgique
215    $a 1 vol. (non paginé [40] p.) $c ill. en coul., couv. ill. en coul. $d 14 x 30 cm
321    $a La Revue des livres pour enfants $x 0398-8384
329    $c Intéressant $d 20120921 $2 CNLJ $k Avis critique donné par le Centre national de la littérature pour la jeunesse
330    $a Le manchot Gabor part en colonie de vacances. En chemin, il s'attarde lors d'une pause pipi et le bus repart sans lui... Un album illustré à l'aquarelle.
333    $a À partir de 6 ans $2 CNLJ $k Avis critique donné par le Centre national de la littérature pour la jeunesse
339    $a a
608    $a Albums $2 CNLJ $k Avis critique donné par le Centre national de la littérature pour la jeunesse
686    $a 809 $2 Cadre de classement de la Bibliographie nationale française
700    $3 15603851 $9 110740 $o ISNI0000000010766043 $a Clément $b Amélie $4 070
801  0 $a FR $b FR-751131015 $c 20120628 $g AFNOR $h FRBNF426988160000007 $2 intermrc
999    $a FRBNF426988160000007
995    $0 0 $2 0 $4 0 $5 2012-08-22 $9 284902 $P 14.50 $b MED $c MED $e MED0A $f C0005535125 $h JABEFAE $k EXT E A/CLE $o 0 $p 14.50 $r PRETLIV $s EXT_E_ACLE $w 5 $y 2018-06-12 $7 Bateau Livre

