03962cam a2200529   4500
001 248794
003 http://www.mediathequederoubaix.fr/ark:/20179/KH248794
010    $a 978-2-35413-153-1 $b rel. $d 14 EUR
020    $a FR $b 01243592
033    $a http://catalogue.bnf.fr/ark:/12148/cb427157578
035    $a FRBNF427157570000004
073  0 $a 9782354131531
090    $a 248794
091    $b 20240506 $c 1 $a 2
099    $t LI $c 2014-06-30 $d 2024-05-06 $x 52
100    $a 20120724d2012    a  y0frey50      ba
101 1  $a fre $c ger
102    $a FR
105    $a ||||z   00|a|
106    $a r
181  0 $6 01 $a i  $b xxxe  
181    $6 02 $c txt $2 rdacontent
182  0 $6 01 $a n
182    $6 02 $c n $2 rdamedia
200 1  $a L'écureuil et l'étrange visiteur $b Texte imprimé $f une histoire racontée et illustrée par Sebastian Meschenmoser $g et traduite par Julie Duteil
210    $a [Paris] $c Minedition $d DL 2012 $e impr. à Hong Kong
215    $a 1 vol. (non paginé [56] p.) $c ill. en coul., couv. ill. en coul. $d 30 x 24 cm
225    $a Un d'images Minedition $x 1958-086X
321    $a La Revue des livres pour enfants $x 0398-8384
321    $a La Revue des livres pour enfants. Sélection annuelle
329    $c Coup de coeur ! $a Mais quelle est cette drôle de bête bleue qui s'est carrément posée sur la tête de l'ours pendant son sommeil ? Paniqué à l'idée d'être enlevé par des extra-terrestres, l'ours va chercher de l'aide auprès de son ami l'écureuil. Il faut ruser, trouver un moyen de se débarrasser de cet étrange visiteur et prévenir tous les autres du danger ! Un danger peut-être pas si terrible finalement ?... La bêtise liée à l'ignorance est ici superbement illustrée. Une quatrième aventure de l'écureuil, toujours aussi désopilante ! $d 20120921 $f BA $2 CNLJ $k Avis critique donné par le Centre national de la littérature pour la jeunesse
329    $a Mais quelle est cette drôle de bête bleue qui s'est carrément posée sur la tête de l'ours pendant son sommeil ? Paniqué à l'idée d'être enlevé par des extra-terrestres, l'ours va chercher de l'aide auprès de son ami l'écureuil. Il faut ruser, trouver un moyen de se débarrasser de cet étrange visiteur et prévenir tous les autres du danger ! Un danger peut-être pas si terrible finalement ?... La naïveté liée à l'ignorance est ici superbement illustrée. Une quatrième aventure de l'écureuil, toujours aussi désopilante ! $d 20121205
330    $a L'ours se réveille avec un être étrange sur sa tête. Angoissé à l'idée d'être emporté par un extraterrestre, il cherche avec l'aide de son ami l'écureuil un moyen de se débarrasser de cet étranger.
333    $a À partir de 3 ans $2 CNLJ $k Avis critique donné par le Centre national de la littérature pour la jeunesse
339    $a a
410  0 $0 40005186 $t Un Livre Minedition $d 2012
410  0 $0 41477258 $t Un Livre d'images minedition $x 1958-086X $d 2012
454  1 $t Herr Eichhorn und der Besucher vom blauen Planeten
608    $a Albums $2 CNLJ $k Avis critique donné par le Centre national de la littérature pour la jeunesse
686    $a 809 $2 Cadre de classement de la Bibliographie nationale française
700    $3 15639532 $9 97321 $o ISNI0000000080008512 $a Meschenmoser $b Sébastien $f 1980-.... $4 070
702    $3 15591651 $9 97322 $o ISNI0000000019415768 $a Duteil $b Julie $4 730
801  0 $a FR $b FR-751131015 $c 20120724 $g AFNOR $h FRBNF427157570000004 $2 intermrc
999    $a FRBNF427157570000004
995    $0 0 $2 0 $4 0 $5 2012-10-10 $9 285097 $P 14.20 $b MED $c MED $e MED2A $f C2100007055 $h JABPFAF $k PE A/MES $o 0 $p 14.20 $r PRETLIV $s PE_A_MES $w 51 $y 2024-03-22 $7 Bateau Livre
995    $0 0 $2 0 $4 0 $5 2013-10-09 $9 285098 $P 15.00 $b MED $c MED $e MED0A $f C0005827435 $h JABPFAF $k EXT PE A/MES $o 0 $p 15.00 $r PRETLIV $s EXT_PE_AMES $w 3 $y 2017-05-10 $7 Bateau Livre
995    $0 0 $2 0 $4 0 $5 2014-12-10 $9 315132 $P 14.20 $b MED $c MED $e MED0A $f C0005749362 $h JABPFAF $k EXT PE A/MES $n 2024-07-10 $o 0 $p 14.20 $r PRETLIV $s EXT_PE_A_MES $w 9 $y 2023-09-14

