01494cam a2200373   4500
001 248946
003 http://www.mediathequederoubaix.fr/ark:/20179/KH248946
010    $a 978-2-8180-1658-9 $b br. $d 16 EUR
020    $a FR $b 01234111
033    $a http://catalogue.bnf.fr/ark:/12148/cb42691718w
035    $a FRBNF426917180000004
073  0 $a 9782818016589
090    $a 248946
091    $b 20240506 $c 1 $a 2
099    $t LI $c 2014-06-30 $d 2024-05-06 $x 2
100    $a 20120619d2012    m  y0frey50      ba
101 0  $a fre
102    $a FR
105    $a ||||z   00|a|
106    $a r
181  0 $6 01 $a i  $b xxxe  
181    $6 02 $c txt $2 rdacontent
182  0 $6 01 $a n
182    $6 02 $c n $2 rdamedia
200 1  $a Millefeuille $b Texte imprimé $f Leslie Kaplan
210    $a Paris $c POL $d impr. 2012 $e 61-Lonrai $g Normandie roto impr.
215    $a 1 vol. (252 p.) $d 21 cm
330    $a Ce portrait raconte l'histoire d'un vieux monsieur qui va vers la mort et se débat avec cette idée. Un roman qui propose une réflexion sur la place de chacun dans le monde.
339    $a m
686    $a 803 $2 Cadre de classement de la Bibliographie nationale française
700    $3 11909410 $9 125 $o ISNI0000000051912254 $a Kaplan $b Leslie $f 1943-.... $4 070
801  0 $a FR $b FR-751131015 $c 20120619 $g AFNOR $h FRBNF426917180000004 $2 intermrc
999    $a FRBNF426917180000004
995    $0 0 $2 0 $4 0 $5 2012-08-31 $9 285257 $P 16.00 $b MED $c MED $e MED1A $f C0004762531 $h ALTROZZ $k R/KAP $o 0 $p 16.00 $r PRETLIV $s RKAP $w 11 $y 2018-06-07 $7 ALIZE-SFL

