02001cam a2200469   4500
001 249086
003 http://www.mediathequederoubaix.fr/ark:/20179/KH249086
010    $a 2-01-210012-0
010    $a 978-2-01-210171-5 $b réimpr. $b rel.
020    $a FR $b 00145086
033    $a http://catalogue.bnf.fr/ark:/12148/cb376895357
035    $a FRBNF376895350000005
039    $o OPL $a 026778250
073  0 $a 9782012100121 $2 ALS
073  0 $a 9782012101715 $2 ALS
090    $a 249086
091    $b 20240506 $c 1 $a 2
099    $t LI $c 2014-06-30 $d 2024-05-06 $x 9
100    $a 20011008d2001    a  y0frey50      ba
101 0  $a fre
102    $a FR
105    $a a   t   00|a|
106    $a r
181  0 $6 01 $a i  $b xxxe   $a b  $b xb2e  
181    $6 02 $c txt $c sti $2 rdacontent
182  0 $6 01 $a n
182    $6 02 $c n $2 rdamedia
200 1  $a Astérix aux Jeux olympiques $b Texte imprimé $f texte de René Goscinny $g dessins d'Albert Uderzo
210    $a [Paris] $c Hachette $d 2001 $e 85-Luçon $g Impr. Pollina
215    $a 48 p. $c ill. en coul., couv. ill. en coul. $d 30 cm
225 19 $a Une aventure d'Astérix. $v 12
339    $a a
500 11 $3 14573759 $9 299682 $a Les aventures d'Astérix $m français $2 lien automatique
608    $a Documentaires : arts $2 CNLJ $k Avis critique donné par le Centre national de la littérature pour la jeunesse
608    $a Bandes dessinées $2 CNLJ $k Avis critique donné par le Centre national de la littérature pour la jeunesse
676    $a 741.508 3 $v 23
686    $a 823 $2 Cadre de classement de la Bibliographie nationale française
700    $3 11905455 $9 5789 $o ISNI0000000121235579 $a Goscinny $b René $f 1926-1977 $4 070
702    $3 11927309 $9 5790 $o ISNI0000000120959006 $a Uderzo $b Albert $f 1927-2020 $4 440
801  0 $a FR $b FR-751131015 $c 20011008 $g AFNOR $h FRBNF376895350000005 $2 intermrc
999    $a FRBNF376895350000005
995    $0 0 $2 0 $4 0 $5 2016-09-09 $9 347832 $P 9.20 $b MED $c MED $e MED0A $f C2200003112 $h JBDZZZZ $k EXT E BD/GOS $n 2024-07-10 $o 0 $p 9.20 $r PRETLIV $s EXT_E_BDGOS $w 6 $y 2023-08-29

