01393ng  a2200301 n 4500
001 249255
003 http://www.mediathequederoubaix.fr/ark:/20179/KH249255
005 20240506042424.0
090    $a 249255
091    $a 1 $b 20240506 $c 0
099    $t VD $c 2014-06-30 $d 2024-05-06 $x 13
100    $a 20140630 2011         frey50        
101    $a eng $a ger
200    $a Despair $b DVD $f Rainer Werner Fassbinder, réal
210    $a Etats Unis $c Global Screen $d 2011
215    $a 1 DVD (1 h 20 min) $c coul., sonore
305    $a Versions en anglais et en allemand
323    $a Interprètes : Dirk Bogarde, Andréa Ferréol
330    $a Un riche homme d'affaires à la vie dissolue rencontre en la personne d'un vagabond son parfait sosie. Les deux hommes vont échanger leurs vies...
339    $a m
345    $a Adav
606 0  $a Cinéma $y Allemagne $z 1960-1990 $x DVD $2 rameau
606 0  $7 ba0yba0y $8 fre    $3 14449645 $9 323952 $a Drames (cinéma) $y Allemagne $y DVD $2 rameau
700    $7 ba0yba0y $8 fre    $a Fassbinder $b Rainer Werner $f 1945-1982 $3 11902294 $9 30108
702    $7 ba0yba0y $8 fre    $a Ferréol $b Andréa $f 1947-.... $3 13893883 $9 305013
702    $7 ba0yba0y $8 fre    $a Bogarde $b Dirk $f 1921-1999 $3 13523034 $9 78561
801    $a FR $b 595126101 $c 20121219 $g AFNOR
995    $0 0 $2 0 $4 0 $5 2012-10-31 $9 285594 $P 25.83 $b MED $c MED $e MED1A $f C0005326198 $h AAPCIFI $k DVD/F FAS $o 0 $p 25.83 $r PRETDVD $s DVD_F_FAS $w 22 $y 2023-03-03 $7 ADAV

