01133nam a22003253  4500
001 249463
003 http://www.mediathequederoubaix.fr/ark:/20179/KH249463
010    $a 0-22401135-9
033    $a http://catalogue.bnf.fr/ark:/12148/cb43451450h
035    $a FRBNF434514500000007
039    $o ALS $a 0612967
090    $a 249463
091    $a 2 $b 20240506 $c 1
099    $t LI $c 2014-06-30 $d 2024-05-06
100    $a 20050101d1983    a  y0frey50      ba
101 0  $a eng
102    $a GB
105    $a ||||z   00|||
106    $a r
181  0 $6 01 $a i  $b xxxe  
181    $6 02 $c txt $2 rdacontent
182  0 $6 01 $a n
182    $6 02 $c n $2 rdamedia
200 1  $a The friend $b Texte imprimé $f John Burningham
210    $a London $b Thirty bedford Square $c Jonathan Cape $d 1983
339    $a a
700    $3 11894606 $9 3307 $o ISNI0000000120967305 $a Burningham $b John $4 070
801  0 $a FR $b FR-751131015 $c 20050101 $g AFNOR $h FRBNF434514500000007 $2 intermrc
999    $a FRBNF434514500000007
995    $0 0 $2 0 $3 0 $4 0 $5 2012-09-15 $9 285806 $P 13.00 $b MED $c MED $e MED0A $f C0000555720 $h JABLAFI $k EXT E ANGL/A BUR $o 0 $p 13.00 $r PRETLIV $s EXT_E_ANGLA_BUR $w 0 $y 2014-06-30 $A 0

