01816cam a2200421   4500
001 249609
003 http://www.mediathequederoubaix.fr/ark:/20179/KH249609
010    $a 978-2-330-00946-5 $b br. $d 22,50 EUR
020    $a FR $b 01255692
033    $a http://catalogue.bnf.fr/ark:/12148/cb427635636
035    $a FRBNF42763563000000X
073  0 $a 9782330009465
090    $a 249609
091    $b 20240506 $c 1 $a 2
099    $t LI $c 2014-06-30 $d 2024-05-06 $x 10
100    $a 20121008d2012    m  y0frey50      ba
101 1  $a fre $c ger
102    $a FR
105    $a ||||z   00|a|
106    $a r
181  0 $6 01 $a i  $b xxxe  
181    $6 02 $c txt $2 rdacontent
182  0 $6 01 $a n
182    $6 02 $c n $2 rdamedia
200 1  $a Léon et Louise $b Texte imprimé $e roman $f Alex Capus $g traduit de l'allemand par Emanuel Güntzburger
210    $a Arles $c Actes Sud $d impr. 2012 $e 53-Mayenne $g Impr. Floch
215    $a 1 vol. (312 p.) $c couv. ill. en coul. $d 22 cm
225    $a Lettres allemandes
330    $a Léon et Louise ont tous deux 20 ans lorsqu'ils se rencontrent à la fin de la Première Guerre mondiale. Séparés par les hasards de la vie et de l'histoire, ils ne s'oublieront pourtant pas.
339    $a m
410  0 $0 34250265 $t Lettres allemandes (Arles) $x 0993-5428 $d 2012
454  1 $t Léon und Louise
686    $a 803 $2 Cadre de classement de la Bibliographie nationale française
700    $3 14417098 $9 111026 $o ISNI0000000110750946 $a Capus $b Alex $f 1961-.... $4 070
702    $3 16634538 $9 111027 $o ISNI0000000385057737 $a Güntzburger $b Emanuel $4 730
801  0 $a FR $b FR-751131015 $c 20121008 $g AFNOR $h FRBNF42763563000000X $2 intermrc
999    $a FRBNF42763563000000X
995    $0 0 $2 0 $4 0 $5 2012-09-22 $9 285955 $P 22.50 $b MED $c MED $e MED1A $f C0005538966 $h ALTROZZ $k R/CAP $o 0 $p 22.50 $r PRETLIV $s RCAP $w 21 $y 2017-11-02 $7 ALIZE-SFL

