01796cam a2200421   4500
001 249752
003 http://www.mediathequederoubaix.fr/ark:/20179/KH249752
010    $a 978-2-7067-0936-4 $b br. $d 14,80 EUR
020    $a FR $b 01245897
033    $a http://catalogue.bnf.fr/ark:/12148/cb42737521m
035    $a FRBNF427375210000007
073  0 $a 9782706709364
090    $a 249752
091    $b 20240506 $c 1 $a 2
099    $t LI $c 2014-06-30 $d 2024-05-06 $x 16
100    $a 20120830d2012    m  y0frey50      ba
101 1  $a fre $c ger
102    $a FR
105    $a ||||z   00|y|
106    $a r
181  0 $6 01 $a i  $b xxxe  
181    $6 02 $c txt $2 rdacontent
182  0 $6 01 $a n
182    $6 02 $c n $2 rdamedia
200 1  $a Petit livre de l'amour authentique $b Texte imprimé $f Anselm Grün $g traduit de l'allemand par Marie-Lys Wilwerth-Guitard
210    $a Paris $c Salvator $d impr. 2012
215    $a 1 vol. (154 p.) $c couv. ill. en coul. $d 21 cm
330    $a Un guide empreint de sagesse et de spiritualité pour apprendre à aimer sans renoncer à soi.
339    $a m
454  1 $t Das kleine Buch der wahren Liebe
606    $3 12073434 $9 85747 $a Amour (religion) $3 11934570 $9 4618 $x Église catholique $2 rameau
676    $a 241.67 $v 23
686    $a 220 $2 Cadre de classement de la Bibliographie nationale française
700    $3 12167879 $9 94853 $o ISNI0000000081678585 $a Grün $b Anselm $f 1945-.... $4 070
702    $3 12523312 $9 110876 $o ISNI0000000117834990 $a Wilwerth-Guitard $b Marie-Lys $4 730
801  0 $a FR $b FR-751131015 $c 20120830 $g AFNOR $h FRBNF427375210000007 $2 intermrc
999    $a FRBNF427375210000007
995    $0 0 $2 0 $4 0 $5 2012-09-27 $9 286112 $P 14.80 $b MED $c MED $e MED3A $f C0005539659 $h ACFREZZ $k Doc./234 PRA $o 0 $p 14.80 $r PRETLIV $s DOC___234_000000000000000_PRA $w 22 $y 2023-08-01 $7 Furet du Nord - Roubaix

