00788nj  a2200217 n 4500
001 249883
003 http://www.mediathequederoubaix.fr/ark:/20179/KH249883
005 20240506043433.0
071 01 $a STU 70688 $b Erato
090    $a 249883
091    $a 1 $b 20240506 $c 0
099    $t DV $c 2014-06-30 $d 2024-05-06 $x 1
100    $a 20140630              frey50        
101    $a fre
200    $a Jephté et trois motets $b Enr. sonore $f G. Carissimi, comp.
215    $a 1 disque $c 33 t $d 30cm
339    $a m
679    $a 3
700    $3 13892162 $7 ba0yba0y $8 fre    $a Carissimi $b Giacomo $f 1605-1674 $9 654
801    $a FR $b 595126101 $c 20120922 $g AFNOR
995    $0 0 $2 0 $4 0 $5 2012-09-22 $9 286242 $P 10.00 $b MED $c MED $e MED1A $f C0005374045 $h AMV30ZZ $k DISQ 30/3 CAR $o 0 $p 10.00 $r PRETSON $s DISQ_30_300000000000000_CAR $w 1 $y 2016-01-05

