00792nj  a2200217 n 4500
001 250054
003 http://www.mediathequederoubaix.fr/ark:/20179/KH250054
005 20240506044221.0
071 01 $a UM 65398 $b Forlane
090    $a 250054
091    $a 1 $b 20240506 $c 0
099    $t DV $c 2014-06-30 $d 2024-05-06
100    $a 20140630              frey50        
101    $a fre
200    $a Petrouchka $b Enr. sonore $a L'oiseau de feu $f Igor Stravinsky, comp.
215    $a 1 disque $c 33 t $d 30cm
339    $a m
679    $a 3
700    $7 ba0yba0y $8 freeng $a Stravinsky $b Igor $f 1882-1971 $3 12405560 $9 1828
801    $a FR $b 595126101 $c 20120928 $g AFNOR
995    $0 0 $2 0 $4 0 $5 2012-09-28 $9 286405 $P 10.00 $b MED $c MED $e MED1A $f C0005375455 $h AMV30ZZ $k DISQ 30/3 STR $o 0 $p 10.00 $r PRETSON $s DISQ_30_300000000000000_STR $w 0 $y 2014-06-30

