00922nj  a2200241 n 4500
001 250214
003 http://www.mediathequederoubaix.fr/ark:/20179/KH250214
005 20240506044300.0
071 01 $a ARN 38675 $b Arion
090    $a 250214
091    $a 1 $b 20240506 $c 0
099    $t DV $c 2014-06-30 $d 2024-05-06 $x 1
100    $a 20140630              frey50        
101    $a fre
200    $a Trésors de la musique sacrée $b Enr. sonore $f G. Allegri, W. Byrd, P. Colin, comp.
215    $a 1 disque $c 33 t $d 30cm
339    $a m
679    $a 3
700    $7 ba0yba0y $8 fre    $a Allegri $b Gregorio $f 1582-1652 $3 13890680 $9 14914
701  1 $a Byrd $b William $f 1543?-1623
701  1 $a Colin $b Pierre $f 1538-1565
801    $a FR $b 595126101 $c 20121003 $g AFNOR
995    $0 0 $2 0 $4 0 $5 2012-10-03 $9 286604 $P 10.00 $b MED $c MED $e MED1A $f C0005376231 $h AMV30ZZ $k DISQ 30/3 A $l Contient 1 disque + 1 livret $o 0 $p 10.00 $r PRETSON $s DISQ_30_300000000000000_A $w 1 $y 2021-05-12

