01309ni  a22003012  4500
001 250375
003 http://www.mediathequederoubaix.fr/ark:/20179/KH250375
005 20240506044333.0
010    $a 9782904965258
071 01 $a 9782904965258 $b INA Radio France
090    $a 250375
091    $a 2 $b 20240506 $c 0
099    $t LS $c 2014-06-30 $d 2024-05-06 $x 2
100    $a 20121001f20122012m  y0frey5003    ba
101    $a fre
200    $a Marlène Dietrich $b Enr. sonore $g entretiens avec André Parinaud et Paul Giannoli
210    $a Paris $c Radio-France $d P 2012
215    $a 2 d.c. (2h30min) $e 1 livret
225 1  $a Les Grandes Heures
339    $a m
410    $t Les Grandes Heures
600    $7 ba0yba0y $8 fre    $a Dietrich $b Marlene $f 1901-1992 $3 12013957 $9 308508 $x Entretiens $x Disques compacts $2 rameau $9 308508
676    $a 791.43
700    $7 ba0yba0y $8 fre    $a Dietrich $b Marlene $f 1901-1992 $3 12013957 $9 308508
702    $7 ba0yba0y $8 fre    $a Giannoli $b Paul $f 1931-.... $3 12608817 $4 470 $9 61527
702    $7 ba0yba0y $8 fre    $a Parinaud $b André $f 1924-2006 $3 11918613 $4 470 $9 30430
801  0 $a FR $b CDMAIL $c 20130430 $g AFNOR
995    $0 0 $2 0 $3 0 $4 0 $5 2013-01-04 $9 286768 $P 21.00 $b MED $c MED $e MED1A $f C0005512775 $h ALTLSZZ $k LA 793/DIE $l contient 2 CD et 1 livret $o 0 $p 21.00 $r PRETLS $s LA_793_000000000000000_DIE $w 5 $y 2016-08-25 $7 CDMail $A 0

