02411cam a2200421   4500
001 250660
003 http://www.mediathequederoubaix.fr/ark:/20179/KH250660
010    $a 978-2-87767-754-7 $b rel. $d 13,20 EUR
020    $a FR $b 01256571
033    $a http://catalogue.bnf.fr/ark:/12148/cb42763655v
035    $a FRBNF427636550000003
073  0 $a 9782877677547
090    $a 250660
091    $b 20240506 $c 1 $a 2
099    $t LI $c 2014-06-30 $d 2024-05-06 $x 53
100    $a 20121008d2012    a  y0frey50      ba
101 0  $a fre
102    $a FR
105    $a ||||z   00|a|
106    $a r
181  0 $6 01 $a i  $b xxxe  
181    $6 02 $c txt $2 rdacontent
182  0 $6 01 $a n
182    $6 02 $c n $2 rdamedia
200 1  $a Un grand voyageur $b Texte imprimé $f Christine Davenier
210    $a Paris $c Kaléidoscope $d DL 2012 $e impr. en Italie
215    $a 1 vol. (non paginé [40] p.) $c ill. en coul., couv. ill. en coul. $d 22 x 25 cm
321    $a La Revue des livres pour enfants $x 0398-8384
329    $c Intéressant $a Les animaux de la ferme préparent avec enthousiasme la soirée annuelle au cours de laquelle Raoul, le grand voyageur, raconte ses aventures. Mais Raoul n'arrive pas. C'est Jean-Claude, l'escargot, qui fait patienter les convives en évoquant sa vie mouvementée au potager, ses couleurs, ses odeurs, ses feuilles à gravir... Christine Davenier fait du récit de cette soirée diapos à la ferme un album drôle et vivant. $d 20120921 $f NBE $2 CNLJ $k Avis critique donné par le Centre national de la littérature pour la jeunesse
330    $a Raoul le grand aventurier rentre au pays. Tout le monde se réunit pour écouter le récit de son voyage. Mais il est en retard et ses amis commencent à s'impatienter.
333    $a À partir de 3 ans $2 CNLJ $k Avis critique donné par le Centre national de la littérature pour la jeunesse
339    $a a
608    $a Albums $2 CNLJ $k Avis critique donné par le Centre national de la littérature pour la jeunesse
686    $a 809 $2 Cadre de classement de la Bibliographie nationale française
700    $3 12080777 $9 38936 $o ISNI0000000121288523 $a Davenier $b Christine $f 1961-.... $4 070
801  0 $a FR $b FR-751131015 $c 20121008 $g AFNOR $h FRBNF427636550000003 $2 intermrc
999    $a FRBNF427636550000003
995    $0 0 $2 0 $4 0 $5 2012-10-13 $9 287146 $P 13.20 $b MED $c MED $e MED2C $f C0005522361 $h JABEFAE $k E A/DAV $o 0 $p 13.20 $r PRETLIV $s E_A_DAV $w 62 $y 2021-05-28 $7 Bateau Livre

