00814na  a2200217 n 4500
001 250794
003 http://www.mediathequederoubaix.fr/ark:/20179/KH250794
005 20240506045309.0
010    $a 9781407132082
090    $a 250794
091    $a 2 $b 20240506 $c 0 $s http://www.sudoc.fr/164450610 $m 3
099    $t LI $c 2014-06-30 $d 2024-05-06 $x 56
100    $a 20140630 2008         frey50        
101    $a eng
200    $a The Hunger Games $h 1 $f Suzanne Collins
210    $a London $c Scholastic $d 2008
215    $a 454 p. $c 20 cm
339    $a m
700    $7 ba0yba0y $8 fre    $a Collins $b Suzanne $f 1962-.... $3 16150974 $9 101509
801    $a FR $b 595126101 $c 20121017 $g AFNOR
995    $0 0 $2 0 $4 0 $5 2012-10-16 $9 287313 $P 13.30 $b MED $c MED $e MED3A $f C0005559077 $h ACFLALE $k ANGLAIS R/COL $o 0 $p 13.30 $r PRETLIV $s ANGLAIS_R_COL $w 64 $y 2024-04-10 $7 ALIZE-SFL

