01837ng  a2200349 n 4500
001 250968
003 http://www.mediathequederoubaix.fr/ark:/20179/KH250968
005 20240506050220.0
090    $a 250968
091    $a 1 $b 20240506 $c 0
099    $t VD $c 2014-06-30 $d 2024-05-06 $x 30
100    $a 20140630 2012         frey50        
101    $a fre
200    $a Ainsi soient-ils $b DVD $h Saison 1 $g Elisabeth Marre, Olivier Pont, Rodolphe Tissot, réal.
210    $a France $c Zadig Productions $c Arte France $d 2012
215    $a 3 DVD ( 5 h 16 min ) $c coul., sonore
323    $a Interprètes : Jean-Luc Bideau, Thierry Gimenez, Michel Duchaussoy...[et al.]
327    $a Contient : DVD 1 : Episodes 1 - 2 - 3 $a DVD 2 : Episodes 4 - 5 - 6 $a DVD 3 : Episodes 7 - 8
330    $a Paris, de nos jours. Cinq jeunes candidats à la prêtrise entrent au séminaire des Capucins, dirigé par le charismatique et controversé père Fromenger. Entre espoirs et doutes, corps et esprit, des paroisses désertées aux intrigues vertigineuses du Vatican, une immersion inédite dans les couloirs de l’Église...
339    $a m
345    $a Adav
606 0  $a Séries télévisées $y France $z 1990-.... $x DVD $2 rameau
700  1 $4 300 $a Marre $b Elisabeth
701  1 $4 370 $a Tissot $b Rodolphe
701    $7 ba0yba0y $8 fre    $a Pont $b Olivier $f 1969-.... $3 12421781 $4 370 $9 99836
702  1 $4 690 $7 ba0yba0y $8 fre    $a Poymiro $b Vincent
702  1 $a Elkaïm $b David $f 19..-.... $c cinéaste $4 690
702  1 $a Gimenez $b Thierry
702    $7 ba0yba0y $8 fre    $a Bideau $b Jean-Luc $f 1940-.... $3 12141332 $9 84020
702    $7 ba0yba0y $8 fre    $a Duchaussoy $b Michel $f 1938-2012 $3 14654296 $9 37138
801    $a FR $b 595126101 $c 20130115 $g AFNOR
995    $0 0 $2 0 $3 0 $4 0 $5 2023-06-15 $9 462256 $b MED $c MED $e MED1A $f C1400016742 $h AAPCITV $k DVD/F AIN $o 0 $p 61.00 $r PRETDVD $s DVD_F_AIN $w 4 $y 2024-03-28 $A 0

