01488cam a2200373   4500
001 251122
003 http://www.mediathequederoubaix.fr/ark:/20179/KH251122
010    $a 978-2-226-24432-1 $b br. $d 20 EUR
020    $a FR $b 01264502
033    $a http://catalogue.bnf.fr/ark:/12148/cb42788770n
035    $a FRBNF427887700000005
073  0 $a 9782226244321
090    $a 251122
091    $b 20240506 $c 1 $a 2
099    $t LI $c 2014-06-30 $d 2024-05-06 $x 17
100    $a 20121113d2012    m  y0frey50      ba
101 0  $a fre
102    $a FR
105    $a ||||z   00|a|
106    $a r
181  0 $6 01 $a i  $b xxxe  
181    $6 02 $c txt $2 rdacontent
182  0 $6 01 $a n
182    $6 02 $c n $2 rdamedia
200 1  $a Les deux messieurs de Bruxelles $b Texte imprimé $f Éric-Emmanuel Schmitt
210    $a Paris $c A. Michel $d impr. 2012 $e 18-Saint-Amand-Montrond $g Impr. CPI Bussière
215    $a 1 vol. (280 p.) $c jaquette ill. en coul. $d 21 cm
330    $a Un recueil de cinq nouvelles autour des sentiments inavoués et de leur mystère.
339    $a m
686    $a 803 $2 Cadre de classement de la Bibliographie nationale française
700    $3 12929576 $9 29813 $o ISNI0000000122777150 $a Schmitt $b Éric-Emmanuel $f 1960-.... $4 070
801  0 $a FR $b FR-751131015 $c 20121113 $g AFNOR $h FRBNF427887700000005 $2 intermrc
999    $a FRBNF427887700000005
995    $0 0 $2 0 $4 0 $5 2012-11-06 $9 287621 $P 20.00 $b MED $c MED $e MED1A $f C0005607273 $h ALTTCNV $k NVL/SCH $o 0 $p 20.00 $r PRETLIV $s NVL_SCH $w 38 $y 2024-04-23 $7 ALIZE-SFL

