02142cam a2200421   4500
001 251313
003 http://www.mediathequederoubaix.fr/ark:/20179/KH251313
010    $a 978-2-8001-5150-2 $b br. $d 15,50 EUR
020    $a FR $b 01226015
033    $a http://catalogue.bnf.fr/ark:/12148/cb42639607n
035    $a FRBNF42639607000000X
073  0 $a 9782800151502
090    $a 251313
091    $b 20240506 $c 1 $a 2
099    $t LI $c 2014-06-30 $d 2024-05-06 $x 18
100    $a 20120405d2012    m  y0frey50      ba
101 0  $a fre
102    $a BE
105    $a ||||t   00|a|
106    $a r
181  0 $6 01 $a i  $b xxxe   $a b  $b xb2e  
181    $6 02 $c txt $c sti $2 rdacontent
182  0 $6 01 $a n
182    $6 02 $c n $2 rdamedia
200 1  $a Les autres gens $h 5 $b Texte imprimé $f Thomas Cadène... $g [dessins de] Thibault Balahy, Thomas Cadène, Julien Castanié... [et al.]
210    $a [Marcinelle] $a [Paris] $c Dupuis $d DL 2012 $e impr. en Italie
215    $a 1 vol. (220 p.) $c ill. en noir et en coul., couv. ill. en coul. $d 25 cm
321    $a La Revue des livres pour enfants $x 0398-8384
329    $c Coup de coeur ! $d 20120321 $2 CNLJ $k Avis critique donné par le Centre national de la littérature pour la jeunesse
330    $a Devenue milliardaire, Mathilde Ismalthy revient en France avec son amant Stéphane. Pour ses amis, c'est le début des vacances : Emmanuel part à New York, Camille subit les menteries de Gédéon, Florence convoite Arnaud...
333    $a À partir de 13 ans $2 CNLJ $k Avis critique donné par le Centre national de la littérature pour la jeunesse
339    $a m
608    $a Bandes dessinées $2 CNLJ $k Avis critique donné par le Centre national de la littérature pour la jeunesse
686    $a 805 $2 Cadre de classement de la Bibliographie nationale française
700    $3 15577864 $9 106568 $o ISNI0000000005232012 $a Cadène $b Thomas $f 1976-.... $4 070
801  0 $a FR $b FR-751131015 $c 20120405 $g AFNOR $h FRBNF42639607000000X $2 intermrc
999    $a FRBNF42639607000000X
995    $0 0 $2 0 $4 0 $5 2012-10-25 $9 287802 $P 15.50 $b MED $c MED $e MED0C $f C0005342075 $h AAPBDSR $k BD/SERIES $o 0 $p 15.50 $r PRETLIV $s BDSERIES $w 26 $y 2022-03-25 $7 BD fugue

