01988cam a2200421   4500
001 251526
003 http://www.mediathequederoubaix.fr/ark:/20179/KH251526
010    $a 978-2-8129-0623-7 $b rel. $d 29,90 EUR
020    $a FR $b 01314350
033    $a http://catalogue.bnf.fr/ark:/12148/cb43529451b
035    $a FRBNF435294510000002
073  0 $a 9782812906237
090    $a 251526
091    $b 20240506 $c 1 $a 2
099    $t LI $c 2014-06-30 $d 2024-05-06 $x 5
100    $a 20130208d2012    m  y0frey50      ba
101 0  $a fre
102    $a FR
105    $a ||||z   00|y|
106    $a r
181  0 $6 01 $a i  $b xxxe  
181    $6 02 $c txt $2 rdacontent
182  0 $6 01 $a n
182    $6 02 $c n $2 rdamedia
200 1  $a Les objets du vélo $b Texte imprimé $f John Victor, Théo Fraisse
210    $a [Sayat] $c de Borée $d DL 2012 $e impr. en Slovénie
215    $a 1 vol. (189 p.) $c ill. en noir et en coul., couv. ill. en coul. $d 30 cm
330    $a Présentation d'objets de collection témoignant de l'histoire de la bicyclette et de ses différents usages : vélos pour enfants, pour touristes ou pour militaires, accessoires pour cyclistes, objets publicitaires de marques de cycles, outils de réparation, revues cyclistes, etc.
339    $a m
606    $3 13162854 $9 6185 $a Bicyclettes $3 11944362 $9 19578 $x Objets de collection $2 rameau
606    $3 11931834 $9 6183 $a Cyclisme $3 11944362 $9 19578 $x Objets de collection $2 rameau
676    $a 388.347 2075 $v 23
686    $a 740 $2 Cadre de classement de la Bibliographie nationale française
700    $3 16611430 $9 109836 $o ISNI0000000379973499 $a Victor $b John $4 070
701    $3 16611408 $9 109835 $o ISNI000000037552539X $a Fraisse $b Théo $4 070
801  0 $a FR $b FR-751131015 $c 20130208 $g AFNOR $h FRBNF435294510000002 $2 intermrc
999    $a FRBNF435294510000002
995    $0 0 $2 0 $4 0 $5 2012-11-07 $9 287946 $P 29.90 $b MED $c MED $e MED1A $f C0005524303 $h AAPPLSL $k Doc./691 COL $o 0 $p 29.90 $r PRETLIV $s DOC___691_000000000000000_COL $w 9 $y 2021-01-06 $7 Furet du Nord - Roubaix

