02538cam a2200469   4500
001 251713
003 http://www.mediathequederoubaix.fr/ark:/20179/KH251713
010    $a 978-2-916002-22-4 $b br. $d 14,50 EUR
020    $a FR $b 01230657
033    $a http://catalogue.bnf.fr/ark:/12148/cb42683282w
035    $a FRBNF426832820000003
073  0 $a 9782916002224
090    $a 251713
091    $b 20240506 $c 1 $a 2
099    $t LI $c 2014-06-30 $d 2024-05-06 $x 7
100    $a 20120607d2012    k  y0frey50      ba
101 0  $a fre
102    $a FR
105    $a ||||7   00|y|
106    $a r
181  0 $6 01 $a i  $b xxxe  
181    $6 02 $c txt $2 rdacontent
182  0 $6 01 $a n
182    $6 02 $c n $2 rdamedia
200 1  $a La danse contemporaine, une révolution réussie ? $b Texte imprimé $e manifeste pour une danse du présent et de l'avenir $f Patrick Germain-Thomas
210    $a Toulouse $c Éd. de l'Attribut $d DL 2012 $e 37-Monts $g Impr. Présence graphique
215    $a 1 vol. (193 p.) $c couv. ill. en coul. $d 19 cm
225    $a La culture en questions
300    $a Bibliogr. p. 192-193
328  0 $z Texte remanié de $b Thèse de doctorat $c Sociologie $e Paris-École des hautes études en sciences sociales $d 2010 $t Politique et marché de la danse contemporaine en France
330    $a Si la danse contemporaine a réussi sa révolution esthétique, elle doit consolider son modèle économique et son ancrage social. Dans cet ouvrage, issu d'une enquête de terrain dans le cadre d'une thèse de doctorat en sociologie, l'auteur, professeur d'économie et de gestion, propose une série d'actions pour une véritable reconnaissance de la danse contemporaine.
339    $a m
410  0 $0 39960419 $t Collection La Culture en questions $x 1773-5149 $d 2011
517 1  $a Politique et marché de la danse contemporaine en France
606    $3 12264578 $9 48232 $a Danse $x Politique publique $3 11931476 $9 109 $y France $3 12432924 $9 2858 $z 1990-2020 $2 rameau
606    $3 12568522 $9 47293 $a Danse contemporaine $3 12043784 $9 11705 $x Aspect économique $3 11931476 $9 109 $y France $2 rameau
676    $a 792.809 440904 $v 23
686    $a 792 $2 Cadre de classement de la Bibliographie nationale française
700    $3 12688601 $9 111853 $a Germain-Thomas $b Patrick $f 1961-.... $4 070
801  0 $a FR $b FR-751131015 $c 20120607 $g AFNOR $h FRBNF426832820000003 $2 intermrc
999    $a FRBNF426832820000003
995    $0 0 $2 0 $4 0 $5 2012-12-07 $9 288123 $P 14.50 $b MED $c MED $e MED1A $f C0005393947 $h AMVASDC $k Doc./788.1 REF $o 0 $p 14.50 $r PRETLIV $s DOC__788_100000000000000_REF $w 7 $y 2017-05-16 $7 FURET

