01773cam a2200421   4500
001 251873
003 http://www.mediathequederoubaix.fr/ark:/20179/KH251873
010    $a 978-2-271-07442-3 $b br. $d 20 EUR
020    $a FR $b 01262578
033    $a http://catalogue.bnf.fr/ark:/12148/cb427740053
035    $a FRBNF427740050000007
073  0 $a 9782271074423
090    $a 251873
091    $a 2 $b 20240506 $c 1
099    $t LI $c 2014-06-30 $d 2024-05-06 $x 2
100    $a 20121019d2012    m  h0frey50      ba
101 0  $a fre
102    $a FR
105    $a ||||z   00|y|
106    $a r
181  0 $6 01 $a i  $b xxxe  
181    $6 02 $c txt $2 rdacontent
182  0 $6 01 $a n
182    $6 02 $c n $2 rdamedia
200 1  $a Napoléon diplomate $b Texte imprimé $f Thierry Lentz
210    $a Paris $c CNRS éd. $d impr. 2012 $e 58-Clamecy $g Impr. Laballery
215    $a 1 vol. (266 p.) $c couv. ill. en coul. $d 22 cm
300    $a Bibliogr. p. 261-264
330    $a Consacrée à la politique extérieure de la France impériale, cette étude montre un Napoléon diplomate, attentif à la géopolitique.
339    $a m
600    $3 12008245 $9 8027 $a Napoléon $d Ier $f 1769-1821 $c empereur des Français $2 rameau
606    $3 11972887 $9 111953 $a Relations extérieures $y France $z 1792-1815 $2 rameau
676    $a 944.05 $v 23
686    $a 944 $2 Cadre de classement de la Bibliographie nationale française
700    $3 12095007 $9 30824 $o ISNI0000000121319246 $a Lentz $b Thierry $f 1959-.... $4 070
801  0 $a FR $b FR-751131015 $c 20121019 $g AFNOR $h FRBNF427740050000007 $2 intermrc
999    $a FRBNF427740050000007
995    $0 0 $2 0 $4 0 $5 2012-11-14 $9 288295 $P 20.00 $b MED $c MED $e MED3A $f C0005381401 $h ACFHSZZ $k Doc./945.1 NAP $o 0 $p 20.00 $r PRETLIV $s DOC___945_100000000000000_NAP $w 7 $y 2021-06-02 $7 Furet du Nord - Roubaix

