01821cam a2200409   4500
001 252220
003 http://www.mediathequederoubaix.fr/ark:/20179/KH252220
010    $a 978-2-8123-0611-2 $b br. $d 18,50 EUR
020    $a FR $b 01249193
033    $a http://catalogue.bnf.fr/ark:/12148/cb42740436w
035    $a FRBNF427404360000006
073  0 $a 9782812306112
090    $a 252220
091    $b 20240506 $c 1 $a 2
099    $t LI $c 2014-06-30 $d 2024-05-06 $x 10
100    $a 20120904d2012    m  y0frey50      ba
101 1  $a fre $c jpn
102    $a FR
105    $a ||||z   00|y|
106    $a r
181  0 $6 01 $a i  $b xxxe  
181    $6 02 $c txt $2 rdacontent
182  0 $6 01 $a n
182    $6 02 $c n $2 rdamedia
200 1  $a L'emballage, tout un art $b Texte imprimé $e présentez vos cadeaux avec originalité... $f [Hiroe Miyaoka] $g [traduit du japonais par Marcia Nishio]
210    $a Paris $c Éd. du Chêne-Hachette livre $d impr. 2012 $e impr. en Chine
215    $a 1 vol. (95 p.) $c ill. en noir et en coul., jaquette ill. en coul. $d 21 cm
330    $a Près de 30 idées de boîtes et d'emballages présentées pas à pas pour personnaliser ses cadeaux en utilisant des matériaux de récupération et des papiers décorés.
339    $a m
606    $3 11991853 $9 112133 $a Cadeaux $x Emballage $2 rameau
608    $3 11976167 $9 3372 $a Manuels d'amateurs $2 rameau
676    $a 745.54 $v 23
686    $a 740 $2 Cadre de classement de la Bibliographie nationale française
700    $3 16625207 $9 112134 $a Miyaoka $b Hiroe $4 070
801  0 $a FR $b FR-751131015 $c 20120904 $g AFNOR $h FRBNF427404360000006 $2 intermrc
999    $a FRBNF427404360000006
995    $0 0 $2 0 $4 0 $5 2012-11-14 $9 288656 $P 18.50 $b MED $c MED $e MED1A $f C0005381449 $h AAPATLC $k Doc./709 FET $o 0 $p 18.50 $r PRETLIV $s DOC___709_000000000000000_FET $w 15 $y 2023-01-17 $7 Furet du Nord - Roubaix

