01938cam a2200409   4500
001 252379
003 http://www.mediathequederoubaix.fr/ark:/20179/KH252379
010    $a 978-2-84893-121-0 $b br. $d 22,50 EUR
020    $a FR $b 01231106
033    $a http://catalogue.bnf.fr/ark:/12148/cb42678328c
035    $a FRBNF426783280000003
073  0 $a 9782848931210
090    $a 252379
091    $b 20240506 $c 1 $a 2
099    $t LI $c 2014-06-30 $d 2024-05-06 $x 2
100    $a 20120601d2012    m  y0frey50      ba
101 1  $a fre $c eng
102    $a FR
105    $a ||||z   00|a|
106    $a r
181  0 $6 01 $a i  $b xxxe  
181    $6 02 $c txt $2 rdacontent
182  0 $6 01 $a n
182    $6 02 $c n $2 rdamedia
200 1  $a Notre-Dame d'Alice Bhatti $b Texte imprimé $e roman $f Mohammed Hanif $g traduit de l'anglais (Pakistan) par Bernard Turle
210    $a [Paris] $c Éd. des 2 terres $d DL 2012 $e 61-Lonrai $g Normandie roto impr.
215    $a 1 vol. (356 p.) $c couv. ill. en coul. $d 21 cm
300    $a Glossaire
330    $a Alice Bhatti, chrétienne du Pakistan, est infirmière à l'hôpital du Sacré-Coeur. Elle y fait la connaissance de son futur mari, Teddy, musulman musclé travaillant pour la police locale. Prise pour une sainte grâce à ses dons de guérisseuse, elle ne cherche qu'à se libérer du système des castes, de la bureaucratie et de son propre mari.
339    $a m
454  1 $t Our lady of Alice Bhatti
686    $a 803 $2 Cadre de classement de la Bibliographie nationale française
700    $3 16129270 $9 276517 $o ISNI0000000109965034 $a Hanif $b Mohammed $f 1964-.... $4 070
702    $3 12050944 $9 19084 $o ISNI0000000370023147 $a Turle $b Bernard $f 1955-.... $4 730
801  0 $a FR $b FR-751131015 $c 20120601 $g AFNOR $h FRBNF426783280000003 $2 intermrc
999    $a FRBNF426783280000003
995    $0 0 $2 0 $4 0 $5 2012-12-14 $9 288833 $P 22.50 $b MED $c MED $e MED1A $f C0005345793 $h ALTROZZ $k R/HAN $o 0 $p 22.50 $r PRETLIV $s RHAN $w 3 $y 2023-02-01 $7 ALIZE-SFL

