02202cam a2200421   4500
001 252520
003 http://www.mediathequederoubaix.fr/ark:/20179/KH252520
010    $a 978-2-7071-6985-3 $b br. $d 32 EUR
020    $a FR $b 01305275
033    $a http://catalogue.bnf.fr/ark:/12148/cb42753683w
035    $a FRBNF427536830000004
073  0 $a 9782707169853
090    $a 252520
091    $b 20240506 $c 1 $a 2
099    $t LI $c 2014-06-30 $d 2024-05-06 $x 6
100    $a 20120925d2012    m  y0frey50      ba
101 0  $a fre
102    $a FR
105    $a ||||z   00|y|
106    $a r
181  0 $6 01 $a i  $b xxxe  
181    $6 02 $c txt $2 rdacontent
182  0 $6 01 $a n
182    $6 02 $c n $2 rdamedia
200 1  $a Histoire des mouvements sociaux en France $b Texte imprimé $e de 1814 à nos jours $f sous la direction de Michel Pigenet et Danielle Tartakowsky
210    $a Paris $c la Découverte $d impr. 2012 $e 18-Saint-Amand-Montrond $g Impr. CPI Bussière
215    $a 1 vol. (800 p.) $c couv. ill. en noir et en coul. $d 24 cm
300    $a Bibliogr. p. 759-762. Notes bibliogr. Index
330    $a Le livre est divisé en 4 parties chronologiques qui témoignent de la variété des formes de luttes et de mobilisations, depuis les mouvements sociaux précédent la 1ère industrialisation, en passant par la légalisation du fait syndical et la montée en puissance du mouvement ouvrier, jusqu'à l'explosion de mai 1968 et aux nouveaux mouvements sociaux des années 1980-1990.
339    $a m
606    $3 11947757 $9 35362 $a Mouvements sociaux $3 11931476 $9 109 $y France $3 14533294 $9 26772 $z 1800-.... $2 rameau
676    $a 303.484 094409 $v 23
686    $a 300 $2 Cadre de classement de la Bibliographie nationale française
702    $3 11919784 $9 112251 $o ISNI0000000121431473 $a Pigenet $b Michel $f 1948-.... $4 651
702    $3 11926054 $9 10454 $o ISNI0000000121413435 $a Tartakowsky $b Danielle $f 1947-.... $4 651
801  0 $a FR $b FR-751131015 $c 20120925 $g AFNOR $h FRBNF427536830000004 $2 intermrc
999    $a FRBNF427536830000004
995    $0 0 $2 0 $4 0 $5 2012-11-20 $9 288994 $P 32.00 $b MED $c MED $e MED3A $f C0005340842 $h ACFSSZZ $k Doc./303.6 HIS $o 0 $p 32.00 $r PRETLIV $s DOC__303_600000000000000_HIS $w 9 $y 2023-11-04 $7 Furet du Nord - Roubaix

