01320ng  a2200289   4500
001 252712
003 http://www.mediathequederoubaix.fr/ark:/20179/KH252712
005 20240506053619.0
035    $a HZ_nADAV147569
090    $a 252712
091    $a 1 $b 20240506 $c 0
099    $t VD $c 2014-06-30 $d 2024-05-06 $x 5
100    $a 20110901d2011    m  y0frey5003    ba
101    $a fre $c fre
102    $a FR
115    $a c055baizxax||||bkxx|
200    $a Fugue et autres courts métrages $b DVD $f Vincent Bierrewaerts, réal.
210    $a Roubaix $c Les Films du Nord $d 2011
215    $a 1 DVD (55 mn) $c Coul. ; Sonore
327    $a Pochette cartonnée de 4 pages.
330    $a Une rétrospective de l'oeuvre de Vincent Bierrewaerts qui rassemble ses films étudiants et professionnels... "Fugue" (12', 2011), "Le Portefeuille" (10', 2003), "Le Pont" (14', 2007), "Tij" (9', 2000), "Ses mains" (5', 1999), "Bouf" (5', 1998)), "El Vento" (2', 1998), "2" (1', 1998), "Bierts" (26", 1997).
339    $a m
345    $b 3770000869118 $d 34.99 EUR
606 0  $a Films d'animation $y France $z 1990-.... $x DVD $2 rameau
700  1 $4 300 $a Bierrewaerts $b Vincent
801  0 $a FR $b ADAV $c 20110901 $g AFNOR
995    $0 0 $2 0 $4 0 $5 2013-01-23 $9 289294 $P 25.20 $b MED $c MED $e MED1A $f C0005353958 $h AAPCGDA $k DVD/A FIL $o 0 $p 25.20 $r PRETDVD $s DVD_A_FIL $w 7 $y 2018-02-06 $7 ADAV

