02343cam a2200457   4500
001 252861
003 http://www.mediathequederoubaix.fr/ark:/20179/KH252861
010    $a 978-2-211-21152-9 $b br. $d 7,70 EUR
020    $a FR $b 01262009
033    $a http://catalogue.bnf.fr/ark:/12148/cb42768272j
035    $a FRBNF427682720000005
073  0 $a 9782211211529
090    $a 252861
091    $b 20240506 $c 1 $a 2
099    $t LI $c 2014-06-30 $d 2024-05-06 $x 11
100    $a 20121012d2012    a  y0frey50      ba
101 0  $a fre
102    $a FR
105    $a ||||z   00|a|
106    $a r
181  0 $6 01 $a i  $b xxxe  
181    $6 02 $c txt $2 rdacontent
182  0 $6 01 $a n
182    $6 02 $c n $2 rdamedia
200 1  $a Les fées, les ours et moi $b Texte imprimé $f Kéthévane Davrichewy $g illustrations de Kimiko
210    $a Paris $c l'École des loisirs $d DL 2012 $e 86-Ligugé $g CPI Aubin impr.
215    $a 1 vol. (44 p.) $c ill. en coul., couv. ill. en coul. $d 19 cm
225    $a Mouche
321    $a La Revue des livres pour enfants $x 0398-8384
329    $c Problème... $d 20120928 $f AE $2 CNLJ $k Avis critique donné par le Centre national de la littérature pour la jeunesse
330    $a Alors que son père prépare ses bagages pour partir en Afrique, Lola cherche partout ses ours en peluche, Kika, Neige et Bibou, qui ont disparu. Même si son frère Tom se moque d'elle, elle se demande si les fées, que sa voisine Avril dit avoir déjà vues, ne les ont pas emmenés avec elles.
333    $a À partir de 6 ans $2 CNLJ $k Avis critique donné par le Centre national de la littérature pour la jeunesse
339    $a a
410  0 $0 34247192 $t Mouche (Paris) $x 0988-0364 $d 2012
608    $a Premières lectures $2 CNLJ $k Avis critique donné par le Centre national de la littérature pour la jeunesse
686    $a 809 $2 Cadre de classement de la Bibliographie nationale française
700    $3 12538639 $9 3789 $o ISNI0000000121410787 $a Davrichewy $b Kéthévane $f 1965-.... $4 070
702    $3 12302893 $9 51978 $o ISNI0000000386814218 $a Kimiko $f 1963-.... $4 440
801  0 $a FR $b FR-751131015 $c 20121012 $g AFNOR $h FRBNF427682720000005 $2 intermrc
999    $a FRBNF427682720000005
995    $0 0 $2 0 $4 0 $5 2012-11-28 $9 289453 $P 7.70 $b MED $c MED $e MED0A $f C0005343362 $h JRORMZZ $k EXT PRE R/DAV $n 2024-06-29 $o 0 $p 7.70 $r PRETLIV $s EXT_PRE_RDAV $w 7 $y 2022-08-25 $7 Bateau Livre

