01743cam a2200373   4500
001 253016
003 http://www.mediathequederoubaix.fr/ark:/20179/KH253016
010    $a 978-2-283-02440-9 $b br. $d 14,50 EUR
020    $a FR $b 01019084
033    $a http://catalogue.bnf.fr/ark:/12148/cb42169735x
035    $a FRBNF421697350000007
073  0 $a 9782283024409
090    $a 253016
091    $b 20240506 $c 1 $a 2
099    $t LI $c 2014-06-30 $d 2024-05-06
100    $a 20100329d2010    m  y0frey50      ba
101 0  $a fre
102    $a FR
105    $a ||||z   00|a|
106    $a r
181  0 $6 01 $a i  $b xxxe  
181    $6 02 $c txt $2 rdacontent
182  0 $6 01 $a n
182    $6 02 $c n $2 rdamedia
200 1  $a La belle mauve $b Texte imprimé $e roman $f Teodoro Gilabert
210    $a Paris $c Buchet-Chastel $d impr. 2010 $e 53-Mayenne $g Impr. Floch
215    $a 1 vol. (186 p.) $c couv. ill. en coul. $d 19 cm
330    $a Un professeur de lettres classiques tombe follement amoureux d'une femme entrevue derrière la photocopieuse d'un lycée nantais, et tente de la retrouver. L'histoire serait simple s'il ne menait en parallèle d'autres expériences amoureuses : avec une Japonaise, fausse femme de diplomate, et surtout avec un chef-d'oeuvre du Musée des beaux-arts, La belle mauve de Martial Raysse.
339    $a m
686    $a 803 $2 Cadre de classement de la Bibliographie nationale française
700    $3 15722022 $9 97517 $o ISNI0000000054907020 $a Gilabert $b Teodoro $f 1963-.... $4 070
801  0 $a FR $b FR-751131015 $c 20100329 $g AFNOR $h FRBNF421697350000007 $2 intermrc
999    $a FRBNF421697350000007
995    $0 0 $2 0 $4 0 $5 2012-12-20 $9 289644 $P 14.70 $b MED $c MED $e MED1A $f C0005346448 $h ALTROZZ $k R/GIL $o 0 $p 14.70 $r PRETLIV $s RGIL $w 0 $y 2016-08-03 $7 ALIZE-SFL

