02026cam a2200445   4500
001 253189
003 http://www.mediathequederoubaix.fr/ark:/20179/KH253189
010    $a 978-2-84899-565-6 $b br. $d 23 EUR
020    $a FR $b 01260335
033    $a http://catalogue.bnf.fr/ark:/12148/cb42784424p
035    $a FRBNF427844240000008
073  0 $a 9782848995656
090    $a 253189
091    $b 20240506 $c 1 $a 2
099    $t LI $c 2014-06-30 $d 2024-05-06 $x 42
100    $a 20121106d2012    m  y0frey50      ba
101 0  $a fre
102    $a FR
105    $a ||||z   00|y|
106    $a r
181  0 $6 01 $a i  $b xxxe  
181    $6 02 $c txt $2 rdacontent
182  0 $6 01 $a n
182    $6 02 $c n $2 rdamedia
200 1  $a Ma bible des trucs de santé $b Texte imprimé $f Sophie Lacoste,...
210    $a Paris $c Leduc.s $d DL 2012 $e 86-Ligugé $g CPI Aubin impr.
215    $a 1 vol. (441 p.) $c ill., couv. ill. en coul. $d 23 cm
300    $a La couv. porte en plus : "les remèdes indispensables..., "les meilleurs soins naturels et les préparations... "de A comme abcès à Z comme zona"...
300    $a Index
330    $a Compilation des remèdes traditionnels les plus efficaces, des soins naturels, des préparations à réaliser soi-même, et tous les petits trucs pour soigner les maux du quotidien.
339    $a m
606    $3 11933130 $9 12870 $a Phytothérapie $2 rameau
606    $3 11946844 $9 85669 $a Produits naturels $3 11975694 $9 5725 $x Emploi en thérapeutique $2 rameau
608    $3 11975688 $9 1606 $a Guides pratiques $2 rameau
676    $a 615.88 $v 23
686    $a 610 $2 Cadre de classement de la Bibliographie nationale française
700    $3 13201822 $9 112472 $o ISNI0000000063066796 $a Lacoste $b Sophie $f 1967-.... $4 070
801  0 $a FR $b FR-751131015 $c 20121106 $g AFNOR $h FRBNF427844240000008 $2 intermrc
999    $a FRBNF427844240000008
995    $0 0 $2 0 $4 0 $5 2012-11-30 $9 289815 $P 23.00 $b MED $c MED $e MED1A $f C0005344093 $h AAPPLMS $k Doc./613 SAN $o 0 $p 23.00 $r PRETLIV $s DOC___613_000000000000000_SAN $w 49 $y 2024-01-20 $7 Furet du Nord - Roubaix

