01578ca  a22003251i 4500
001 253405
003 http://www.mediathequederoubaix.fr/ark:/20179/KH253405
005 20240506075000.0
010    $a 978-3-8480-0079-1 $b Rel. sous jaquette $d 39.95 EUR
035    $a HZ_ELC1427943
090    $a 253405
091    $a 2 $b 20240506 $c 0 $s http://www.sudoc.fr/166995479 $m 3
099    $t LI $c 2014-06-30 $d 2024-05-06 $x 3
100    $a 20121023d2012    m  |0frey5003||||ba
101    $a fre
102    $a DE
105    $a a       0||y|
106    $a r
200    $a Classica, la vie et l'oeuvre des grands compositeurs
210    $a Cologne (Allemagne) $c Ullmann $d 2012
215    $a 1 vol. (512 p.) $c illustrations en noir et en couleur $d 33 x 25 cm
330    $a Cette encyclopédie explore la vie et l'oeuvre des compositeurs qui ont marqué l'histoire de la musique classique du Moyen Age à nos jours. Illustré de centaines de documents, partitions, frises chronologiques, elle évoque les chants grégoriens, les madriguaux de la Renaissance, la musique baroque, les concertos et symphonies de la période classique mais aussi les salles de concert.
333    $a Tout public
339    $a m
345    $b 9783848000791
606 0  $a Compositeurs $x Encyclopédies $2 rameau
676    $a 782 $v 22
801  3 $a FR $b Electre $c 20121023 $g AFNOR
830    $a ELECTREAdu/Hervé/furet_sur_place/dec2012 20121205
995    $0 0 $2 0 $4 0 $5 2013-02-13 $9 290124 $P 39.95 $b MED $c MED $e MED1A $f C0005354887 $h AMV30ZZ $k Doc./782 ABC $o 0 $p 39.95 $r PRETLIV $s DOC___782_000000000000000_ABC $w 5 $y 2021-08-21 $7 Furet du Nord - Roubaix

