02281cam a2200457   4500
001 253533
003 http://www.mediathequederoubaix.fr/ark:/20179/KH253533
010    $a 978-2-7470-2913-1 $b br. $d 5,50 EUR
020    $a FR $b 01256717
033    $a http://catalogue.bnf.fr/ark:/12148/cb42761581n
035    $a FRBNF427615810000009
073  0 $a 9782747029131
090    $a 253533
091    $b 20240506 $c 1 $a 2
099    $t LI $c 2014-06-30 $d 2024-05-06 $x 11
100    $a 20121004d2012    a  y0frey50      ba
101 1  $a fre $c eng
102    $a FR
105    $a ||||z   00|a|
106    $a r
181  0 $6 01 $a i  $b xxxe  
181    $6 02 $c txt $2 rdacontent
182  0 $6 01 $a n
182    $6 02 $c n $2 rdamedia
200 1  $a La malédiction de la famille Bonsoir $b Texte imprimé $f Chris Mould $g traduit de l'anglais (G.-B.) par Vanessa Rubio-Barreau
210    $a Montrouge $c Bayard jeunesse $d DL 2012 $e impr. en Italie
215    $a 1 vol. (178 p.) $c ill., couv. ill. $d 19 cm
225 19 $a Histoires bizarres de Balthazar $v 4
321    $a La Revue des livres pour enfants $x 0398-8384
329    $c Pourquoi pas ? $d 20121116 $f CBO $2 CNLJ $k Avis critique donné par le Centre national de la littérature pour la jeunesse
330    $a Balthazar se fait du souci. Sur la petite île de La Roche-Crampon, une étrange famille affirme être propriétaire du manoir du Bougeoir, qui est pourtant bien à lui. Il paraîtrait que leurs enfants ont un serpent à deux têtes pour animal de compagnie.
333    $a À partir de 9 ans $2 CNLJ $k Avis critique donné par le Centre national de la littérature pour la jeunesse
339    $a a
454  1 $t Something wickedly weird
608    $a Romans $2 CNLJ $k Avis critique donné par le Centre national de la littérature pour la jeunesse
686    $a 809 $2 Cadre de classement de la Bibliographie nationale française
700    $3 13079287 $9 107467 $o ISNI000000006652318X $a Mould $b Chris $4 070
702    $3 13344227 $9 58450 $o ISNI0000000073649143 $a Rubio-Barreau $b Vanessa $4 730
801  0 $a FR $b FR-751131015 $c 20121004 $g AFNOR $h FRBNF427615810000009 $2 intermrc
999    $a FRBNF427615810000009
995    $0 0 $2 0 $4 0 $5 2013-08-07 $9 290266 $P 5.50 $b MED $c MED $e MED0A $f C0005460671 $h JROROZZ $k EXT E R/MOU $o 0 $p 5.50 $r PRETLIV $s EXT_E_RMOU $w 5 $y 2021-06-10 $7 Bateau Livre

