02340cam a2200481   4500
001 253724
003 http://www.mediathequederoubaix.fr/ark:/20179/KH253724
010    $a 978-2-7324-3857-3 $b rel. $d 40 EUR
020    $a FR $b 01003888
033    $a http://catalogue.bnf.fr/ark:/12148/cb42112424q
035    $a FRBNF421124240000007
073  0 $a 9782732438573
090    $a 253724
091    $b 20240506 $c 1 $a 2
099    $t LI $c 2014-06-30 $d 2024-05-06 $x 6
100    $a 20091209d2009    m  y0frey50      ba
101 0  $a fre $g fre
102    $a FR
105    $a ||||z   00|y|
106    $a r
181  0 $6 01 $a i  $b xxxe  
181    $6 02 $c txt $2 rdacontent
182  0 $6 01 $a n
182    $6 02 $c n $2 rdamedia
200 1  $a La magie de Marrakech $b Texte imprimé $e intérieurs d'exception $f Barbara et René Stoeltie $g préface de Bernard-Henri Lévy
210    $a Paris $c Éd. de La Martinière $d DL 2009 $e impr. en Italie
215    $a 1 vol. (non paginé [176] p.) $c nombreuses ill. en coul., jaquette ill. en coul. $d 34 cm
300    $a Glossaire
304    $6 a01 $7 ba $a Mention parallèle de titre ou de responsabilité : Siḥr Marrākuš
304    $6 a01 $7 fa $a Mention parallèle de titre ou de responsabilité : سحر مراكش
330    $a L'art de vivre à Marrakech à travers des intérieurs de riads et de palais réinvestis par des décorateurs, des écrivains, des poètes, des peintres, des musiciens, venus du monde entier.
339    $a m
510 1  $6 a01 $7 ba $z ara $a Siḥr Marrākuš
510 1  $6 a01 $7 fa $z ara $a سحر مراكش
606    $3 13162865 $9 5206 $a Décoration intérieure $3 11933506 $9 66643 $y Marrakech (Maroc) $2 rameau
606    $3 11942284 $9 8623 $a Habitations $x Aménagement $3 11933506 $9 66643 $y Marrakech (Maroc) $2 rameau
676    $a 747.096 4 $v 23
686    $a 740 $2 Cadre de classement de la Bibliographie nationale française
700    $3 13192844 $9 62786 $o ISNI0000000116906497 $a Stoeltie $b Barbara $f 1944-.... $4 070
701    $3 13192843 $9 62785 $o ISNI0000000118672399 $a Stoeltie $b René $f 1957-.... $4 070
801  0 $a FR $b FR-751131015 $c 20091209 $g AFNOR $h FRBNF421124240000007 $2 intermrc
999    $a FRBNF421124240000007
995    $0 0 $2 0 $4 0 $5 2012-12-20 $9 290461 $P 20.00 $b MED $c MED $e MED1A $f C0005454303 $h AAPPLGO $k Doc./906 MAG $o 0 $p 20.00 $r PRETLIV $s DOC__906_000000000000000_MAG $w 10 $y 2019-09-05 $7 Furet du Nord - Roubaix

