02124cam a2200421   4500
001 253937
003 http://www.mediathequederoubaix.fr/ark:/20179/KH253937
010    $a 978-2-253-11554-0 $b br. $d 5,50 EUR
020    $a FR $b 00750537
033    $a http://catalogue.bnf.fr/ark:/12148/cb41122385q
035    $a FRBNF411223850000009
073  0 $a 9782253115540
090    $a 253937
091    $b 20240507 $c 1 $a 2
099    $t LI $c 2014-06-30 $d 2024-05-07 $x 56
100    $a 20071003d2007    m  y0frey50      ba
101 0  $a fre
102    $a FR
105    $a ||||z   00|a|
106    $a r
181  0 $6 01 $a i  $b xxxe  
181    $6 02 $c txt $2 rdacontent
182  0 $6 01 $a n
182    $6 02 $c n $2 rdamedia
200 1  $a La petite fille de monsieur Linh $b Texte imprimé $e roman $f Philippe Claudel
210    $a Paris $c Librairie générale française $d impr. 2007 $e impr. en Espagne
215    $a 1 vol. (183 p.) $c couv. ill. en coul. $d 18 cm
225    $a Le livre de poche $v 30831
330    $a Monsieur Linh est un vieil homme. Il a quitté son village du Vietnam dévasté par la guerre, n'emportant avec lui qu'une valise contenant quelques vêtements usagés, une photo jaunie, une poignée de terre de son pays et avec un nouveau-né dans ses bras, Sang Diû, sa petite-fille qui a perdu ses parents. Après un long voyage en bateau, il arrive dans une ville froide et grise, avec d'autres réfugiés.
339    $a m
410  0 $0 34228560 $t Le Livre de poche $x 0248-3653 $v 30831
608    $a Romans $2 CNLJ $k Avis critique donné par le Centre national de la littérature pour la jeunesse
686    $a 803 $2 Cadre de classement de la Bibliographie nationale française
700    $3 13340415 $9 47307 $o ISNI0000000114628278 $a Claudel $b Philippe $f 1962-.... $4 070
801  0 $a FR $b FR-751131015 $c 20071003 $g AFNOR $h FRBNF411223850000009 $2 intermrc
999    $a FRBNF411223850000009
995    $0 0 $2 0 $4 0 $5 2019-06-19 $9 395308 $b MED $c MED $e MED1A $f C1400006183 $h ALTROZZ $k R/CLA $o 0 $p 5.90 $r PRETLIV $s R_CLA $w 12 $y 2024-05-02
995    $0 0 $2 0 $4 0 $5 2020-12-03 $9 418091 $b MED $c MED $e MED0C $f C1400008756 $h ALTFAZZ $k FAL $o 0 $p 5.90 $r PRETLIV $s FAL $w 10 $y 2024-03-15

