01489nj  a22003252  4500
001 254110
003 http://www.mediathequederoubaix.fr/ark:/20179/KH254110
005 20240507020142.0
035    $a HZ_TMB497897
071 01 $a PA0011 $b Paradizo
090    $a 254110
091    $a 1 $b 20240507 $c 0
099    $t DC $c 2014-06-30 $d 2024-05-07 $x 3
100    $a 20121219f20122012m  y0frey5003    ba
101    $a fre
200    $a Terpsichore $b Enr. sonore $e Muse of the dance $f Michael Praetorius, William Brade, comp. $g Capriccio Stravagante Renaissance Orchestra $g Skip Sempé, dir.
210    $d P 2012
215    $a 1 d.c. $e 1 Livret (27 p.; 12 cm)
327    $a Ballo I $a Ballo II $a Ballo III $a Ballo IV
339    $a m
345    $a CDMAIL $b 5425019972110
606 0  $a Musique $y Allemagne $z 17e siècle $x Disques $2 rameau
606 0  $7 ba0yba0y $8 fre    $3 12405219 $9 18380 $a Ballet de cour $x Disques $y Allemagne $2 rameau
679    $a 3 $c 22
700    $7 ba0yba0y $8 fre    $a Praetorius $b Michael $f 1571-1621 $3 13898645 $9 9644
701  1 $7 ba0yba0y $8 fre    $3 14852343 $9 107011 $7 ba0yba0y $8 fre    $a Brade $b William $f 1560-1630
702    $7 ba0yba0y $8 fre    $a Sempé $b Skip $f 1958-.... $3 13939469 $9 18147
712    $7 ba0yba0y $8 fre    $a Capriccio stravagante $3 13939468 $9 20724
801  0 $a FR $b CDMAIL $c 20130123 $g AFNOR
995    $0 0 $2 0 $4 0 $5 2013-01-18 $9 290869 $P 17.28 $b MED $c MED $e MED3C $f C0005353859 $h AMV30ZZ $k DC/3 PRA CONCERTS $l contient 1 DC + 1 livret $o 0 $p 17.28 $r PRETSON $s DC_3_000000000000000_PRA_CONCERTS $w 6 $y 2019-03-30 $7 CDMail $A 0

