00918na  a2200241 n 4500
001 254390
003 http://www.mediathequederoubaix.fr/ark:/20179/KH254390
005 20240507020225.0
010    $a 9781449433253
035    $a HZ_
090    $a 254390
091    $a 2 $b 20240507 $c 0 $s http://www.sudoc.fr/166295884 $m 3
099    $t LI $c 2014-06-30 $d 2024-05-07 $x 16
100    $a 20140630 2012         frey50        
101    $c eng $a    
200    $a Calvin and Hobbes $e the complete $h book two $e 1987-1989
210    $a London $c Andrews McMeel $d 2012
215    $a 351 p. $c ill. en coul., couv. ill. en coul. $d 24 cm
225 2  $a Calvin and Hobbes
339    $a m
700    $7 ba0yba0y $8 fre    $a Watterson $b Bill $f 1958-.... $3 12069384 $9 16536
801    $a FR $b 595126101 $c 20130207 $g AFNOR
995    $0 0 $2 0 $4 0 $5 2013-02-07 $9 291137 $P 95.49 $b MED $c MED $e MED3A $f C0005348633 $h ACFLALE $k ANGLAIS BD/WAT $o 0 $p 95.49 $r PRETLIV $s ANGLAIS_BD_WAT $w 22 $y 2024-02-10

