01516cam a2200373   4500
001 254558
003 http://www.mediathequederoubaix.fr/ark:/20179/KH254558
010    $a 978-2-07-013959-0 $b br. $d 9,50 EUR
020    $a FR $b 01317457
033    $a http://catalogue.bnf.fr/ark:/12148/cb43552404r
035    $a FRBNF435524040000001
073  0 $a 9782070139590
090    $a 254558
091    $b 20240507 $c 1 $a 2
099    $t LI $c 2014-06-30 $d 2024-05-07 $x 2
100    $a 20130313d2013    m  y0frey50      ba
101 0  $a fre
102    $a FR
105    $a ||||z   00|a|
106    $a r
181  0 $6 01 $a i  $b xxxe  
181    $6 02 $c txt $2 rdacontent
182  0 $6 01 $a n
182    $6 02 $c n $2 rdamedia
200 1  $a Pendant les combats $b Texte imprimé $e roman $f Sébastien Ménestrier
210    $a [Paris] $c Gallimard $d impr. 2013 $e 58-Clamecy $g Impr. Laballery
215    $a 1 vol. (92 p.) $d 19 cm
330    $a A la campagne, sous l'Occupation, deux amis d'enfance, Ménile et Joseph, s'engagent dans la Résistance. Arrêté et torturé, Ménile finit par livrer Joseph.
339    $a m
686    $a 803 $2 Cadre de classement de la Bibliographie nationale française
700    $3 16069882 $9 112831 $o ISNI0000000062919566 $a Ménestrier $b Sébastien $f 1979-.... $4 070
801  0 $a FR $b FR-751131015 $c 20130313 $g AFNOR $h FRBNF435524040000001 $2 intermrc
999    $a FRBNF435524040000001
995    $0 0 $2 0 $4 0 $5 2013-02-27 $9 291314 $P 9.50 $b MED $c MED $e MED1A $f C0005609758 $h ALTROZZ $k R/MEN $o 0 $p 9.50 $r PRETLIV $s RMEN $w 5 $y 2016-08-04 $7 ALIZE-SFL

