02151cam a2200505   4500
001 254696
003 http://www.mediathequederoubaix.fr/ark:/20179/KH254696
010    $a 2-7081-3515-5 $b br. $d 10 EUR
020    $a FR $b 00344214
033    $a http://catalogue.bnf.fr/ark:/12148/cb39084422n
035    $a FRBNF390844220000006
090    $a 254696
091    $b 20240507 $c 1 $a 2
099    $t LI $c 2014-06-30 $d 2024-05-07 $x 7
100    $a 20031103d2003    m  y0frey50      ba
101 0  $a fre
102    $a FR
105    $a ||||z   00|y|
106    $a r
181  0 $6 01 $a i  $b xxxe  
181    $6 02 $c txt $2 rdacontent
182  0 $6 01 $a n
182    $6 02 $c n $2 rdamedia
200 1  $a Votre CV sur le Net $b Texte imprimé $f Sébastien Bailly
210    $a Paris $c Eyrolles $d 2003 $e impr. en Allemagne
215    $a 175 p. $c ill., couv. ill. en coul. $d 21 cm
225    $a Eyrolles pratique $e vie quotidienne
300    $a La couv. porte en plus : "guide complet de la recherche d'emploi sur Internet"
300    $a En appendice, choix de documents
300    $a Glossaire
312    $a Autre forme de titre : Votre curriculum vitae sur le Net
330    $a Une méthode complète pour mettre en ligne son CV et faire des recherches sur le Web.
339    $a m
410  0 $0 39092399 $t Eyrolles pratique $x 1763-2552 $d 2003
517 1  $a Votre curriculum vitae sur le Net
606    $3 11981419 $9 65818 $a Curriculum vitae $3 11931476 $9 109 $y France $2 rameau
606    $3 13188790 $9 112885 $a Recherche d'emploi sur Internet $3 11931476 $9 109 $y France $2 rameau
608    $3 11975688 $9 1606 $a Guides pratiques $2 rameau
676    $a 650.142 $v 23
686    $a 650 $2 Cadre de classement de la Bibliographie nationale française
700    $3 13020848 $9 108736 $o ISNI000000004423351X $a Bailly $b Sébastien $4 070
701    $3 12168135 $9 112886 $o ISNI0000000066451374 $a Marzé $b Jo $4 070
801  0 $a FR $b FR-751131015 $c 20031103 $g AFNOR $h FRBNF390844220000006 $2 intermrc
999    $a FRBNF390844220000006
995    $0 0 $2 0 $4 0 $5 2013-04-03 $9 291450 $P 10.00 $b MED $c MED $e MED3A $f C0005389361 $h ACFRUZZ $k Doc./043 CV $o 0 $p 10.00 $r PRETLIV $s DOC__043_000000000000000_CV $w 10 $y 2018-07-26 $7 ALIZE-SFL

