01627nj  a22002892  4500
001 254903
003 http://www.mediathequederoubaix.fr/ark:/20179/KH254903
005 20240507021226.0
071 01 $a 3994472 $b Universal Music
090    $a 254903
091    $a 1 $b 20240507 $c 0
099    $t DC $c 2014-06-30 $d 2024-05-07 $x 16
100    $a 20130220f20122012m  y0frey5003    ba
101    $a fre
200    $a Ernest et Celestine $b Enr. sonore $f Vincent Courtois, comp. $g Thomas Fersen, textes, voc. $g Lambert Wilson, voc.
210    $d P 2012
215    $a 1 d.c. $e 1 Livret (n.p.; 12 cm)
327    $a La chanson d'Ernest et Célestine / Thomas Fersen $a Variations sur le thème de Célestine $a La chanson d'Ernest / Lambert Wilson $a Variations sur le thème d'Ernest $a Ernest au piano $a Varation sur le thème de l'amitié $a L'amitié en un solo... $a Variations sur le thème du monde du dessous $a Variations du temps, de l'hiver au printemps... $a La grise $a Les suspects sont arretés $a L'incendie $a Les retrouvailles d'Ernest et Célestine $a La chanson d'Ernest et Célestine (version longue)
339    $a a
345    $a CDMAIL $b 3299039944721
606 0  $a Musique de film $x Disques $2 rameau
679    $a 722
700  1 $a Courtois $b Vincent $f 1968-....
702    $7 ba0yba0y $8 fre    $a Fersen $b Thomas $f 1963-.... $3 13932679 $9 14426
702    $7 ba0yba0y $8 fre    $a Wilson $b Lambert $f 1958-.... $3 13901226 $9 7483
801  0 $a FR $b CDMAIL $c 20130228 $g AFNOR
995    $0 0 $2 0 $4 0 $5 2013-02-27 $9 291671 $P 13.48 $b MED $c MED $e MED2A $f C0005355457 $h JMUEFZZ $k DC/722 COU $o 0 $p 13.48 $r PRETSON $s DC_722_000000000000000_COU $u Contient : 1 CD + 1 livret manquant. $w 28 $y 2024-04-04 $7 CDMail

