02257ng  a22004571i 4500
001 255036
003 http://www.mediathequederoubaix.fr/ark:/20179/KH255036
005 20240507022009.0
010    $d 41,44 EUR
090    $a 255036
091    $a 1 $b 20240507 $c 0
099    $t VD $c 2014-06-30 $d 2024-05-07 $x 40
100    $a 20130308d2007    u  y0frey5003    ba
101    $a fre $j fre $a dan
102    $a DK
200    $a The Killing $b DVD $e Saison 1 - Vol 2 $f Charlotte Sieling, réal. $g Henrik Ruben Genz, réal. $g Sofie Grabol, Lars Mikkelsen, Bjarne Henriksen... [et al.], act. $g Per Daumiller, Torleif Hoppe, Soren Sveistrup, scénario $g Frans Bak, mus.
210    $c Universal Picture Vidéo $d 2011
215    $a 4 DVD (9h 23min) $c 16/9 compatible 4/3, Dolby Digital 2.0
300    $a Aucun
300    $a Prêt
330    $a Les 10 derniers jours de l'enquête et de ces 3 histoires qui se croisent autour d'un même meurtre : la police, la famille en deuil sous le choc et le politicien en pleine campagne électorale. Dans un labyrinthe de fausses routes et de secrets, les policiers en charge de l'affaire cumulent les pistes, les suspects et les erreurs. Les conséquences seront lourdes, parfois dramatiques, dans la vie des uns et des autres... 10 épisodes.
339    $a m
510    $a Forbrydelsen
606 0  $a Séries télévisées $y Danemark $x DVD $2 rameau
700  1 $4 300 $a Sieling $b Charlotte
701  1 $4 300 $a Arnfred $b Morten
701  1 $4 300 $a Fabian Wullenweber $b Hans
701  1 $4 300 $a Kohlert $b Morten
701  1 $4 300 $a Nyholm $b Kristoffer
701  1 $4 300 $a Ruben Genz $b Henrik
702  1 $4 230 $a Bak $b Frans
702  1 $4 690 $a Daumiller $b Per
702  1 $4 005 $a Eleonora Jorgensen $b Ann
702  1 $a Henriksen $b Bjarne $f 1959-.... $4 005
702  1 $4 690 $a Hoppe $b Torleif
702  1 $a Mikkelsen $b Lars $f 1964-.... $4 005
702  1 $4 690 $a W. Horsten $b Michael
702    $7 ba0yba0y $8 fre    $a Gråbøl $b Sofie $f 1968-.... $3 14183792 $4 005 $9 107263
702    $7 ba0yba0y $8 fre    $a Sveistrup $b Søren $f 1968-.... $3 16538792 $4 690 $9 291640
801  0 $a FR $b COLACO $c 20130308 $g AFNOR
995    $0 0 $2 0 $4 0 $5 2013-04-05 $9 291816 $P 41.44 $b MED $c MED $e MED1A $f C0005330271 $h AAPCITV $k DVD/F KIL $l Contient 4 DVD $o 0 $p 41.44 $r PRETDVD $s DVD_F_KIL $w 44 $y 2024-02-27 $7 COLACO

