01894cam a2200433   4500
001 255201
003 http://www.mediathequederoubaix.fr/ark:/20179/KH255201
010    $a 978-2-228-90850-4 $b br. $d 10 EUR
020    $a FR $b 01305078
033    $a http://catalogue.bnf.fr/ark:/12148/cb43521362s
035    $a FRBNF435213620000004
073  0 $a 9782228908504
090    $a 255201
091    $b 20240507 $c 1 $a 2
099    $t LI $c 2014-06-30 $d 2024-05-07 $x 9
100    $a 20130124d2012    m  y0frey50      ba
101 0  $a fre
102    $a FR
105    $a ||||z   00|y|
106    $a r
181  0 $6 01 $a i  $b xxxe  
181    $6 02 $c txt $2 rdacontent
182  0 $6 01 $a n
182    $6 02 $c n $2 rdamedia
200 1  $a La vie qui unit et qui sépare $b Texte imprimé $f Frédéric Worms
210    $a Paris $c Éd. Payot & Rivages $d impr. 2012 $e 14-Condé-sur-Noireau $g Corlet impr.
215    $a 1 vol. (88 p.) $c couv. ill. en coul. $d 20 cm
225    $a Manuels Payot
300    $a Reprise développée et transformée d'un article paru en 2004 sous le titre "La vie qui unit et qui sépare ? La question philosophique du sens de la vie aujourd'hui"
330    $a Les expériences relationnelles donnent ou enlèvent le sens à la vie de chacun. La vie ne peut donc être que relationnelle.
339    $a m
410  0 $0 34293267 $t Manuels Payot (Paris) $x 1281-5888 $d 2012
606    $3 11933780 $9 17213 $a Vie $2 rameau
676    $a 113.8 $v 23
686    $a 100 $2 Cadre de classement de la Bibliographie nationale française
700    $3 12253941 $9 39534 $o ISNI0000000123197895 $a Worms $b Frédéric $f 1964-.... $4 070
801  0 $a FR $b FR-751131015 $c 20130124 $g AFNOR $h FRBNF435213620000004 $2 intermrc
999    $a FRBNF435213620000004
995    $0 0 $2 0 $4 0 $5 2013-03-08 $9 291976 $P 10.00 $b MED $c MED $e MED3A $f C0005455584 $h ACFPHZZ $k Doc./120 MET $o 0 $p 10.00 $r PRETLIV $s DOC___120_000000000000000_MET $w 16 $y 2022-12-23 $7 ALIZE-SFL

