00850nj  a2200217 n 4500
001 255349
003 http://www.mediathequederoubaix.fr/ark:/20179/KH255349
005 20240507022159.0
071 01 $a 802771/772 LY $b Philips
090    $a 255349
091    $a 1 $b 20240507 $c 0
099    $t DV $c 2014-06-30 $d 2024-05-07
100    $a 20140630              frey50        
101    $a fre
200    $a Passion selon St Luc $b Enr. sonore $f K. Penderecki, comp.
215    $a 2 disques $c 33 t $d 30cm $e 1 livret (n.p. ; 30 m)
339    $a m
679    $a 3
700    $7 ba0yba0y $8 fre    $a Penderecki $b Krzysztof $f 1933-2020 $3 13898343 $9 19385
801    $a FR $b 595126101 $c 20130315 $g AFNOR
995    $0 0 $2 0 $4 0 $5 2013-03-15 $9 292162 $P 10.00 $b MED $c MED $e MED1A $f C0005356065 $h AMV39ZZ $k DISQ 30/4 PEN $l contient 2 disques + 1 livret $o 0 $p 10.00 $r PRETSON $s DISQ_30_400000000000000_PEN $w 0 $y 2014-06-30

