01941cam a2200397   4500
001 255646
003 http://www.mediathequederoubaix.fr/ark:/20179/KH255646
010    $a 978-2-246-79022-8 $b br. $d 22,90 EUR
020    $a FR $b 01306650
033    $a http://catalogue.bnf.fr/ark:/12148/cb435258655
035    $a FRBNF435258650000001
073  0 $a 9782246790228
090    $a 255646
091    $b 20240507 $c 1 $a 2
099    $t LI $c 2014-06-30 $d 2024-05-07 $x 10
100    $a 20130201d2013    m  y0frey50      ba
101 1  $a fre $c ger
102    $a FR
105    $a ||||z   00|a|
106    $a r
181  0 $6 01 $a i  $b xxxe  
181    $6 02 $c txt $2 rdacontent
182  0 $6 01 $a n
182    $6 02 $c n $2 rdamedia
200 1  $a Retour indésirable $b Texte imprimé $e roman $f Charles Lewinsky $g traduit de l'allemand par Léa Marcou
210    $a Paris $c B. Grasset $d impr. 2013 $e 18-Saint-Amand-Montrond $g Impr. CPI Bussière
215    $a 1 vol. (507 p.) $c ill., jaquette ill. $d 23 cm
330    $a Biographie romancée de l'acteur et metteur en scène allemand Gerron (1897-1944). Issu d'une famille juive, il combat au sein de la Wehrmacht durant la Première Guerre. Au cours des années 1920, il accède au statut de vedette, tournant avec Brecht et M. Dietrich. L'avènement de Hitler le conduit à quitter Berlin pour Paris, puis Amsterdam. Il sera déporté et périra lors de l'invasion nazie.
339    $a m
454  1 $t Gerron
686    $a 803 $2 Cadre de classement de la Bibliographie nationale française
700    $3 13619179 $9 97987 $o ISNI0000000374362736 $a Lewinsky $b Charles $f 1946-.... $4 070
702    $3 11914471 $9 2270 $o ISNI0000000115567956 $a Marcou $b Léa $f 1933-2016 $4 730
801  0 $a FR $b FR-751131015 $c 20130201 $g AFNOR $h FRBNF435258650000001 $2 intermrc
999    $a FRBNF435258650000001
995    $0 0 $2 0 $4 0 $5 2013-03-23 $9 292528 $P 22.90 $b MED $c MED $e MED1A $f C0005349425 $h ALTROBI $k RB/LEW $o 0 $p 22.90 $r PRETLIV $s RB_LEW $w 16 $y 2024-01-09 $7 ALIZE-SFL

