01872cam a2200397   4500
001 255805
003 http://www.mediathequederoubaix.fr/ark:/20179/KH255805
010    $a 978-2-8036-3108-7 $b rel. $d 10,60 EUR
020    $a FR $b 01259193
033    $a http://catalogue.bnf.fr/ark:/12148/cb42772801f
035    $a FRBNF427728010000002
073  0 $a 9782803631087
090    $a 255805
091    $b 20230113 $c 1 $a 0
099    $t LI $c 2014-06-30 $d 2024-04-20 $x 137
100    $a 20121018d2012    m  y0frey50      ba
101 0  $a fre
102    $a BE
105    $a ||||t   00|a|
106    $a r
200 1  $a Léonard $b Texte imprimé $f Turk & De Groot $g couleurs, Kaël $h 43 $i Super-Génie
210    $a Bruxelles $a [Paris] $c le Lombard $d DL 2012 $e impr. en Belgique
215    $a 1 vol. (48 p.) $c ill. en coul., couv. ill. en coul. $d 30 cm
225 19 $a Léonard $v 43
300    $a Le livre contient une adresse Internet permettant l'accès à un contenu complémentaire
321    $a La Revue des livres pour enfants $x 0398-8384
330    $a Léonard, son disciple, Mathurine et Raoul en ont assez de prendre des coups. Léonard invente alors une potion magique qui donne une force surhumaine...
333    $a À partir de 9 ans
339    $a a
608    $a Bandes dessinées $2 CNLJ
686    $2 Cadre de classement de la Bibliographie nationale française
700    $3 11927265 $9 4654 $a Turk $f 1947-.... $4 070
701    $3 11898890 $9 4655 $a De Groot $b Bob $f 1941-.... $4 070
801  0 $a FR $b FR-751131015 $c 20121018 $g AFNOR $h FRBNF427728010000002 $2 intermrc
995    $0 0 $2 0 $4 0 $5 2013-08-01 $9 292741 $P 10.60 $b MED $c MED $e MED2A $f C0005549979 $h JBDSRZZ $k E BD/SERIES $n 2024-06-01 $o 0 $p 10.60 $r PRETLIV $s E_BD_SERIES $w 137 $y 2024-04-20 $7 BD fugue
995    $0 0 $2 0 $4 0 $5 2013-04-03 $9 292742 $P 10.60 $b MED $c MED $e MED0A $f C0005005241 $h JBDZZZZ $k EXT E BD/DEG $o 0 $p 10.60 $r PRETLIV $s EXT_E_BDDEG $w 3 $y 2017-03-15 $7 BD fugue

