04191nj  a22006612  4500
001 255953
003 http://www.mediathequederoubaix.fr/ark:/20179/KH255953
005 20240507023441.0
071 01 $a 3720790 $b Universal Music
090    $a 255953
091    $a 1 $b 20240507 $c 0
099    $t DC $c 2014-06-30 $d 2024-05-07 $x 15
100    $a 20130317f20122012m  y0frey5003    ba
101    $a fre
200    $a A very special Christmas : 25th anniversary $b Enr. sonore $f The Pointer Sisters, Eurythmics, Whitney Houston...[et al.]
210    $d P 2012
215    $a 2 d.c. $e 1 Livret (n.p.; 12 cm)
327    $a Santa claus is coming to town / The Pointer Sisters $a Winter wonderland / Eurythmics $a Do you hear what i hear ? / Whitney Houston $a Merry christmas baby / Bruce Springteen & The Street Band $a Have yourself a merry little christmas / The Pretenders $a I saw mommy kissing santa claus / John Mellencamp $a Gabriel's message / Sting $a Christmas in hollis / Run DMC $a Christmas (baby please come home) / U2 $a Santa baby / Madonna $a The little drummer boys / Bob Seger & The Silver Bullet Band $a Run rudolph run / Bryan Adams $a I wish everyday could be like christmas / Bon Jovi $a The coventry carol / Alison Moyet $a Silent night / Stevie Nicks $a CD 2 : Joy to the world / Train $a Something in the air / Grayson Sanders and Jono - Feat. Lauriana Mae $a Angels we have heard on high / Jewel $a It's beginning to look a lot like christmas / Michael Bublé $a Do you hear what i hear? / Jordin Sparks $a I want you for christmas / Cheap Trick $a Mary, did you know? / Rascal Flatts $a Best christmas ever / Wonder Girls $a Tennessee christmas / Amy Grant $a Christmas without you / Onerepublic $a Breath of heaven (mary's song) / Vince Gill $a Please come home for christmas / Martina McBride $a Winter wonderland / Jason Mraz $a December 25 / Francesca Battistelli $a Christmas song / Dave Matthews Band $a Oh holy night / Christina Aguilera
339    $a m
345    $a CDMAIL $b 0602537207909
606 0  $a Noël, Temps de $x Chants et musique $2 rameau
679    $a 2
701  1 $a Madonna $f 1958-....
701  1 $a Sanders $b Grayson
701  1 $a Jono
701  1 $a Jewel $f 1974-....
701  1 $a Battistelli $b Francesca
701    $7 ba0yba0y $8 fre    $a Sparks $b Jordin $f 1989-.... $3 16144729 $9 30105
701    $7 ba0yba0y $8 fre    $a Mellencamp $b John $f 1951-.... $3 13897378 $9 1500
701  1 $7 ba0yba0y $8 fre    $3 14029131 $9 113358 $7 ba0yba0y $8 fre    $a McBride $b Martina $f 1966-....
701    $7 ba0yba0y $8 fre    $a Gill $b Vince $f 1957-.... $3 13975087 $9 14095
701    $7 ba0yba0y $8 fre    $a Mraz $b Jason $f 1977-.... $3 14640399 $9 59200
701  1 $a Moyet $b Alison $f 1961-.... $7 ba0yba0y $8 fre    $3 13897772 $9 281494
701    $7 ba0yba0y $8 fre    $a Aguilera $b Christina $f 1980-.... $3 14027364 $9 16053
701  1 $7 ba0yba0y $8 fre    $3 13986600 $9 22918 $7 ba0yba0y $8 fre    $a Grant $b Amy $f 1960-....
701    $7 ba0yba0y $8 fre    $a Adams $b Bryan $f 1959-.... $3 13890584 $9 8580
701    $7 ba0yba0y $8 fre    $a Nicks $b Stevie $f 1948-.... $3 13897953 $9 36411
701    $7 ba0yba0y $8 fre    $a Houston $b Whitney $f 1963-2012 $3 13924478 $9 42673
701    $7 ba0yba0y $8 fre    $a Seger $b Bob $f 1945-.... $3 13899632 $9 7107
701    $3 13899986 $7 ba0yba0y $8 fre    $a Springsteen $b Bruce $f 1949-.... $9 1499
710    $7 ba0yba0y $8 fre    $a The Pointer sisters $3 13905844 $9 34921
711 02 $a The Silver Bullet Band
711 02 $a The Street Band
711 02 $7 ba0yba0y $8 fre    $a U2 $c Groupe
711 02 $a Bon Jovi
711 02 $a Train
711 02 $a Rascal Flatts
711 02 $a Wonder Girls
711 02 $a Onerepublic
711    $7 ba0yba0y $8 fre    $a Eurythmics $3 13903383 $9 18723
711 02 $7 ba0yba0y $8 fre    $3 13983108 $9 14804 $7 ba0yba0y $8 fre    $a Dave Matthews band
711    $7 ba0yba0y $8 fre    $a Run DMC $3 13927113 $9 17680
711    $7 ba0yba0y $8 fre    $a Pretenders $3 13905886 $9 14612
711    $7 ba0yba0y $8 fre    $a Cheap trick $3 13902415 $9 20821
701    $7 ba0yba0y $8 fre    $a Bublé $b Michael $f 1975-.... $3 14600580 $9 268127
701  1 $a Sting $f 1951-....
801  0 $a FR $b CDMAIL $c 20130515 $g AFNOR
995    $0 0 $2 0 $4 0 $5 2013-04-17 $9 292911 $P 16.54 $b MED $c MED $e MED3C $f C0005358625 $h AMV50ZZ $k DC/574 NOE $l contient 2 DC $o 0 $p 16.54 $r PRETSON $s DC_574_000000000000000_NOE $w 22 $y 2023-12-29 $7 CDMail

