01982cam a2200445   4500
001 256120
003 http://www.mediathequederoubaix.fr/ark:/20179/KH256120
010    $a 978-2-36156-096-6 $b br. $d 6,90 EUR
020    $a FR $b 01362347
033    $a http://catalogue.bnf.fr/ark:/12148/cb436656768
035    $a FRBNF436656760000001
090    $a 256120
091    $a 2 $b 20240507 $c 1
099    $t LI $c 2014-06-30 $d 2024-05-07 $x 9
100    $a 20130910d2012    m  y0frey50      ba
101 0  $a fre
102    $a FR
105    $a ||||z   00|y|
106    $a r
181  0 $6 01 $a i  $b xxxe  
181    $6 02 $c txt $2 rdacontent
182  0 $6 01 $a n
182    $6 02 $c n $2 rdamedia
200 1  $a États-Unis, de Roosevelt à Obama $b Texte imprimé $f [sélection des textes et introduction par Alain Frachon]
210    $a Paris $c Société éditrice du "Monde" $d impr. 2012 $e 86-Ligugé $g CPI Aubin impr.
215    $a 1 vol. (103 p.) $c ill. en noir et en coul., couv. ill. en coul. $d 20 cm
225    $a "Le Monde"-histoire $i Comprendre un monde qui change $v 7
300    $a Recueil d'articles parus dans "Le Monde", 1945-2012
300    $a Bibliogr. p. 103
339    $a m
410  0 $0 43708078 $t Le Monde // histoire. Comprendre un monde qui change $v 7
606    $3 12067812 $9 33996 $a Politique et gouvernement $y États-Unis $z 20e siècle $2 rameau
606    $3 12517604 $9 98841 $a Politique et gouvernement $y États-Unis $z 1989-.... $2 rameau
608    $3 15611232 $9 100623 $a Articles de périodiques $2 rameau
676    $a 320.973 0904 $v 23
686    $a 320 $2 Cadre de classement de la Bibliographie nationale française
702    $3 14589810 $9 74762 $o ISNI0000000035961267 $a Frachon $b Alain $f 1950-.... $4 340
801  0 $a FR $b FR-751131015 $c 20130910 $g AFNOR $h FRBNF436656760000001 $2 intermrc
999    $a FRBNF436656760000001
995    $0 0 $2 0 $4 0 $5 2013-04-18 $9 293082 $P 6.90 $b MED $c MED $e MED3A $f C0005163918 $h ACFHSZZ $k Doc./984.3 CON $o 0 $p 6.90 $r PRETLIV $s DOC___984_300000000000000_CON $w 11 $y 2024-02-23 $7 ALIZE-SFL

