01573cam a2200373   4500
001 256264
003 http://www.mediathequederoubaix.fr/ark:/20179/KH256264
010    $a 978-2-7144-5425-6 $b br. $d 18 EUR
020    $a FR $b 01330372
033    $a http://catalogue.bnf.fr/ark:/12148/cb43591819g
035    $a FRBNF435918190000006
073  0 $a 9782714454256
090    $a 256264
091    $b 20240507 $c 1 $a 2
099    $t LI $c 2014-06-30 $d 2024-05-07 $x 2
100    $a 20130517d2013    m  y0frey50      ba
101 0  $a fre
102    $a FR
105    $a ||||z   00|a|
106    $a r
181  0 $6 01 $a i  $b xxxe  
181    $6 02 $c txt $2 rdacontent
182  0 $6 01 $a n
182    $6 02 $c n $2 rdamedia
200 1  $a L'île des beaux lendemains $b Texte imprimé $f Caroline Vermalle
210    $a Paris $c Belfond $d impr. 2013 $e 18-Saint-Amand-Montrond $g Impr. CPI Bussière
215    $a 1 vol. (244 p.) $c couv. ill. en coul. $d 23 cm
330    $a A 73 ans et déçue par une existence sans saveur et sans réel amour, Jacqueline Le Gall décide de prendre un nouveau départ. Il n'est jamais trop tard pour saisir la vie à bras-le-corps.
339    $a m
686    $a 803 $2 Cadre de classement de la Bibliographie nationale française
700    $3 16006686 $9 113506 $o ISNI0000000119752999 $a Vermalle $b Caroline $f 1973-.... $4 070
801  0 $a FR $b FR-751131015 $c 20130517 $g AFNOR $h FRBNF435918190000006 $2 intermrc
999    $a FRBNF435918190000006
995    $0 0 $2 0 $4 0 $5 2013-04-19 $9 293252 $P 18.00 $b MED $c MED $e MED1A $f C0005164053 $h ALTROZZ $k R/VER $o 0 $p 18.00 $r PRETLIV $s RVER $w 4 $y 2017-10-31 $7 ALIZE-SFL

