02107cam a2200445   4500
001 256404
003 http://www.mediathequederoubaix.fr/ark:/20179/KH256404
010    $a 978-2-262-03469-6 $b br. $d 18 EUR
020    $a FR $b 01416999
033    $a http://catalogue.bnf.fr/ark:/12148/cb436289640
035    $a FRBNF436289640000006
073  0 $a 9782262034696
090    $a 256404
091    $b 20240507 $c 1 $a 2
099    $t LI $c 2014-06-30 $d 2024-05-07 $x 6
100    $a 20130708d2013    m  y0frey50      ba
101 0  $a fre
102    $a FR
105    $a ||||z   00|y|
106    $a r
181  0 $6 01 $a i  $b xxxe  
181    $6 02 $c txt $2 rdacontent
182  0 $6 01 $a n
182    $6 02 $c n $2 rdamedia
200 1  $a 7 femmes $b Texte imprimé $f Lydie Salvayre
210    $a [Paris] $c Perrin $d impr. 2013 $e 18-Saint-Amand-Montrond $g Impr. CPI Bussière
215    $a 1 vol. (230 p.) $d 21 cm
300    $a La couv. porte en plus : "Emily Brontë, Marina Tsvetaeva, Virginia Woolf, Colette, Sylvia Plath, Ingeborg Bachmann, Djuna Barnes"
330    $a L'auteure brosse le portrait de 7 femmes écrivains qui l'ont marquée par leurs oeuvres et leur parcours : Emily Brontë (1818-1848), Colette (1873-1954), Virginia Woolf (1882-1941), Djuna Barnes (1892-1982), Marina Tsvetaeva (1892-1941), Ingeborg Bachmann (1926-1973) et Sylvia Plath (1932-1963).
339    $a m
517 1  $a Sept femmes
606    $3 11938850 $9 16519 $a Femmes écrivains $2 rameau
608    $3 11935764 $9 107 $a Biographie $2 rameau
608    $a Ouvrages de référence $2 CNLJ $k Avis critique donné par le Centre national de la littérature pour la jeunesse
676    $a 809.892 87 $v 23
686    $a 920 $2 Cadre de classement de la Bibliographie nationale française
700    $3 12148837 $9 1709 $o ISNI0000000398643014 $a Salvayre $b Lydie $f 1948-.... $4 070
801  0 $a FR $b FR-751131015 $c 20130708 $g AFNOR $h FRBNF436289640000006 $2 intermrc
999    $a FRBNF436289640000006
995    $0 0 $2 0 $4 0 $5 2013-05-14 $9 293409 $P 18.00 $b MED $c MED $e MED1A $f C0005525981 $h ALTDCZZ $k Doc./800 HIS $o 0 $p 18.00 $r PRETLIV $s DOC__800_000000000000000_HIS $w 10 $y 2023-01-03 $7 ALIZE-SFL

