02287cam a2200445   4500
001 256542
003 http://www.mediathequederoubaix.fr/ark:/20179/KH256542
010    $a 978-2-35488-199-3 $b br. $d 12,50 EUR
020    $a FR $b 01262005
033    $a http://catalogue.bnf.fr/ark:/12148/cb42782806c
035    $a FRBNF427828060000002
073  0 $a 9782354881993
090    $a 256542
091    $b 20240507 $c 1 $a 2
099    $t LI $c 2014-06-30 $d 2024-05-07 $x 58
100    $a 20121105d2012    a  y0frey50      ba
101 0  $a fre
102    $a FR
105    $a ||||z   00|a|
106    $a r
181  0 $6 01 $a i  $b xxxe  
181    $6 02 $c txt $2 rdacontent
182  0 $6 01 $a n
182    $6 02 $c n $2 rdamedia
200 1  $a Le trésor de l'Isle $b Texte imprimé $f Catherine Cuenca
210    $a Saint-Herblain $c Gulf stream éd. $d impr. 2012 $e impr. en Espagne
215    $a 1 vol. (239 p.) $c ill., couv. ill. en coul. $d 18 cm
225 19 $a Le mystère de la tête d'or $v 1
321    $a La Revue des livres pour enfants $x 0398-8384
329    $c Bravo ! $d 20130213 $f CBO $2 CNLJ $k Avis critique donné par le Centre national de la littérature pour la jeunesse
330    $a Jeannot et son cousin Riri se lancent à la recherche du trésor caché dans les ruines du château de l'Isle. Avec l'aide de Céleste, une jeune fille rencontrée dans les marais, et d'un mystérieux poète, ils doivent affronter le fantôme du comte de l'Isle.
333    $a À partir de 11 ans $2 CNLJ $k Avis critique donné par le Centre national de la littérature pour la jeunesse
339    $a a
608    $a Romans $2 CNLJ $k Avis critique donné par le Centre national de la littérature pour la jeunesse
686    $a 809 $2 Cadre de classement de la Bibliographie nationale française
700    $3 13623007 $9 88079 $o ISNI0000000403632919 $a Cuenca $b Catherine $f 1982-.... $4 070
801  0 $a FR $b FR-751131015 $c 20121105 $g AFNOR $h FRBNF427828060000002 $2 intermrc
999    $a FRBNF427828060000002
995    $0 0 $2 0 $4 0 $5 2014-06-28 $9 293579 $P 12.50 $b MED $c MED $e MED0A $f C0005790425 $h JROPLZZ $k EXT E R P/CUE $o 0 $p 12.50 $r PRETLIV $s EXT_E_R_PCUE $w 3 $y 2019-02-08 $7 Bateau Livre
995    $0 0 $2 0 $4 0 $5 2013-07-24 $9 293580 $P 12.50 $b BUS $c BUS $e BUS1A $f C0005829095 $h JROPLZZ $k BUS E RP/CUE $o 0 $p 12.50 $r PRETLIV $s BUS_E_RP_CUE $w 33 $y 2023-07-19 $7 Bateau Livre

