01987cam a2200433   4500
001 256716
003 http://www.mediathequederoubaix.fr/ark:/20179/KH256716
010    $a 978-2-36577-193-1 $b br. $d 15 EUR
020    $a FR $b 01324811
033    $a http://catalogue.bnf.fr/ark:/12148/cb435634433
035    $a FRBNF435634430000008
073  0 $a 9782365771931
090    $a 256716
091    $b 20240507 $c 1 $a 2
099    $t LI $c 2014-06-30 $d 2024-05-07 $x 7
100    $a 20130329d2013    m  y0frey50      ba
101 1  $a fre $c eng
102    $a FR
105    $a ||||t   00|a|
106    $a r
181  0 $6 01 $a i  $b xxxe   $a b  $b xb2e  
181    $6 02 $c txt $c sti $2 rdacontent
182  0 $6 01 $a n
182    $6 02 $c n $2 rdamedia
200 1  $a Le grand finale $b Texte imprimé $f scénario, Brian Azzarello $g dessin, Eduardo Risso $g couleur, Patricia Mulvihill...
210    $a [Paris] $c Urban comics $d impr. 2013 $e impr. en Italie
215    $a 1 vol. (164 p.) $c ill. en coul., couv. ill. en coul. $d 26 cm
225 19 $a 100 bullets $v 18
225    $a Collection Vertigo classiques
300    $a Trad. de l'anglais
330    $a Alors que l'agent graves dévoile peu à peu les détails de sa ténébreuse histoire au service du Trust, ainsi que les raisons de cette haine envers ses anciens maîtres, les corps tombent à un rythme effrené, dans un camp comme dans l'autre...
339    $a m
410  0 $0 42648420 $t Collection Vertigo classiques $x 2259-4701 $d 2013
686    $a 805 $2 Cadre de classement de la Bibliographie nationale française
700    $3 13539382 $9 31730 $o ISNI0000000071439468 $a Azzarello $b Brian $f 1962-.... $4 070
702    $3 12123877 $9 52676 $o ISNI0000000108562436 $a Risso $b Eduardo $f 1959-.... $4 440
801  0 $a FR $b FR-751131015 $c 20130329 $g AFNOR $h FRBNF435634430000008 $2 intermrc
999    $a FRBNF435634430000008
995    $0 0 $2 0 $4 0 $5 2013-04-30 $9 293794 $P 15.00 $b MED $c MED $e MED3H $f C0005005550 $h AAPBDCM $k BD COMICS/AZZ $o 0 $p 15.00 $r PRETLIV $s BD_COMICS_AZZ $w 12 $y 2018-09-04 $7 Bateau Livre

