01772cam a2200397   4500
001 256938
003 http://www.mediathequederoubaix.fr/ark:/20179/KH256938
010    $a 978-2-85197-728-1 $b br. $d 23 EUR
020    $a FR $b 01314946
033    $a http://catalogue.bnf.fr/ark:/12148/cb435460977
035    $a FRBNF435460970000003
073  0 $a 9782851977281
090    $a 256938
091    $b 20240507 $c 1 $a 2
099    $t LI $c 2014-06-30 $d 2024-05-07 $x 6
100    $a 20130305d2013    m  y0frey50      ba
101 1  $a fre $c eng
102    $a FR
105    $a ||||z   00|a|
106    $a r
181  0 $6 01 $a i  $b xxxe  
181    $6 02 $c txt $2 rdacontent
182  0 $6 01 $a n
182    $6 02 $c n $2 rdamedia
200 1  $a L'ange d'Ayala $b Texte imprimé $f Anthony Trollope $g traduit par Béatrice Vierne
210    $a Paris $c l'Herne $d DL 2013 $e impr. en Espagne
215    $a 1 vol. (662 p.) $c couv. ill. en coul. $d 24 cm
330    $a Dans l'Angleterre victorienne, deux soeurs orphelines, Ayala et Lucy, sont séparées à leur adoption. Ayala part vivre chez sa tante, épouse d'un riche banquier, et Lucy chez son oncle plus modeste. La beauté d'Ayala suscite rapidement la jalousie de sa tante et de ses cousines.
339    $a m
454  1 $t Ayala's angel
686    $a 803 $2 Cadre de classement de la Bibliographie nationale française
700    $3 13091781 $9 34452 $o ISNI0000000121358464 $a Trollope $b Anthony $f 1815-1882 $4 070
702    $3 11928266 $9 525 $o ISNI0000000121258420 $a Vierne $b Béatrice $f 1946-.... $4 730
801  0 $a FR $b FR-751131015 $c 20130305 $g AFNOR $h FRBNF435460970000003 $2 intermrc
999    $a FRBNF435460970000003
995    $0 0 $2 0 $4 0 $5 2013-05-24 $9 294008 $P 23.00 $b MED $c MED $e MED1A $f C0005679898 $h ALTROZZ $k R/TRO $o 0 $p 23.00 $r PRETLIV $s R_TRO $w 16 $y 2020-11-13 $7 ALIZE-SFL

