00994ni  a22002532  4500
001 257255
003 http://www.mediathequederoubaix.fr/ark:/20179/KH257255
005 20240507025347.0
010    $a 9782878627213
071 01 $a THE1027 $b Thélème
090    $a 257255
091    $a 2 $b 20240507 $c 0
099    $t LS $c 2014-06-30 $d 2024-05-07 $x 7
100    $a 20130215f20122012m  y0frey5003    ba
101    $a fre
200    $a Trois contes $b Enr. sonore $f Gustave Flaubert $g lu par Sophie Chauveau
210    $a Paris $c Thélème $d P 2012
215    $a 1 d.c. MP3 (3h15 min.)
327    $a Un coeur simple - La légende de saint Julien l'Hospitalier - Hérodias
339    $a m
700    $7 ba0yba0y $8 fre    $a Flaubert $b Gustave $f 1821-1880 $3 11902894 $9 7215
702  1 $4 550 $7 ba0yba0y $8 fre    $a Chauveau $b Sophie $f 1953-....
801  0 $a FR $b CDMAIL $c 20131109 $g AFNOR
995    $0 0 $2 0 $4 0 $5 2013-05-21 $9 294332 $P 17.70 $b MED $c MED $e MED1A $f C0005513666 $h ALTLSZZ $k LA NVL/FLA $o 0 $p 17.70 $r PRETLS $s LA_NVL_FLA $w 7 $y 2023-09-08 $7 CDMail

