01858cam a2200457   4500
001 257456
003 http://www.mediathequederoubaix.fr/ark:/20179/KH257456
010    $a 2-80361-456-1 $b rel. $d 15 EUR
020    $a FR $b 00439097
033    $a http://catalogue.bnf.fr/ark:/12148/cb39203670h
035    $a FRBNF392036700000006
073  0 $a 9782803614561 $2 ALS
090    $a 257456
091    $b 20240507 $c 1 $a 2
099    $t LI $c 2014-06-30 $d 2024-05-07 $x 40
100    $a 20040630d1999    a  y0frey50      ba
101 0  $a fre
102    $a BE
105    $a ||||t   00|a|
106    $a r
181  0 $6 01 $a i  $b xxxe   $a b  $b xb2e  
181    $6 02 $c txt $c sti $2 rdacontent
182  0 $6 01 $a n
182    $6 02 $c n $2 rdamedia
200 1  $a Chick Bill $b Texte imprimé $e l'intégrale $h 2 $f par Tibet
210    $a Bruxelles $a [Paris] $c le Lombard $d 1999 $e impr. en Belgique
215    $a 156 p. $c ill. en noir et en coul., couv. ill. en coul. $d 30 cm
300    $a Réunit : "La tête de pipe" ; "Ko-klox-klan" ; "La maison du plus fort"
327    $a La tête de pipe ; $a Ko-Klox-Klan ; $a La maison du plus fort
330    $a Trois westerns riches en gags et en rebondissements détonants.
339    $a m
423  0 $t La tête de pipe
423  0 $t Ko-klox-klan
423  0 $t La maison du plus fort
608    $a Bandes dessinées $2 CNLJ $k Avis critique donné par le Centre national de la littérature pour la jeunesse
676    $a 741.508 3 $v 23
686    $a 809 $2 Cadre de classement de la Bibliographie nationale française
700    $3 11926637 $9 13715 $o ISNI0000000120203671 $a Tibet $f 1931-2010 $4 070
801  0 $a FR $b FR-751131015 $c 20040630 $g AFNOR $h FRBNF392036700000006 $2 intermrc
999    $a FRBNF392036700000006
995    $0 0 $2 0 $4 0 $5 2013-05-29 $9 294566 $P 19.99 $b MED $c MED $e MED0C $f C0005549245 $h AAPBDSR $k BD/P $o 0 $p 19.99 $r PRETLIV $s BD_P $w 46 $y 2023-07-06 $7 BD fugue

