01523ca  a2200337 i 4500
001 257598
003 http://www.mediathequederoubaix.fr/ark:/20179/KH257598
005 20220902033816.0
010    $a 978-2-07-043954-6 $b br. $d 5,95 EUR
033    $a http://catalogue.bnf.fr/ark:/12148/cb425174865
090    $a 257598
091    $a 0
099    $t LI $c 2014-06-30 $d 2022-09-02 $x 21
100    $a 20130513d2011    |  |0frey5003||||ba
101    $a fre
102    $a FR
105    $a         0||a|
106    $a r
200    $a Nina par hasard $f Michèle Lesbre
210    $a [Paris] $c Gallimard $d 2013
215    $a 182 p. $c couv. ill. en coul. $d 18 cm
225 2  $a Folio $v 5309
330    $a Nina et Suzy. La fille et la mère. La fille est apprentie coiffeuse, la mère travaille dans une des dernières petites usines textiles du Nord de la France. Dans l'univers clos de ces deux femmes, les hommes ne sont que des passions ravageuses pour la mère, des pères impossibles pour la fille qui, au seuil de sa vie d'adulte, a sur le monde un regard d'une singulière lucidité.
339    $a m
410    $t Folio $v 5309
607 0  $9 141026 $a Roubaix (Nord) $x Roman
676    $a 843 $v 22
700    $7 ba0yba0y $8 fre    $a Lesbre $b Michèle $f 1939-.... $9 12854
801    $a FR $b 595126101 $c 20130730 $g AFNOR
930    $5 595126101:C0005632046 $b 595126101 $a FR/R LES $e Fonds régional de prêt
995    $0 0 $2 0 $4 0 $5 2013-06-15 $9 294717 $P 5.95 $b MED $c MED $e MED0C $f C0005632046 $h PRRRGZZ $k FR/R LES $o 0 $p 5.95 $r PRETLIV $s FR_R_LES $w 23 $y 2022-02-04 $7 ALIZE-SFL

