01824ng  a22003371i 4500
001 257726
003 http://www.mediathequederoubaix.fr/ark:/20179/KH257726
005 20240507030335.0
010    $d 20,58 EUR
090    $a 257726
091    $a 1 $b 20240507 $c 0
099    $t VD $c 2014-06-30 $d 2024-05-07 $x 24
100    $a 20130607d1994    u  y0frey5003    ba
101    $a fre
102    $a NL
200    $a Le prince de Jutland $b DVD $f Gabriel Axel, réal. $g Christian Bale, Gabriel Byrne, Helen Mirren... [et al.], act. $g Gabriel Axel, Erik Kjersgaard, scénario $g Per Norgaard, mus.
210    $c LCJ Editions et Productions $d 2010
215    $a 1 DVD (1h 45 min) $c 4/3, Dolby Digital 2.0
300    $a Prêt + Consultation
330    $a Amled, prince de Jutland, a assisté au meurtre de son père le roi par son oncle Fenge, qui s'empare du trône. Amled feint de sombrer dans la folie et entame une vengeance froidement calculée par un séjour chez le Duc de Lindsay, un vieil ami anglo-saxon. Il y trouve l'amour en la personne de sa fille et l'occasion d'anéantir Fenge...
339    $a m
606 0  $a Cinéma $y Danemark $z 1990-.... $x DVD $2 rameau
606 0  $7 ba0yba0y $8 fre    $3 14449645 $9 323952 $a Drames (cinéma) $x DVD $y Danemark $2 rameau
700    $7 ba0yba0y $8 fre    $a Axel $b Gabriel $f 1918-2014 $3 13890995 $4 370 $4 690 $9 34924
702  1 $4 690 $a Kjersgaard $b Erik
702  1 $4 230 $a Norgaard $b Per
702    $7 ba0yba0y $8 fre    $a Byrne $b Gabriel $f 1950-.... $3 14027824 $4 005 $9 14557
702    $7 ba0yba0y $8 fre    $a Mirren $b Helen $f 1945-.... $3 14013211 $4 005 $9 57057
702    $7 ba0yba0y $8 fre    $a Bale $b Christian $f 1974-.... $3 14054094 $4 005 $9 92245
801  0 $a FR $b COLACO $c 20130607 $g AFNOR
995    $0 0 $2 0 $4 0 $5 2013-06-20 $9 294897 $P 20.58 $b MED $c MED $e MED3E $f C0005527793 $h AAPCIFI $k DVD/F AXE $o 0 $p 20.58 $r PRETDVD $s DVD_F_AXE $w 37 $y 2019-07-03 $7 COLACO

