02002cam a2200457   4500
001 257875
003 http://www.mediathequederoubaix.fr/ark:/20179/KH257875
010    $a 2-266-16772-3
010    $a 978-2-266-16772-7 $b br. $d 7,60 EUR
020    $a FR $b 00813536
033    $a http://catalogue.bnf.fr/ark:/12148/cb41206992c
035    $a FRBNF41206992000000X
073  0 $a 9782266167727
090    $a 257875
091    $b 20240507 $c 1 $a 2
099    $t LI $c 2014-06-30 $d 2024-05-07 $x 13
100    $a 20080220d2008    m  y0frey50      ba
101 1  $a fre $c eng
102    $a FR
105    $a ||||z   00|a|
106    $a r
181  0 $6 01 $a i  $b xxxe  
181    $6 02 $c txt $2 rdacontent
182  0 $6 01 $a n
182    $6 02 $c n $2 rdamedia
200 1  $a Le troisième secret $b Texte imprimé $f Steve Berry $g traduit de l'anglais (États-Unis) par Jean-Luc Piningre
210    $a Paris $c Pocket $d impr. 2008 $e 18-Saint-Amand-Montrond $g Impr. Bussière
215    $a 1 vol. (471 p.) $c couv. ill. en coul. $d 18 cm
225    $a Thriller
308    $a Collection principale : Pocket. Numérotation dans la collection principale : 13192
330    $a Michener et Katerina sont confrontés à une conspiration de proches du Vatican, qui veulent maintenir le secret le mieux gardé de l'Eglise catholique, celui du troisième secret de Fatima.
339    $a m
410  0 $0 37123455 $t Thrillers (Paris. 1998) $x 1290-676X $d 2008
410  0 $0 34228117 $t Presses pocket (Paris) $x 0244-6405 $v 13192
454  1 $t The third secret
686    $a 803 $2 Cadre de classement de la Bibliographie nationale française
700    $3 15063210 $9 2674 $o ISNI0000000114505980 $a Berry $b Steve $f 1955-.... $4 070
702    $3 12290542 $9 274 $o ISNI0000000121401880 $a Piningre $b Jean-Luc $4 730
801  0 $a FR $b FR-751131015 $c 20080220 $g AFNOR $h FRBNF41206992000000X $2 intermrc
999    $a FRBNF41206992000000X
995    $0 0 $2 0 $4 0 $5 2019-06-19 $9 395281 $P 7.60 $b MED $c MED $e MED1A $f C1400006186 $h ALTROPL $k RP/BER $o 0 $p 7.60 $r PRETLIV $s RP_BER $w 13 $y 2023-10-10

