01798cam a2200409   4500
001 258065
003 http://www.mediathequederoubaix.fr/ark:/20179/KH258065
010    $a 978-2-0812-8998-7 $b br. $d 10,50 EUR
020    $a FR $b 01409215
033    $a http://catalogue.bnf.fr/ark:/12148/cb43760113z
035    $a FRBNF437601130000004
073  0 $a 9782081289987
090    $a 258065
091    $b 20240507 $c 1 $a 2
099    $t LI $c 2014-06-30 $d 2024-05-07 $x 2
100    $a 20140210d2013    m  y0frey50      ba
101 1  $a fre $c spa
102    $a FR
105    $a ||||z   00|a|
106    $a r
181  0 $6 01 $a i  $b xxxe  
181    $6 02 $c txt $2 rdacontent
182  0 $6 01 $a n
182    $6 02 $c n $2 rdamedia
200 1  $a La nuit à rebours $b Texte imprimé $f Zoé Valdés $g traduit de l'espagnol par Albert Bensoussan
210    $a Paris $c Arthaud $d impr. 2013 $e 61-Lonrai $g Normandie roto impr.
215    $a 1 vol. (110 p.) $d 17 cm
225    $a Les nuits
330    $a Anisia a envoyé sa fille vivre à Paris pour éviter de la voir grandir à Cuba. Lorsqu'à son tour elle prend l'avion en direction de la France, elle s'endort et revoit en rêve son parcours de femme et de mère révoltée, humiliée et sacrifiée.
339    $a m
410  0 $0 41285577 $t Les Nuits $x 2268-5235 $d 2013
686    $a 803 $2 Cadre de classement de la Bibliographie nationale française
700    $3 12270676 $9 6933 $o ISNI0000000108704393 $a Valdés $b Zoé $f 1959-.... $4 070
702    $3 11891296 $9 6702 $o ISNI0000000123212661 $a Bensoussan $b Albert $f 1935-.... $4 730
801  0 $a FR $b FR-751131015 $c 20140210 $g AFNOR $h FRBNF437601130000004 $2 intermrc
999    $a FRBNF437601130000004
995    $0 0 $2 0 $4 0 $5 2013-06-22 $9 295308 $P 10.50 $b MED $c MED $e MED1A $f C0005545254 $h ALTROZZ $k R/VAL $o 0 $p 10.50 $r PRETLIV $s RVAL $w 5 $y 2018-12-04 $7 ALIZE-SFL

