01732ng  a22003131i 4500
001 258227
003 http://www.mediathequederoubaix.fr/ark:/20179/KH258227
005 20240507031422.0
010    $d 32,73 EUR
090    $a 258227
091    $a 1 $b 20240507 $c 0
099    $t VD $c 2014-06-30 $d 2024-05-07 $x 9
100    $a 20130625d2012    u  y0frey5003    ba
101    $a fre $j eng
102    $a FR
200    $a Hitch $b DVD $e quand Truffaut affronte Hitchcock $f Sébastien Grall, réal. $g Joe Sheridan, Mathieu Bisson, Patty Hannock... [et al.], act.
210    $c Les Films du Paradoxe $d 2013
215    $a 1 DVD (1h 10min) $c 16/9, Dolby Digital 2.0
300    $a Contient le Blu-ray du film.
300    $a Prêt
330    $a Eté 1962. Le bureau d'une major hollywoodienne. Un cadavre. Un Français sur le grill. Le début d'un malentendu... ou la fin. Les auteurs revisitent une des rencontres les plus fameuses du cinéma, celle d'Alfred Hitchcock et François Truffaut. Qu'avaient donc à se dire le maître du suspense et le jeune chef de file de la Nouvelle Vague ? Et quel étrange rôle Alma, la femme d'Hitchcock, joue-t-telle dans cette affaire ? Mise en scène : Sébastien Grall.
339    $a m
606 0  $a Théâtre $x Adaptations télévisées $x DVD $2 rameau
700    $7 ba0yba0y $8 fre    $a Grall $b Sébastien $f 1954?-2013 $3 14102654 $4 300 $9 84326
702  1 $4 005 $a Hannock $b Patty
702  1 $7 ba0yba0y $8 fre    $3 14669605 $9 114329 $4 005 $7 ba0yba0y $8 fre    $a Bisson $b Mathieu
702    $7 ba0yba0y $8 fre    $a Sheridan $b Joe $3 14226852 $4 005 $9 114328
801  0 $a FR $b COLACO $c 20130625 $g AFNOR
995    $0 0 $2 0 $4 0 $5 2013-06-25 $9 295473 $P 32.73 $b MED $c MED $e MED1A $f C0005528035 $h AMVTHCA $k DVD/T RIO $o 0 $p 32.73 $r PRETDVD $s DVDT_RIO $w 10 $y 2023-12-16 $7 COLACO

