01940cam a2200421   4500
001 258363
003 http://www.mediathequederoubaix.fr/ark:/20179/KH258363
010    $a 978-2-35241-022-5 $b rel. $d 13 EUR
020    $a FR $b 01164007
033    $a http://catalogue.bnf.fr/ark:/12148/cb423784222
035    $a FRBNF423784220000007
073  0 $a 9782352410225
090    $a 258363
091    $b 20240507 $c 1 $a 2
099    $t LI $c 2014-06-30 $d 2024-05-07 $x 44
100    $a 20110228d2008    a  y0frey50      ba
101 0  $a fre
102    $a FR
105    $a ||||z   00|a|
106    $a r
181  0 $6 01 $a i  $b xxxe  
181    $6 02 $c txt $2 rdacontent
182  0 $6 01 $a n
182    $6 02 $c n $2 rdamedia
200 1  $a Tous les monstres ont peur du noir $b Texte imprimé $f Michaël Escoffier, Kris Di Giacomo
210    $a [Montrouge] $c Éd. Frimousse $d cop. 2008 $e impr. à Singapour
215    $a 1 vol. (non paginé [24] p.) $c ill., couv. ill. $d 31 cm
225    $a Maxi'boum
330    $a Album qui montre que les monstres ont eux aussi peur du noir, pleurent et font des cauchemars. Derrière leurs hurlements et leurs airs effrayants, leurs claquements de dents et leurs tremblements, ces monstres ont un coeur d'enfant.
339    $a a
410  0 $0 41498874 $t Maxi'boum $x 2102-247X $d 2008
608    $a Albums $2 CNLJ $k Avis critique donné par le Centre national de la littérature pour la jeunesse
686    $a 809 $2 Cadre de classement de la Bibliographie nationale française
700    $3 15582407 $9 94030 $o ISNI0000000121276856 $a Escoffier $b Michaël $f 1970-.... $4 070
701    $3 15081306 $9 89027 $o ISNI0000000073711576 $a Di Giacomo $b Kris $4 070
801  0 $a FR $b FR-751131015 $c 20110228 $g AFNOR $h FRBNF423784220000007 $2 intermrc
999    $a FRBNF423784220000007
995    $0 0 $2 0 $4 0 $5 2013-08-06 $9 295628 $P 15.00 $b MED $c MED $e MED0A $f C0005460137 $h JABEFAE $k EXT E A/ESC $n 2024-06-25 $o 0 $p 15.00 $r PRETLIV $s EXT_E_A_ESC $w 47 $y 2024-04-17 $7 Bateau Livre $8 MA070

