02252ng  a22003491i 4500
001 258546
003 http://www.mediathequederoubaix.fr/ark:/20179/KH258546
005 20240507032448.0
010    $d 42,91 EUR
090    $a 258546
091    $a 1 $b 20240507 $c 0
099    $t VD $c 2014-06-30 $d 2024-05-07 $x 62
100    $a 20130716d2013    u  y0frey5003    ba
101    $a fre
102    $a FR
200    $a 11.6 $b DVD $f Philippe Godeau, réal. $g François Cluzet, Bouli Lanners, Corinne Masiero... [et al.], act. $g Philippe Godeau, Agnès de Sacy, scénario
210    $c Wild Side $d 2013
215    $a 1 DVD (1h 42min) $c 16/9 compatible 4/3, Dolby Digital 2.0, DTS 5.1
300    $a Aucun
300    $a Prêt + Consultation
330    $a Toni Musulin est convoyeur de fonds depuis dix ans. Humilié au quotidien par sa hiérarchie, il est révolté contre le monde qui l'entoure. Le 5 novembre 2009, à 10 heures du matin, il appuie doucement sur l'accélérateur de son fourgon blindé. A bord de son véhicule, 11.6 millions d'euros... "Un film de casse pas comme les autres. Philippe Godeau (...), trouve ici un ton personnel, fait d'attachement aux personnages et d'un souci permanent de l'économie du récit (...), qui le font avancer vers sa spectaculaire conclusion." Le Monde - Thomas Sotinel "Écrit pour François Cluzet (...), "11.6" bénéficie de la remarquable prestation de son acteur principal, bien épaulé dans sa tâche par Bouli Lanners et Corinne Masiero. Dans son genre, une réussite." Positif - Olivier De Bruyn
339    $a m
606 0  $a Cinéma $y France $z 1990-.... $x DVD $2 rameau
606 0  $7 ba0yba0y $8 fre    $3 12494604 $9 76008 $a Films à suspense $x DVD $y France $2 rameau
700  1 $4 370 $4 690 $a Godeau $b Philippe
702  1 $4 005 $a Acosta $b Juana
702  1 $4 690 $a de Sacy $b Agnès
702    $7 ba0yba0y $8 fre    $a Masiero $b Corinne $f 1964-.... $3 14690589 $4 005 $9 110498
702    $7 ba0yba0y $8 fre    $a Lanners $b Bouli $f 1965-.... $3 14458492 $4 005 $9 290830
702    $7 ba0yba0y $8 fre    $a Cluzet $b François $f 1955-.... $3 13892594 $4 005 $9 73949
801  0 $a FR $b COLACO $c 20130716 $g AFNOR
995    $0 0 $2 0 $4 0 $5 2013-09-26 $9 295809 $P 42.91 $b MED $c MED $e MED1A $f C0005169273 $h AAPCIFI $k DVD/F GOD $o 0 $p 42.91 $r PRETDVD $s DVD_F_GOD $w 72 $y 2023-03-25 $7 COLACO $8  $A 0 $m  $z 

