01158nj  a22002652  4500
001 258872
003 http://www.mediathequederoubaix.fr/ark:/20179/KH258872
005 20240507033346.0
071 01 $a MT104022 $b Beggars Banquet
090    $a 258872
091    $a 1 $b 20240507 $c 0
099    $t DC $c 2014-06-30 $d 2024-05-07 $x 23
100    $a 20130711f20132013m  y0frey5003    ba
101    $a fre
200    $a Like clockwork $b Enr. sonore $f Queens Of The Stone Age
210    $d P 2013
215    $a 1 d.c. $e 1 Feuillet (12 cm)
327    $a Keep your eyes peeled $a I sat by the ocean $a The vampyre of time and memory $a If i had a tail $a My god is the sun $a Kalopsia $a Fairweather friends $a Smooth sailing $a I appear missing $a Like clockwork
339    $a m
345    $a CDMAIL $b 0744861104025
606 0  $7 ba0yba0y $8 fre    $3 12486943 $9 178 $a Heavy metal $x Disques $y Etats-Unis $2 rameau
679    $a 2 $c 50
710    $7 ba0yba0y $8 fre    $a Queens of the stone age $3 14032583 $9 48553
801  0 $a FR $b CDMAIL $c 20130802 $g AFNOR
995    $0 0 $2 0 $4 0 $5 2013-07-24 $9 296247 $P 13.18 $b MED $c MED $e MED1A $f C0005697991 $h AMV25ZZ $k DC/2 QUE 50 $o 0 $p 13.18 $r PRETSON $s DC_2_QUE_500000000000000 $w 36 $y 2023-11-26 $7 CDMail

