01944cam a2200457   4500
001 259035
003 http://www.mediathequederoubaix.fr/ark:/20179/KH259035
010    $a 978-2-501-07808-5 $b br. $d 7,99 EUR
020    $a FR $b 01233143
033    $a http://catalogue.bnf.fr/ark:/12148/cb42658823m
035    $a FRBNF426588230000007
073  0 $a 9782501078085
090    $a 259035
091    $b 20240507 $c 1 $a 2
099    $t LI $c 2014-06-30 $d 2024-05-07 $x 21
100    $a 20120503d2012    m  y0frey50      ba
101 0  $a fre
102    $a FR
105    $a ||||z   00|y|
106    $a r
181  0 $6 01 $a i  $b xxxe  
181    $6 02 $c txt $2 rdacontent
182  0 $6 01 $a n
182    $6 02 $c n $2 rdamedia
200 1  $a Le guide pratique des mamans débutantes $b Texte imprimé $f Anne Bacus
210    $a Paris $c Marabout $d impr. 2012 $e impr. en Espagne
215    $a 1 vol. (188 p.) $c ill., couv. ill. en coul. $d 21 cm
225    $a Marabout family
300    $a La couv. porte en plus : "comprendre bébé de 0 à 1 an : les conseils d'une spécialiste"
330    $a Mois par mois, les grands sujets : l'alimentation, le sommeil, le mode de garde, les dangers, les apprentissages, la santé, l'éducation et la psychologie de bébé.
339    $a m
410  0 $0 42682032 $t Marabout family $x 2260-5614 $d 2012
516 1  $a Mamans débutantes
606    $3 12124217 $9 75545 $a Enfants $x Santé et hygiène $2 rameau
606    $3 11932857 $9 27743 $a Puériculture $2 rameau
676    $a 649.122 $v 23
686    $a 640 $2 Cadre de classement de la Bibliographie nationale française
700    $3 12069215 $9 42836 $o ISNI0000000108794309 $a Bacus $b Anne $f 1955-.... $4 070
801  0 $a FR $b FR-751131015 $c 20120503 $g AFNOR $h FRBNF426588230000007 $2 intermrc
999    $a FRBNF426588230000007
995    $0 0 $2 0 $4 0 $5 2013-08-29 $9 296448 $P 7.99 $b MED $c MED $e MED2A $f C0005832453 $h AAPPLPA $k E FP 601 BEB $o 0 $p 7.99 $r PRETLIV $s E_FP_601_000000000000000_BEB $w 25 $y 2021-06-18 $7 ALIZE-SFL

