01814ca  a2200385 i 4500
001 259179
003 http://www.mediathequederoubaix.fr/ark:/20179/KH259179
005 20240510212013.0
010    $a 978-2-7424-3355-1 $b br. $d 27,40 EUR
073  0 $a 9782742433551
090    $a 259179
091    $a 2 $b 20240507 $c 0 $s http://www.sudoc.fr/171455304 $m 3
099    $t LI $c 2014-06-30 $d 2024-05-10 $x 27
100    $a 20130702d2013    m  |0frey5003||||ba
101    $a fre
102    $a FR
105    $a         0||y|
106    $a r
200    $a Irlande $e Dublin, lacs de Killarney, Connemara, Belfast
205    $a Nouvelle édition
210    $a Paris $c Gallimard loisirs $d 2013
215    $a 1 vol. (386 p.) $c illustrations en noir et en couleur, cartes $d 23 x 12 cm
225 2  $a Guides Gallimard $f dir. Pierre Marchand $i Encyclopédies du voyage
300    $a Glossaire. Bibliogr. Index
330    $a Encyclopédie des sites et des données culturelles s'adressant tant aux voyageurs qu'aux habitants et amoureux du lieu. Elle rassemble des notions d'histoire, d'architecture, d'art pictural et littéraire ainsi qu'une sélection d'itinéraires et des informations pratiques.
333    $a Tout public
339    $a m
345    $b 9782742433551
410    $t Guides Gallimard. Encyclopédies du voyage $x 1965-8028
607    $2 rameau $3 11934365 $9 10414 $7 ba0yba0y $8 fre    $a Irlande $3 11976799 $x Guides $9 10414
676    $a 914.15 $v 22
801  3 $a FR $b Electre $c 20130702 $g AFNOR
830    $a ELECTREA/AS/130803/CdeDesherbageAoût 20130803
856 4  $u http://www.electre.com//GetBlob.ashx?Ean=9782742433551,0-1616555&Size=Original
995    $0 0 $2 0 $4 0 $5 2013-09-06 $9 296596 $P 27.40 $b MED $c MED $e MED1A $f C0005829781 $h AAPPLGO $k Doc./902 IRL $n 2024-05-31 $o 0 $p 27.40 $r PRETLIV $s DOC___902_000000000000000_IRL $w 29 $y 2024-05-10 $7 ALIZE-SFL

