00842na  a2200241 n 4500
001 259298
003 http://www.mediathequederoubaix.fr/ark:/20179/KH259298
005 20240507034353.0
010    $a 977-09-2037-1 $d 6.00 EUR
090    $a 259298
091    $a 2 $b 20240507 $c 0
099    $t LI $c 2014-06-30 $d 2024-05-07 $x 6
100    $a 20130814 2007         frey5003    ba
101    $a ara
102    $a EG
200    $a Khālatī Safīyah wa-al-dayr $f Baha Taher
210    $a al-Qāhirah [Le Caire] $c Dār al-Shurūq $d 2007
215    $a 128 p. $d 20 cm
300    $a En arabe
339    $a m
700    $7 ba0yba0a $8 freara $a Ṭāhir $b Bahāʼ $f 1935-.... $3 12538873 $4 070 $9 36353
801    $a FR $b 595126101 $c 20130814 $g AFNOR
995    $0 0 $2 0 $4 0 $5 2013-08-14 $9 296738 $P 6.00 $b MED $c MED $e MED3A $f C0005240419 $h ACFLALE $k ARA R TAH $o 0 $p 6.00 $r PRETLIV $s ARA_R_TAH $w 6 $y 2024-04-16

