02954cam a2200469   4500
001 259422
003 http://www.mediathequederoubaix.fr/ark:/20179/KH259422
010    $a 978-2-84865-596-3 $b rel. $d 15,50 EUR
020    $a FR $b 01330913
033    $a http://catalogue.bnf.fr/ark:/12148/cb435887217
035    $a FRBNF435887210000007
073  0 $a 9782848655963
090    $a 259422
091    $b 20240507 $c 1 $a 2
099    $t LI $c 2014-06-30 $d 2024-05-07 $x 40
100    $a 20130515d2013    a  y0frey50      ba
101 0  $a fre
102    $a FR
105    $a ||||z   00|a|
106    $a r
181  0 $6 01 $a i  $b xxxe  
181    $6 02 $c txt $2 rdacontent
182  0 $6 01 $a n
182    $6 02 $c n $2 rdamedia
200 1  $a L'oeil du pigeon $b Texte imprimé $f Séverine Vidal, Guillaume Plantevin
210    $a Paris $c Sarbacane $d DL 2013 $e 85-Luçon $g Impr. Pollina
215    $a 1 vol. (non paginé [24] p.) $c ill. en coul., couv. ill. en coul. $d 34 cm
225    $a Collection dirigée par Emmanuelle Beulque
321    $a La Revue des livres pour enfants $x 0398-8384
329    $c Intéressant $a C'est Léon, le pigeon, qui raconte. De ses postes d'observation il en voit des choses et il en connaît des histoires ! Sa préférée est celle de Youri et Rose qu'il trouvait faits l'un pour l'autre mais dont les chemins se croisaient sans se rencontrer, jusqu'à ce que Léon emploie les grands moyens. Alors ils se marièrent. L'illustration intérieure est intéressante, offrant de beaux cadrages dans des gammes de couleurs variées. Dommage que l'image de couverture soit moins réussie ! $d 20130516 $f NBE $2 CNLJ $k Avis critique donné par le Centre national de la littérature pour la jeunesse
330    $a Un pigeon raconte l'histoire de deux enfants qui grandissent dans le même quartier mais ne se rencontrent jamais. Jusqu'au jour où le pigeon force le destin pour que les deux enfants, devenus de jeunes gens, se découvrent enfin.
333    $a À partir de 6 ans $2 CNLJ $k Avis critique donné par le Centre national de la littérature pour la jeunesse
339    $a a
410  0 $0 42506712 $t Collection dirigée par Emmanuelle Beulque $d 2013
608    $a Albums $2 CNLJ $k Avis critique donné par le Centre national de la littérature pour la jeunesse
686    $a 809 $2 Cadre de classement de la Bibliographie nationale française
700    $3 16192662 $9 103099 $o ISNI0000000382131401 $a Vidal $b Séverine $f 1969-.... $4 070
701    $3 16216623 $9 109524 $o ISNI0000000355740682 $a Plantevin $b Guillaume $4 070
801  0 $a FR $b FR-751131015 $c 20130515 $g AFNOR $h FRBNF435887210000007 $2 intermrc
999    $a FRBNF435887210000007
995    $0 3 $2 1 $4 0 $5 2013-08-31 $9 296944 $P 15.50 $b MED $c MED $e MED2A $f C0005831715 $h JABEFAE $k E A/PLA $n 2019-02-02 $o 4 $p 15.50 $r PRETLIV $s E_A_PLA $w 40 $y 2018-12-22 $7 Bateau Livre
995    $0 0 $2 0 $4 0 $5 2013-08-21 $9 296945 $P 15.50 $b MED $c MED $e MED0A $f C0005834853 $h JABEFAE $k EXT E A/VID $o 0 $p 15.50 $r PRETLIV $s EXT_E_A_VID $w 3 $y 2018-06-22 $7 Bateau Livre

