01833cam a2200373   4500
001 259577
003 http://www.mediathequederoubaix.fr/ark:/20179/KH259577
010    $a 978-2-8236-0235-7 $b br. $d 19,50 EUR
020    $a FR $b 01358061
033    $a http://catalogue.bnf.fr/ark:/12148/cb436700231
035    $a FRBNF436700230000006
073  0 $a 9782823602357
090    $a 259577
091    $b 20240507 $c 1 $a 2
099    $t LI $c 2014-06-30 $d 2024-05-07 $x 14
100    $a 20130917d2013    m  y0frey50      ba
101 0  $a fre
102    $a FR
105    $a ||||z   00|a|
106    $a r
181  0 $6 01 $a i  $b xxxe  
181    $6 02 $c txt $2 rdacontent
182  0 $6 01 $a n
182    $6 02 $c n $2 rdamedia
200 1  $a La grâce des brigands $b Texte imprimé $f Véronique Ovaldé
210    $a [Paris] $c Éd. de l'Olivier $d DL 2013 $e 27-Mesnil-sur-l'Estrée $g Impr. CPI Firmin-Didot
215    $a 1 vol. (283 p.) $c couv. et jaquette ill. en coul. $d 21 cm
330    $a Dans les années 1970, Maria Cristina Väätonen, 16 ans, décide de quitter sa ville natale du Grand Nord et ses parents toxiques, pour s'installer à Santa Monica. C'est le début pour elle d'une nouvelle aventure. Elle écrira un roman à succès dans lequel elle réglera ses comptes avec les membres de sa famille et deviendra l'amante de Rafael Claramunt, séducteur invétéré et écrivain excentrique.
339    $a m
686    $a 803 $2 Cadre de classement de la Bibliographie nationale française
700    $3 12527070 $9 2710 $o ISNI0000000121410752 $a Ovaldé $b Véronique $f 1972-.... $4 070
801  0 $a FR $b FR-751131015 $c 20130917 $g AFNOR $h FRBNF436700230000006 $2 intermrc
999    $a FRBNF436700230000006
995    $0 0 $2 0 $4 0 $5 2013-08-30 $9 297201 $P 19.50 $b MED $c MED $e MED1A $f C0005831265 $h ALTROZZ $k R/OVA $o 0 $p 19.50 $r PRETLIV $s R_OVA $u manque la puce $w 20 $y 2021-02-27 $7 ALIZE-SFL

