02309ng  a22003371i 4500
001 259698
003 http://www.mediathequederoubaix.fr/ark:/20179/KH259698
005 20240507035211.0
090    $a 259698
091    $a 1 $b 20240507 $c 0
099    $t VD $c 2014-06-30 $d 2024-05-07 $x 2
100    $a 20130903d2008    u  y0frey5003    ba
101    $a fre
200    $a René Vautier : Caméra au poing $b DVD $f Linda Tahir, réal.
210    $c Rose Night Production
215    $a 1 DVD (52 min) $c 4/3,
225 2  $a Les cinéastes algériens
300    $a Prêt + Consultation
330    $a Son cinéma d'intervention directe alliant rigueur et créativité lui a permis pendant 30 ans de donner la parole à ceux qui en sont privés. Documentaliste engagé, il filme les luttes sociales en France aussi bien que les soubresauts de la décolonisation en Afrique. Né en 1928, René Vautier s'engage dans la Résistance et reçoit la croix de guerre à l'âge de 16 ans. Diplômé de l'IDHEC, il choisit de s'orienter vers le documentaire. A la sortie du film Afrique 50 le cinéaste cumule pas moins de 13 inculpations assortie d'une peine de prison. Au maquis, dans les rangs de l'ALN, René Vautier réalise en 1958 Algérie en Flamme, le film qui va asseoir sa réputation de documentaliste. C'est au cours de ce conflit qu'une rafale de mitrailleuse fait exploser sa caméra en lui logeant un morceau d'objectif à l'arrière du crâne. De retour dans sa Bretagne natale, René Vautier poursuit son travail de documentaliste. Mais paradoxalement, c'est avec un film de fiction Avoir vingt ans dans les Aurès qu'il accède à la gloire internationale.
339    $a m
345    $b RENEVAUTIER
410    $t Les cinéastes algériens
606 0  $a Cinéma $y France $z 1945-1960 $x DVD $2 rameau
606 0  $a Cinéma $y France $z 1960-1990 $x DVD $2 rameau
606 0  $a Cinéma $y Algérie $z 1960-1990 $x DVD $2 rameau
615    $a Documentaire Cinéma
676    $a 791.43
600    $7 ba0yba0y $8 fre    $a Vautier $b René $f 1928-2015 $3 13521882 $9 99938 $x DVD $2 rameau $9 99938
700  1 $4 300 $a Tahir $b Linda
801  0 $a FR $b COLACO $c 20130903 $g AFNOR
995    $0 0 $2 0 $4 0 $5 2013-10-01 $9 297331 $P 34.92 $b MED $c MED $e MED1A $f C0005658138 $h AAPCIDC $k DVD/794 VAU $o 0 $p 34.92 $r PRETDVD $s DVD_794_000000000000000_VAU $u coup de coeur $w 5 $y 2015-07-25 $7 COLACO $A 0

