02487cam a2200517   4500
001 259835
003 http://www.mediathequederoubaix.fr/ark:/20179/KH259835
010    $a 978-2-266-23507-5 $b br. $d 15,90 EUR
020    $a FR $b 01264588
033    $a http://catalogue.bnf.fr/ark:/12148/cb42792960n
035    $a FRBNF427929600000006
073  0 $a 9782266235075
090    $a 259835
091    $b 20240507 $c 1 $a 2
099    $t LI $c 2014-06-30 $d 2024-05-07 $x 12
100    $a 20121119d2012    m  y0frey50      ba
101 1  $a fre $c eng
102    $a FR
105    $a ||||z   00|a|
106    $a r
181  0 $6 01 $a i  $b xxxe  
181    $6 02 $c txt $2 rdacontent
182  0 $6 01 $a n
182    $6 02 $c n $2 rdamedia
200 1  $a L'arcane des épées $e intégrale $h 2 $b Texte imprimé $f Tad Williams $g traduit de l'américain par Jacques Collin
210    $a Paris $c Pocket $d impr. 2012 $e impr. en Italie
215    $a 1 vol. (1238 p.) $c carte, couv. ill. en coul. $d 18 cm
225    $a Pocket $i Science-fiction $e fantasy
300    $a Réunit : "La maison de l'ancêtre" et "La pierre de l'adieu", trad. de : "Stone of farewell" ; "Le livre du nécromant", trad. de : "To green angel tower"
308    $a 7127
327    $a La maison de l'ancêtre ; $a La pierre de l'adieu ; $a Le livre du Nécromant
330    $a Sur le trône du dragon siège depuis 500 ans le souverain des nations humaines. Le roi de l'Orage évincé n'est plus qu'un mort vivant qui attend sa revanche. Quelques humains, réunis dans la Ligue du parchemin clandestin, n'oublient pas la prophétie : celui qui rassemblera les 3 épées gagnera le pouvoir sur le monde.
339    $a m
410  0 $0 34231852 $t Presses pocket. Science fiction $x 0398-3749 $d 2012
410  0 $0 34228117 $t Presses pocket (Paris) $x 0244-6405 $v 7127
423  0 $t La maison de l'ancêtre
423  0 $t La pierre de l'adieu
423  0 $t Le livre du nécromant
454  0 $t Stone of farewell
454  0 $t To green angel tower
686    $a 803 $2 Cadre de classement de la Bibliographie nationale française
700    $3 12711520 $9 58227 $o ISNI0000000071407423 $a Williams $b Tad $f 1957-.... $4 070
702    $3 12095390 $9 9188 $o ISNI0000000120984447 $a Collin $b Jacques $f 1962-.... $4 730
801  0 $a FR $b FR-751131015 $c 20121119 $g AFNOR $h FRBNF427929600000006 $2 intermrc
999    $a FRBNF427929600000006
995    $0 0 $2 0 $4 0 $5 2013-10-11 $9 297467 $P 15.90 $b MED $c MED $e MED1A $f C0005858279 $h ALTIGFA $k FAN/WIL $o 0 $p 15.90 $r PRETLIV $s FAN_WIL $w 16 $y 2024-04-20 $7 ALIZE-SFL

