02225cam a2200469   4500
001 260038
003 http://www.mediathequederoubaix.fr/ark:/20179/KH260038
010    $a 978-2-7460-8025-6 $b br. $d 26,50 EUR
020    $a FR $b 01356511
033    $a http://catalogue.bnf.fr/ark:/12148/cb43654675g
035    $a FRBNF436546750000006
073  0 $a 9782746080256
090    $a 260038
091    $b 20240507 $c 1 $a 2
099    $t LI $c 2014-06-30 $d 2024-05-07 $x 1
100    $a 20130821d2013    m  y0frey50      ba
101 0  $a fre
102    $a FR
105    $a ||||z   00|y|
106    $a r
181  0 $6 01 $a i  $b xxxe  
181    $6 02 $c txt $2 rdacontent
182  0 $6 01 $a n
182    $6 02 $c n $2 rdamedia
200 1  $a Référencement de votre site web $b Texte imprimé $e Google et autres moteurs de recherche $f Marie Prat
205    $a 4e éd.
210    $a Saint-Herblain $c Éd. ENI $d cop. 2013
215    $a 1 vol. (285 p.) $c ill., couv. ill. en coul. $d 21 cm
225    $a Objectif Web
300    $a Notice réd. d'après la couv.
300    $a Le livre contient une adresse internet permettant l'accès à un contenu complémentaire
300    $a Glossaire. Index
330    $a Présentation de toutes les étapes de référencement sur Google, en commençant par l'examen des critères de pertinence utilisés par le moteur. De la définition des mots-clés lors de la phase de conception du site aux techniques de netlinking en passant par l'optimisation du code HTML, le lecteur apprendra comment référencer concrètement son site web auprès de Google et autres moteurs de recherche.
339    $a m
410  0 $0 42497523 $t Objectif web $x 2263-3626 $d 2013
606    $3 13599943 $9 102592 $a Sites Web $x Référencement $2 rameau
676    $a 658.872 $v 23
686    $a 004 $2 Cadre de classement de la Bibliographie nationale française
700    $3 15055284 $9 114927 $o ISNI0000000364723673 $a Prat $b Marie $f 1963-.... $4 070
801  0 $a FR $b FR-751131015 $c 20130821 $g AFNOR $h FRBNF436546750000006 $2 intermrc
999    $a FRBNF436546750000006
995    $0 0 $2 0 $4 0 $5 2013-09-20 $9 297669 $P 26.50 $b MED $c MED $e MED3D $f C0005427208 $h ACFBPZZ $k BIB PROF/4.46 PRA $o 0 $p 26.50 $r PRETLIV $s BIB_PROF4_46_000000000000000_P $w 3 $y 2022-08-10 $7 ALIZE-SFL

