01908ng  a22003731i 4500
001 260298
003 http://www.mediathequederoubaix.fr/ark:/20179/KH260298
005 20240507040034.0
010    $d 39,02 EUR
090    $a 260298
091    $a 1 $b 20240507 $c 0
099    $t VD $c 2014-06-30 $d 2024-05-07 $x 40
100    $a 20130927d2011    u  y0frey5003    ba
101    $a fre $a eng
102    $a UK
200    $a The hour $b DVD $f Coky Giedroyc, Harry Bradbeer, Jamie Payne, réal. $g Abi Morgan, scénario $g Daniel Giorgetti, mus. $h Saison 1
210    $a Angleterre $c Kudos Productions $d 2013
215    $a 2 DVD (6 h 00 min) $c coul., sonore
305    $a Versions française et anglaise
323    $a Interprètes : Ben Whishaw, Romola Garai, Dominic West... [et al.]
330    $a Londres, 1956. Alors que l’émission The Hour, pionnier de l’information télévisée, vient d’être créée, deux de ses journalistes découvrent une conspiration qui pourrait tout changer&lt;U+2026&gt;
339    $a m
606 0  $a Séries télévisées $y Grande-Bretagne $y Angleterre (GB) $x DVD $2 rameau
700  1 $7 ba0yba0y $8 fre    $3 14101219 $9 115011 $4 300 $7 ba0yba0y $8 fre    $a Giedroyc $b Coky $f 1962-....
701  1 $4 370 $a Bradbeer $b Harry
701    $7 ba0yba0y $8 fre    $a Payne $b Jamie $3 16553104 $4 370 $9 115012
702  1 $a Chancellor $b Anna
702    $7 ba0yba0y $8 fre    $a Whishaw $b Ben $f 1980-.... $3 15552649 $9 27464
702    $7 ba0yba0y $8 fre    $a West $b Dominic $f 1969-.... $3 14238662 $9 17476
702    $7 ba0yba0y $8 fre    $a Giorgetti $b Daniel $f 1971-.... $3 16925719 $4 230 $9 115010
702    $7 ba0yba0y $8 fre    $a Garai $b Romola $f 1982-.... $3 15081487 $9 115013
702    $7 ba0yba0y $8 fre    $a Morgan $b Abi $f 1968-.... $3 16614223 $4 690 $9 265223
801  0 $a FR $b COLACO $c 20130927 $g AFNOR
995    $0 0 $2 0 $4 0 $5 2013-11-09 $9 297949 $P 39.02 $b MED $c MED $e MED1A $f C0005671243 $h AAPCITV $k DVD/F HOU $o 0 $p 39.02 $r PRETDVD $s DVD_F_HOU $w 45 $y 2023-04-19 $7 COLACO $8  $A  $m  $z 

