01912cam a2200397   4500
001 260450
003 http://www.mediathequederoubaix.fr/ark:/20179/KH260450
010    $a 978-2-87929-815-3 $b br. $d 22 EUR
020    $a FR $b 01361062
033    $a http://catalogue.bnf.fr/ark:/12148/cb43687963n
035    $a FRBNF436879630000006
073  0 $a 9782879298153
090    $a 260450
091    $b 20240507 $c 1 $a 2
099    $t LI $c 2014-06-30 $d 2024-05-07 $x 1
100    $a 20131009d2013    m  y0frey50      ba
101 1  $a fre $c eng
102    $a FR
105    $a ||||z   00|a|
106    $a r
181  0 $6 01 $a i  $b xxxe  
181    $6 02 $c txt $2 rdacontent
182  0 $6 01 $a n
182    $6 02 $c n $2 rdamedia
200 1  $a Narcopolis $b Texte imprimé $f Jeet Thayil $g traduit de l'anglais (Inde) par Bernard Turle
210    $a [Paris] $c Éd. de l'Olivier $d DL 2013 $e 61-Lonrai $g Normandie roto impr.
215    $a 1 vol. (298 p.) $c couv. ill. en coul. $d 22 cm
330    $a Dans les années 1970, le narrateur vit dans les bas-fonds de Bombay, au coeur de la fumerie d'opium de Rashid. Il cherche à s'évader de cet univers délétère composé de dealers, maquereaux, touristes, junkies et de son amour pour Dimple, un jeune eunuque prostitué. Il y parvient mais lorsqu'il revient, guéri de ses obsessions, c'est pour constater que tous ceux qu'il a aimés ont disparu.
339    $a m
454  1 $t Narcopolis
686    $a 803 $2 Cadre de classement de la Bibliographie nationale française
700    $3 15549372 $9 71529 $o ISNI0000000078475824 $a Thayil $b Jeet $f 1959-.... $4 070
702    $3 12050944 $9 19084 $o ISNI0000000370023147 $a Turle $b Bernard $f 1955-.... $4 730
801  0 $a FR $b FR-751131015 $c 20131009 $g AFNOR $h FRBNF436879630000006 $2 intermrc
999    $a FRBNF436879630000006
995    $0 0 $2 0 $4 0 $5 2013-10-04 $9 298147 $P 22.00 $b MED $c MED $e MED1A $f C0005858910 $h ALTROZZ $k R/THA $o 0 $p 22.00 $r PRETLIV $s RTHA $w 8 $y 2016-08-06 $7 ALIZE-SFL

