02365cam a2200457   4500
001 260609
003 http://www.mediathequederoubaix.fr/ark:/20179/KH260609
010    $a 978-2-7590-1904-5 $b br. $d 22 EUR
020    $a FR $b 01308247
033    $a http://catalogue.bnf.fr/ark:/12148/cb435264748
035    $a FRBNF435264740000003
073  0 $a 9782759019045
090    $a 260609
091    $b 20240507 $c 1 $a 2
099    $t LI $c 2014-06-30 $d 2024-05-07 $x 37
100    $a 20130204d2013    m  y0frey50      ba
101 0  $a fre
102    $a FR
105    $a ||||z   00|y|
106    $a r
181  0 $6 01 $a i  $b xxxe  
181    $6 02 $c txt $2 rdacontent
182  0 $6 01 $a n
182    $6 02 $c n $2 rdamedia
200 1  $a 25 thèmes de note de synthèse $b Texte imprimé $f Brigitte Anciaux-Salvan $g ouvrage dirigé par Laurence Brunel
210    $a Levallois-Perret $c Studyrama $d impr. 2013 $e 21-Quetigny $g Impr. Darantière
215    $a 1 vol. (282 p.) $d 24 cm
225    $a Concours $e fonction publique
300    $a La couv. porte en plus : "objectif, épreuve catégories B & A, présentation détaillée des thèmes, conseils méthodologiques..."
312    $a Autre forme de titre : Vingt-cinq thèmes de note de synthèse
330    $a Cet ouvrage est destiné aux candidats aux concours de la fonction publique, pour la préparation de l'épreuve de la note de synthèse. Les sujets s'articulent autour de 25 thèmes : la démocratie participative, les réformes territoriales et ministérielles, la formation, le handicap, l'éducation et l'environnement, etc. Pour chaque thème : les principales connaissances, un sujet et une analyse.
339    $a m
410  0 $0 40098081 $t Collection Concours (Levallois-Perret) $x 1950-2095 $d 2013
517 1  $a Vingt-cinq thèmes de note de synthèse
676    $a 351.076 $v 23
686    $a 350 $2 Cadre de classement de la Bibliographie nationale française
700    $3 16664294 $9 43869 $o ISNI0000000401776599 $a Anciaux-Salvan $b Brigitte $4 070
702    $3 16224183 $9 111184 $o ISNI0000000123219943 $a Brunel $b Laurence $f 1962-.... $4 651
801  0 $a FR $b FR-751131015 $c 20130204 $g AFNOR $h FRBNF435264740000003 $2 intermrc
999    $a FRBNF435264740000003
995    $0 0 $2 0 $4 0 $5 2013-11-14 $9 298327 $P 22.00 $b MED $c MED $e MED3A $f C0005655861 $h ACFRUZZ $k Doc./034 NOT $o 0 $p 22.00 $r PRETLIV $s DOC___034_000000000000000_NOT $w 39 $y 2022-03-22 $7 ALIZE-SFL

