02366cam a2200433   4500
001 260793
003 http://www.mediathequederoubaix.fr/ark:/20179/KH260793
010    $a 978-2-311-10004-4 $b br. $d 19,90 EUR
020    $a FR $b 01353259
033    $a http://catalogue.bnf.fr/ark:/12148/cb436529974
035    $a FRBNF436529970000000
073  0 $a 9782311100044
090    $a 260793
091    $b 20240507 $c 1 $a 2
099    $t LI $c 2014-06-30 $d 2024-05-07 $x 5
100    $a 20130816d2013    m  y0frey50      ba
101 1  $a fre $c eng
102    $a FR
105    $a ||||z   00|y|
106    $a r
181  0 $6 01 $a i  $b xxxe  
181    $6 02 $c txt $2 rdacontent
182  0 $6 01 $a n
182    $6 02 $c n $2 rdamedia
200 1  $a Hollywood connection $b Texte imprimé $e l'histoire vraie du crime organisé à Hollywood $f Michael Munn $g traduit de l'anglais par Serge Halff
210    $a Paris $c Vuibert $d impr. 2013 $e 53-Lassay-les-Châteaux $g Impr. EMD
215    $a 1 vol. (317 p.) $c ill., couv. ill. $d 22 cm
330    $a A partir de témoignages, comme ceux des acteurs Tony Curtis ou Lauren Bacall, M. Munn explique comment le crime organisé a infiltré l'industrie cinématographique américaine. Dans la première moitié du XXe siècle, attirés par l'argent qu'elle génère, les gangs en prennent le contrôle en s'infiltrant dans les syndicats et les grands noms de la mafia se mêlent à la société hollywoodienne.
339    $a m
606    $3 11934226 $9 4656 $a Célébrités $3 13162783 $9 9347 $y Hollywood (Calif., États-Unis) $3 11975995 $9 324 $z 20e siècle $2 rameau
606    $3 13319092 $9 122284 $a Criminels $3 13162783 $9 9347 $y Hollywood (Calif., États-Unis) $3 11975995 $9 324 $z 20e siècle $2 rameau
606    $3 11942283 $9 276943 $a Industrie du cinéma $3 13162783 $9 9347 $y Hollywood (Calif., États-Unis) $2 rameau
676    $a 791.430 9730904 $v 23
686    $a 920 $2 Cadre de classement de la Bibliographie nationale française
700    $3 16276640 $9 115202 $o ISNI0000000118725841 $a Munn $b Michael $4 070
702    $3 14552936 $9 115203 $o ISNI000000000314123X $a Halff $b Serge $4 730
801  0 $a FR $b FR-751131015 $c 20130816 $g AFNOR $h FRBNF436529970000000 $2 intermrc
999    $a FRBNF436529970000000
995    $0 0 $2 0 $4 0 $5 2013-10-15 $9 298510 $P 19.90 $b MED $c MED $e MED1A $f C0005825387 $h AAPCIDC $k Doc./791 AME $n 2024-05-23 $o 0 $p 19.90 $r PRETLIV $s DOC__791_000000000000000_AME $w 8 $y 2024-04-10 $7 ALIZE-SFL

