02253cam a22004453  4500
001 260952
003 http://www.mediathequederoubaix.fr/ark:/20179/KH260952
010    $a 978-2-88480-663-3 $b Rel. $d 4,90 EUR
033    $a http://catalogue.bnf.fr/ark:/12148/cb434885596
035    $a FRBNF434885590000000
039    $o ALS $a 1847512
073  0 $a 9782884806633
090    $a 260952
091    $a 2 $b 20240507 $c 1
099    $t LI $c 2014-06-30 $d 2024-05-07 $x 480
100    $a 20130709d2013    a  y0frey50      ba
101 0  $a fre
102    $a CH
105    $a a   z   00|y|
106    $a r
181  0 $6 01 $a i  $b xxxe   $a b  $b xb2e  
181    $6 02 $c txt $c sti $2 rdacontent
182  0 $6 01 $a n
182    $6 02 $c n $2 rdamedia
200 1  $a Max et Lili en ont marre de se dépêcher $b Texte imprimé $f [texte de] Dominique de Saint-Mars $g [ill. par] Serge Bloch
210    $a [Coppet (Suisse)] $c Calligram-Christian Gallimard $d cop. 2013
215    $a 1 vol. (45 p.) $c ill. en coul. $d 16 cm
225 19 $a Max et Lili
225    $a Ainsi va la vie $v 103
330    $a Max est toujours en retard parce qu'il s'intéresse à tout. Quant à Lili, il ne faut surtout pas lui demander de se dépêcher ou elle va encore plus lentement. Un livre sur la notion du temps.
339    $a a
410  0 $0 36943463 $t Ainsi va la vie $x 1424-1382 $v 103
608    $a Premières lectures $2 CNLJ $k Avis critique donné par le Centre national de la littérature pour la jeunesse
700    $3 12039034 $9 5798 $o ISNI0000000121236299 $a Saint-Mars $b Dominique de $f 1949-.... $4 070
702    $3 11892391 $9 913 $o ISNI0000000122769687 $a Bloch $b Serge $f 1956-.... $4 440
801  0 $a FR $b FR-751131015 $c 20130709 $g AFNOR $h FRBNF434885590000000 $2 intermrc
999    $a FRBNF434885590000000
995    $0 0 $2 0 $4 0 $5 2013-12-07 $9 298767 $P 1.00 $b MED $c MED $e MED0A $f C0005822041 $h JABEFAE $k EXT E A/SAI $o 0 $p 1.00 $r PRETLIV $s EXT_E_A_SAI $w 8 $y 2023-12-27 $7 Bateau Livre
995    $0 0 $2 0 $4 0 $5 2021-03-24 $9 424390 $P 4.90 $b BUS $c BUS $e BUS1A $f C3500012854 $h JABEFAE $k BUS E A/SAI $n 2024-05-18 $o 0 $r PRETLIV $s BUS_E_A_SAI $w 37 $y 2024-04-27 $A 0
995    $0 0 $2 0 $3 0 $4 0 $5 2024-01-24 $9 472566 $P 6.20 $b MED $c MED $e MED2A $f C2500034619 $h JABEFAE $k E A/BLO $n 2024-05-23 $o 0 $p 6.20 $r PRETLIV $s E_A_BLO $u Réparations médiathèque 02/04/2024 $w 5 $y 2024-05-02 $A 0

