01363nc  a2200265 n 4500
001 261104
003 http://www.mediathequederoubaix.fr/ark:/20179/KH261104
005 20240507041030.0
010    $a 978-0-8256-1313-5
090    $a 261104
091    $a 2 $b 20240507 $c 0
099    $t PA $c 2014-06-30 $d 2024-05-07 $x 14
100    $a          1991         frey5003    ba
101    $a    
102    $a   
200    $a Classic AC/DC $b Musique imprimée $e the early years $e High Voltage ; Let there be rock $f AC/DC
210    $a New York $a London $a Sydney $c Amsco publications $d 1991
215    $a 169 p. $c couv. ill. en coul. $d 30 cm
327    $a High voltage : It's a long way to the top (if you wanna rock'n'roll) $a Rok'n'roll singer $a The Jack $a Live wire $a T.N.T. $a Can I sit next tou you girl $a Little lover $a She's got balls $a High voltage $a Bad boy boogie $a Let there be rock : Dog eat dog $a Go down $a Hel ain't a bad place to be $a Let there be rock $a Overdose $a Problem child $a Whole lotta Rosie
339    $a m
606 0  $7 ba0yba0y $8 fre    $3 12471027 $9 166 $a Hard rock $x Partitions $y Australie $2 rameau
679    $a 2 $c 50
710    $7 ba0yba0y $8 fre    $a AC/DC $3 13901479 $9 3112
801    $a FR $b 595126101 $c 20131022 $g AFNOR
995    $0 0 $2 0 $4 0 $5 2013-10-19 $9 298964 $P 22.99 $b MED $c MED $e MED1A $f C0005416479 $h AMV20ZZ $k PA/2 ACD $o 0 $p 22.99 $r PRETPAR $s PA_2_000000000000000_ACD $w 15 $y 2023-10-10 $7 Allegro Partition

