01129nc  a2200265 n 4500
001 261245
003 http://www.mediathequederoubaix.fr/ark:/20179/KH261245
005 20240507041723.0
090    $a 261245
091    $a 2 $b 20240507 $c 0
099    $t PA $c 2014-06-30 $d 2024-05-07 $x 10
100    $a          2011         frey5003    ba
101    $a    
102    $a   
200    $a Un monstre à Paris $b Musique imprimée $f Vanessa Paradis & M
210    $a Paris $c EuropaCorp $c Bibo films $c France 3 Cinéma $d 2011
215    $a 40 p. $c ill., couv. ill. $d 31 cm
327    $a Émile et Raoul $a Sur les toits $a Maynott $a Un monstre à Paris $a Cabaret $a La Seine $a Papa Paname $a L'amour dans l'âme $a Flashback $a Un p'tit baiser
339    $a m
679    $a 511
700    $7 ba0yba0y $8 fre    $a Paradis $b Vanessa $f 1972-.... $3 12502529 $9 7113
701    $7 ba0yba0y $8 fre    $a M. $f 1971-.... $3 14004295 $9 309722
801    $a FR $b 595126101 $c 20131106 $g AFNOR
010    $a 9790231308068
995    $0 0 $2 0 $4 0 $5 2013-10-22 $9 299106 $P 19.88 $b MED $c MED $e MED1A $f C0005417025 $h AMV50ZZ $k PA/511 MON $o 0 $p 19.88 $r PRETPAR $s PA_511_000000000000000_MON $w 11 $y 2022-03-12 $7 Allegro Partitions

