01228nj  a22002652  4500
001 261399
003 http://www.mediathequederoubaix.fr/ark:/20179/KH261399
005 20240507041753.0
071 01 $a 3280912 $b Tôt ou Tard
090    $a 261399
091    $a 1 $b 20240507 $c 0
099    $t DC $c 2014-06-30 $d 2024-05-07 $x 11
100    $a 20131021f20132013m  y0frey5003    ba
101    $a fre
200    $a Donne-moi un petit baiser $b Enr. sonore $f Thomas Fersen $g The Ginger Accident
210    $d P 2013
215    $a 1 d.c. $e 1 Livret-collé (n.p.; 12 cm)
327    $a Donne-moi un petit baiser $a Mais oui mesdames $a Les pingouins des îles $a Mes compétences $a Jean $a Qui est ce baigneur ? $a La boxe à l'anglo-saxonne $a Joe-la-classe $a Viens mon michel $a Les femmes préfèrent $a Coccinelle
339    $a m
345    $a CDMAIL $b 3596972809125
679    $a 099.2
700    $7 ba0yba0y $8 fre    $a Fersen $b Thomas $f 1963-.... $3 13932679 $9 14426
711    $7 ba0yba0y $8 fre    $a The Ginger accident $3 16542823 $9 115460
801  0 $a FR $b CDMAIL $c 20131109 $g AFNOR
995    $0 0 $2 0 $4 0 $5 2013-11-08 $9 299265 $P 16.86 $b MED $c MED $e MED3C $f C0005418572 $h AMV80ZZ $k DC/099.2 FER $l contient 1 DC + 1 livret coll $o 0 $p 16.86 $r PRETSON $s DC_099_200000000000000_FER $w 20 $y 2021-04-23 $7 CDMail

