00810na  a2200229 n 4500
001 261559
003 http://www.mediathequederoubaix.fr/ark:/20179/KH261559
005 20240507041824.0
010    $a 9788432215629
090    $a 261559
091    $a 2 $b 20240507 $c 0
099    $t LI $c 2014-06-30 $d 2024-05-07 $x 5
100    $a          2013         frey5003    ba
101    $a spa
200    $a Aire de Dylan $d [Air de Dylan] $f Enrique Vila-Matas
210    $a Barcelona $c Booket $d 2013
215    $a 1 vol. (327 p.) $d 19 cm
300    $a En espagnol
339    $a m
700    $7 ba0yba0y $8 fre    $a Vila-Matas $b Enrique $f 1948-.... $3 12032287 $9 32103
801    $a FR $b 595126101 $c 20131024 $g AFNOR
995    $0 0 $2 0 $4 0 $5 2013-10-24 $9 299425 $P 11.00 $b MED $c MED $e MED3A $f C0005836444 $h ACFLALE $k ESP R VIL $o 0 $p 11.00 $r PRETLIV $s ESP_R_VIL $w 5 $y 2019-06-21

