02109cam a2200421   4500
001 261698
003 http://www.mediathequederoubaix.fr/ark:/20179/KH261698
010    $a 978-2-07-014289-7 $b br. $d 12,50 EUR
020    $a FR $b 01368823
033    $a http://catalogue.bnf.fr/ark:/12148/cb43699520z
035    $a FRBNF43699520000000X
073  0 $a 9782070142897
090    $a 261698
091    $a 2 $b 20240507 $c 1
099    $t LI $c 2014-06-30 $d 2024-05-07 $x 15
100    $a 20131025d2013    m  y0frey50      ba
101 0  $a fre
102    $a FR
105    $a ||||z   00|y|
106    $a r
181  0 $6 01 $a i  $b xxxe  
181    $6 02 $c txt $2 rdacontent
182  0 $6 01 $a n
182    $6 02 $c n $2 rdamedia
200 1  $a Gouverner au nom d'Allah $b Texte imprimé $e islamisation et soif de pouvoir dans le monde arabe $f Boualem Sansal
210    $a [Paris] $c Gallimard $d impr. 2013 $e 53-Mayenne $g Impr. Floch
215    $a 1 vol. (154 p.) $d 21 cm
300    $a En appendice, choix de documents
330    $a Un panorama synthétique de l'islam contemporain et de ses rapports avec les pouvoirs politiques. Après avoir brossé un tableau d'ensemble des courants musulmans, B. Sansal s'interroge sur les acteurs de la propagation de l'islamisme, l'échec de l'intégration des émigrés dans les pays d'accueil, et, plus largement, sur l'identité du monde arabe, qu'il considère comme une fiction.
339    $a m
606    $3 14612334 $9 3190 $a Islamisme $3 11931634 $9 4349 $y Pays arabes $3 12432924 $9 2858 $z 1990-2020 $2 rameau
606    $3 11982261 $9 34537 $a Politique et gouvernement $y Pays arabes $3 12432924 $9 2858 $z 1990-2020 $2 rameau
676    $a 320.557 0956 $v 23
686    $a 320 $2 Cadre de classement de la Bibliographie nationale française
700    $3 12272580 $9 49718 $o ISNI0000000120183340 $a Sansal $b Boualem $f 1949-.... $4 070
801  0 $a FR $b FR-751131015 $c 20131025 $g AFNOR $h FRBNF43699520000000X $2 intermrc
999    $a FRBNF43699520000000X
995    $0 0 $2 0 $4 0 $5 2013-11-20 $9 299569 $P 12.50 $b MED $c MED $e MED3A $f C0005654321 $h ACFREZZ $k Doc./256 ABC $o 0 $p 12.50 $r PRETLIV $s DOC___256_000000000000000_ABC $w 20 $y 2021-05-21 $7 ALIZE-SFL

