01621ng  a22003131i 4500
001 261843
003 http://www.mediathequederoubaix.fr/ark:/20179/KH261843
005 20240507042553.0
010    $d 34,37 EUR
090    $a 261843
091    $a 1 $b 20240507 $c 0
099    $t VD $c 2014-06-30 $d 2024-05-07 $x 27
100    $a 20131109d2010    u  y0frey5003    ba
101    $a per $j fre
102    $a IR
200    $a The hunter $b DVD $f Rafi Pitts, réal. $g Mitra Hajjar, Malek Jahan Khazai... [et al.], act. $g Rafi Pitts, scénario
210    $c Blaq Out $d 2013
215    $a 1 DVD (1h 30min) PAL $c 16/9 compatible 4/3, Couleur, Dolby Digital 2.0, 5.1
300    $a Interview avec Rafi Pitts, 3 scènes commentées, Bandes annonces.
300    $a Prêt + Consultation
330    $a Téhéran, 2009. Ali récemment libéré de prison est veilleur de nuit dans une usine. Il vit à contretemps de sa femme et sa fille. Lorsqu'elles disparaissent dans les émeutes qui secouent la ville, Ali devient le chasseur, poursuivant froidement de sa haine un ennemi insaisissable, caché au coeur des villes aussi bien qu'en lui même.
339    $a m
606 0  $a Cinéma $y Iran $z 1990-.... $x DVD $2 rameau
606 0  $7 ba0yba0y $8 fre    $3 12494604 $9 76008 $a Films à suspense $x DVD $y Iran $2 rameau
700    $7 ba0yba0y $8 fre    $a Pitts $b Rafi $f 1967-.... $3 15041281 $4 370 $4 005 $4 690 $9 304983
702  1 $4 005 $a Hajjar $b Mitra
702  1 $4 005 $a Jahan Khazai $b Malek
801  0 $a FR $b COLACO $c 20131109 $g AFNOR
995    $0 0 $2 0 $4 0 $5 2013-11-12 $9 299729 $P 34.37 $b MED $c MED $e MED1A $f C0005670666 $h AAPCIFI $k DVD/F PIT $o 0 $p 34.37 $r PRETDVD $s DVD_F_PIT $w 30 $y 2023-03-26 $7 COLACO $A 0

