01427nam a2200337 n 4500
001 261998
003 http://www.mediathequederoubaix.fr/ark:/20179/KH261998
005 20200710103426.0
010    $a 978-2-216-11953-0
090    $a 261998
091    $a 0 $s http://www.sudoc.fr/169384691 $m 3
099    $t LI $c 2014-06-30 $d 2014-06-30
100    $a AAAAMMJJ 2013         frey5003    ba
101    $a fre
102    $a   
200    $a Histoire, géographie, éducation civique $e bac pro- 1re $f sous la dir. de L. Blanes et de J. Michelin
205    $a 2e éd.
210    $a Malakoff $c Ed. Foucher $d 2013
215    $a 191 p. $c ill. en noir et en coul., couv. ill. en coul. $d 30 cm
225 2  $a Les nouveaux cahiers
300    $a Contient une image de la BNR, page 7 "La rue des Longues Haies à Roubaix vers 1910"
339    $a m
410    $t Les nouveaux cahiers
606 0  $9 244311 $a Histoire $x Manuels d'enseignement secondaire
606 0  $9 244314 $a Géographie $x Manuels d'enseignement secondaire
606 0  $9 255431 $a Éducation civique (enseignement secondaire)
702  1 $9 228174 $4 651 $a Blanes $b L.
702  1 $9 228175 $4 651 $a Michelin $b J.
801    $a FR $b 595126101 $c 20140402 $g AFNOR
930    $5 595126101:C0005429103 $b 595126101 $a MAG L/P 4/210 232 $e Fonds patrimonial
995    $0 0 $2 0 $4 0 $5 2013-11-19 $9 299907 $b MED $c MED $e MED3J $f C0005429103 $h PPEFGZZ $k MAG L/P 4/210 232 $o 2 $r PRETLIV $s MAG_LP_4210_232000000000000 $w 0 $y 2014-06-30 $7 Don

