02763cam a2200469   4500
001 262128
003 http://www.mediathequederoubaix.fr/ark:/20179/KH262128
010    $a 978-2-7467-3440-1 $b rel. $d 13,95 EUR
020    $a FR $b 01404442
033    $a http://catalogue.bnf.fr/ark:/12148/cb43717131j
035    $a FRBNF437171310000006
073  0 $a 9782746734401
090    $a 262128
091    $b 20240507 $c 1 $a 2
099    $t LI $c 2014-06-30 $d 2024-05-07 $x 34
100    $a 20131126d2013    a  y0frey50      ba
101 0  $a fre
102    $a FR
105    $a ||||z   00|a|
106    $a r
181  0 $6 01 $a i  $b xxxe  
181    $6 02 $c txt $2 rdacontent
182  0 $6 01 $a n
182    $6 02 $c n $2 rdamedia
200 1  $a Jour de neige $b Texte imprimé $f Delphine Chedru
210    $a Paris $c Autrement jeunesse $d impr. 2013 $e impr. en Chine
215    $a 1 vol. (non paginé [32] p.) $c tout en ill., couv. ill. en coul. $d 19 x 20 cm
225    $a Autrement jeunesse $x 1269-8733
300    $a Livre cartonné
321    $a La Revue des livres pour enfants $x 0398-8384
329    $c Bravo ! $a Dans ce petit livre carré, aux pages cartonnées, se déploie un beau paysage d'hiver dans la forêt. Tout au long de la journée, la neige commence à tomber puis installe un grand tapis blanc sur lequel viennent s'inscrire les traces des animaux que l'on devine au loin, courant vers un rendez-vous nocturne. Beauté d'une illustration très dépouillée, qui joue sur le contraste des couleurs en aplat dans une palette de tons bleus ; simplicité des formes ; jeu de cache-cache et de reconnaissance des empreintes d'animaux, ce petit livre sans texte propose de plus une chute avec une amusante mise en abyme. C.B. $d 20131209 $f CB $2 CNLJ $k Avis critique donné par le Centre national de la littérature pour la jeunesse
330    $a C'est l'hiver. Les animaux sortent un à un dans la neige immaculée et se retrouvent à la tombée de la nuit dans une maisonnette.
333    $a De 0 à 3 ans $2 CNLJ $k Avis critique donné par le Centre national de la littérature pour la jeunesse
339    $a a
410  0 $0 34288962 $t Autrement jeunesse (Paris) $x 1269-8733 $d 2013
608    $a Albums $2 CNLJ $k Avis critique donné par le Centre national de la littérature pour la jeunesse
609 0  $7 ba0yba0y $8 fre    $a Livres de bébé
686    $a 809 $2 Cadre de classement de la Bibliographie nationale française
700    $3 15577094 $9 36008 $o ISNI0000000073275006 $a Chedru $b Delphine $f 1971-.... $4 070
801  0 $a FR $b FR-751131015 $c 20131126 $g AFNOR $h FRBNF437171310000006 $2 intermrc
999    $a FRBNF437171310000006
995    $0 0 $2 0 $4 0 $5 2014-01-02 $9 300102 $P 13.95 $b MED $c MED $e MED0A $f C0005650361 $h JABPFAF $k EXT PE A/CHE $o 0 $p 13.95 $r PRETLIV $s EXT_PE_A_CHE $u HIVER/NOËL $w 8 $y 2021-09-02

