02004cam a2200433   4500
001 262257
003 http://www.mediathequederoubaix.fr/ark:/20179/KH262257
010    $a 978-2-226-25157-2 $b br. $d 17,50 EUR
020    $a FR $b 01365980
033    $a http://catalogue.bnf.fr/ark:/12148/cb437120494
035    $a FRBNF437120490000002
073  0 $a 9782226251572
090    $a 262257
091    $b 20240507 $c 1 $a 2
099    $t LI $c 2014-06-30 $d 2024-05-07 $x 26
100    $a 20131118d2013    m  y0frey50      ba
101 0  $a fre $a eng
102    $a FR
105    $a ||||z   00|y|
106    $a r
181  0 $6 01 $a i  $b xxxe  
181    $6 02 $c txt $2 rdacontent
182  0 $6 01 $a n
182    $6 02 $c n $2 rdamedia
200 1  $a Dictionnaire français anglais des expressions populaires $b Texte imprimé $e 7000 expressions + 1 glossaire des faux anglicismes $f Bernard Vincent
210    $a Paris $c A. Michel $d impr. 2013 $e 18-Saint-Amand-Montrond $g Impr. CPI Bussière
215    $a 1 vol. (452 p.) $c couv. ill. $d 24 cm
300    $a Glossaire
330    $a Dictionnaire bilingue des expressions populaires et argotiques, des dictons et des proverbes.
339    $a m
606    $3 11931512 $9 20375 $a Gallicismes (idiotismes) $3 12005226 $9 10246 $x Dictionnaires anglais $2 rameau
606    $3 11943986 $9 96865 $a Anglicismes (idiotismes) $3 12037583 $9 5279 $x Dictionnaires français $2 rameau
676    $a 428.1 $v 23
686    $a 400 $2 Cadre de classement de la Bibliographie nationale française
700    $3 12093207 $9 68310 $o ISNI0000000121476161 $a Vincent $b Bernard $f 1935-.... $4 070
801  0 $a FR $b FR-751131015 $c 20131118 $g AFNOR $h FRBNF437120490000002 $2 intermrc
999    $a FRBNF437120490000002
995    $0 0 $2 0 $4 0 $5 2013-11-27 $9 300274 $P 17.50 $b MED $c MED $e MED2B $f C0005813063 $h ACFUEZZ $k U ETUD/423 VIN $o 2 $p 17.50 $r PRETLIV $s U_ETUD423_VIN $w 0 $y 2014-06-30 $7 ALIZE-SFL
995    $0 3 $2 1 $4 0 $5 2013-12-11 $9 300275 $P 17.50 $b MED $c MED $e MED3A $f C0005837052 $h ACFLALE $k ANG ABC $n 2019-04-12 $o 4 $p 17.50 $r PRETLIV $s ANG_ABC $w 28 $y 2019-03-22 $7 ALIZE-SFL

