01799ng  a22003131i 4500
001 262405
003 http://www.mediathequederoubaix.fr/ark:/20179/KH262405
005 20240507043337.0
090    $a 262405
091    $a 1 $b 20240507 $c 0
099    $t VD $c 2014-06-30 $d 2024-05-07 $x 17
100    $a 20131127d2010    u  y0frey5003    ba
101    $a fre
102    $a FR
200    $a Bernard Werber le conteur du futur $b DVD $f Stéphane Krausz, réal.
210    $c Doriane Films $d 2011
215    $a 1 DVD (52 min) PAL $c , Couleur,
300    $a Bernard Werber l'atelier d'écriture, court métrage de Bernard Werber : Nos amis les Humains, bande-annonce du film. + Livret de 8 pages avec une nouvelle inédite de Bernard Werber : C'était mieux avant.
300    $a Prêt + Consultation
330    $a A travers ses voyages en Corée, en Chine, en Ukraine, en Russie, mais aussi chez lui, à Paris, ou lors de dédicaces et de conférences, l'auteur nous dévoile quelques facettes de son intimité, sa technique de création et sa vision du monde de demain... Avec des documents inédits et des archives personnelles de l'écrivain, ce documentaire nous propose une plongée dans le monde fantastique de Bernard Werber.
339    $a m
345    $b 3700246904892
600    $7 ba0yba0y $8 fre    $a Werber $b Bernard $f 1961-.... $3 12201382 $9 42007 $x DVD $2 rameau $9 42007
615    $a Documentaire Littérature - Théatre
676    $a 840.21
700    $7 ba0yba0y $8 fre    $a Krausz $b Stéphane $3 15040380 $4 300 $9 70731
702  1 $7 ba0yba0y $8 fre    $a Étienne $b Loïc $f 19..-.... $c médecin $4 230
801  0 $a FR $b COLACO $c 20131127 $g AFNOR
995    $0 0 $2 0 $3 0 $4 0 $5 2013-12-18 $9 300428 $P 32.69 $b MED $c MED $e MED1A $f C0005668649 $h ALTDCZZ $k DVD/SF DOC WEB $l Contient 1 livret $o 0 $p 32.69 $r PRETDVD $s DVDSF_DOC_WEB $w 18 $y 2021-11-10 $7 COLACO $A 0

