01863ca  a2200433 i 4500
001 262548
003 http://www.mediathequederoubaix.fr/ark:/20179/KH262548
005 20240507043416.0
010    $a 2-246-09313-9 $b br. $d 8,95 EUR
073  0 $a 9782246093138
090    $a 262548
091    $a 2 $b 20240507 $c 0 $s http://www.sudoc.fr/067831370 $m 3
099    $t LI $c 2014-06-30 $d 2024-05-07 $x 2
100    $a 20131115d2002    |  |0frey5003||||ba
101    $a fre $c ger
102    $a FR
105    $a         0||a|
106    $a r
200    $a Mario et le magicien $f Thomas Mann $g traduit de l'allemand par André Gaillard, Louise Servicen $g préface Jacques Brenner
205    $a Nouv. éd.
210    $a Paris $c Grasset $d 2002
215    $a 1 vol. (250 p.) $d 19 x 12 cm
225 2  $a Les cahiers rouges $v 133
327    $a Expériences occultes ; $a Doux sommeil ; $a La chute ; $a La volonté de bonheur ; $a La mort ; $a La vengeance ; $a Anecdote ; $a Seize ans
330    $a Le portrait d'un inquiétant hypnotiseur de foire qui exerce un pouvoir comparable à celui des dictateurs sur les foules.
339    $a m
345    $b 9782246093138
410    $t Les cahiers rouges $x 0756-7170 $v 133
676    $a 833 $v 22
700  1 $a Mann $b Thomas $f 1875-1955 $4 070
702  1 $3 12169460 $9 305680 $4 730 $a Gaillard $b André
702    $7 ba0yba0y $8 fre    $a Servicen $b Louise $f 1896-1975 $3 11924535 $4 730 $9 2494
702    $7 ba0yba0y $8 fre    $a Brenner $b Jacques $f 1922-2001 $3 11990782 $4 080 $c pseud. $9 74578
801  3 $a FR $b Electre $c 20131115 $g AFNOR
830    $a ELECTRE00A/DB/131004/CdeLitt5 (Non-livré) 20131130
856 4  $u http://www.electre.com//GetBlob.ashx?Ean=9782246093138,0-116110&Size=Original
921    $a NVL
939    $a 800 réa
995    $0 0 $2 0 $4 0 $5 2013-12-19 $9 300569 $P 8.95 $b MED $c MED $e MED1A $f C0005648986 $h ALTTCNV $k NVL/MAN $o 0 $p 8.95 $r PRETLIV $s NVLMAN $w 3 $y 2019-05-02 $7 ALIZE-SFL

