01809cam a2200421   4500
001 262677
003 http://www.mediathequederoubaix.fr/ark:/20179/KH262677
010    $a 978-2-226-25145-9 $b br. $d 24 EUR
020    $a FR $b 01353117
033    $a http://catalogue.bnf.fr/ark:/12148/cb43677536f
035    $a FRBNF436775360000003
073  0 $a 9782226251459
090    $a 262677
091    $b 20240507 $c 1 $a 2
099    $t LI $c 2014-06-30 $d 2024-05-07 $x 14
100    $a 20130925d2013    m  y0frey50      ba
101 0  $a fre
102    $a FR
105    $a ||||z   00|y|
106    $a r
181  0 $6 01 $a i  $b xxxe  
181    $6 02 $c txt $2 rdacontent
182  0 $6 01 $a n
182    $6 02 $c n $2 rdamedia
200 1  $a Secrets d'histoire $h 4 $b Texte imprimé $f Stéphane Bern
210    $a Paris $c A. Michel $d DL 2013 $e 85-Luçon $g Impr. Pollina
215    $a 1 vol. (359 p.) $c ill. en noir et en coul., couv. ill. en coul. $d 24 cm
300    $a Contient un flashcode
330    $a 22 grands mystères, énigmes et secrets de l'histoire : l'emprisonnement d'Aliénor d'Aquitaine, les mystères de la fulgurante ascension d'Eva Peron, les raisons de la prostitution de Sarah Bernhardt, etc.
339    $a m
606    $3 11934226 $9 4656 $a Célébrités $3 11934444 $9 494 $x Histoire $2 rameau
608    $3 11972974 $9 5767 $a Anecdotes $2 rameau
676    $a 920.02 $v 23
686    $a 920 $2 Cadre de classement de la Bibliographie nationale française
700    $3 12101302 $9 40033 $o ISNI0000000042871171 $a Bern $b Stéphane $f 1963-.... $4 070
801  0 $a FR $b FR-751131015 $c 20130925 $g AFNOR $h FRBNF436775360000003 $2 intermrc
999    $a FRBNF436775360000003
995    $0 0 $2 0 $4 0 $5 2013-12-27 $9 300696 $P 24.00 $b MED $c MED $e MED3A $f C0005648146 $h ACFHSZZ $k Doc./916 PER $o 0 $p 24.00 $r PRETLIV $s DOC___916_000000000000000_PER $w 19 $y 2023-02-08 $7 ALIZE-SFL

