02882cam a2200457   4500
001 262813
003 http://www.mediathequederoubaix.fr/ark:/20179/KH262813
010    $a 9782-211-21405-6 $b br. $d 7,50 EUR
020    $a FR $b 01349987
033    $a http://catalogue.bnf.fr/ark:/12148/cb43663239g
035    $a FRBNF436632390000007
073  0 $a 9782211214056
090    $a 262813
091    $b 20240507 $c 1 $a 2
099    $t LI $c 2014-06-30 $d 2024-05-07 $x 2
100    $a 20130903d2013    a  y0frey50      ba
101 0  $a fre
102    $a FR
105    $a ||||z   00|a|
106    $a r
181  0 $6 01 $a i  $b xxxe  
181    $6 02 $c txt $2 rdacontent
182  0 $6 01 $a n
182    $6 02 $c n $2 rdamedia
200 1  $a Le plus joli des rêves $b Texte imprimé $f Nathalie Brisac $g illustrations de Rascal
210    $a Paris $c l'École des loisirs $d DL 2013 $e 86-Ligugé $g CPI Aubin impr.
215    $a 1 vol. (51 p.) $c ill. en coul., couv. ill. en coul. $d 19 cm
225    $a Mouche
321    $a La Revue des livres pour enfants $x 0398-8384
329    $c Intéressant $a Sur le mode du conte, ce récit relate la quête du Grand Gaston chargé d'attraper"le plus joli des rêves" pour le cruel Mougueule. En chemin il revisite son enfance via des rêves, rencontre une petite fille qui l'aide à résoudre les deux premières énigmes - pour la troisième c'est lui qui trouve la solution. Une belle réflexion sur ce qui s'achète et ne s'achète pas, sur la liberté d'être ou non une belle personne, sur la force de savoir garder son âme d'enfant. Les illustrations en noir et blanc de Rascal sont magnifiques. Mais on peut être gêné par le nom ambigu du personnage cruel, et déçu par les énigmes très terre à terre, ainsi que par la conclusion fort morale de cette histoire. $d 20131016 $f AE $2 CNLJ $k Avis critique donné par le Centre national de la littérature pour la jeunesse
330    $a Grand Gaston est fier depuis que Mougueule, l'homme le plus puissant du royaume, l'a chargé d'attraper un rêve. Mais il ne sait pas à quoi ressemble un rêve et il craint d'échouer.
333    $a À partir de 6 ans $2 CNLJ $k Avis critique donné par le Centre national de la littérature pour la jeunesse
339    $a a
410  0 $0 34247192 $t Mouche (Paris) $x 0988-0364 $d 2013
608    $a Premières lectures $2 CNLJ $k Avis critique donné par le Centre national de la littérature pour la jeunesse
686    $a 809 $2 Cadre de classement de la Bibliographie nationale française
700    $3 14591970 $9 275721 $o ISNI0000000001352455 $a Brisac $b Nathalie $f 1963-.... $4 070
702    $3 12247632 $9 12364 $a Rascal $f 1959-.... $4 440
801  0 $a FR $b FR-751131015 $c 20130903 $g AFNOR $h FRBNF436632390000007 $2 intermrc
999    $a FRBNF436632390000007
995    $0 0 $2 0 $4 0 $5 2016-01-08 $9 334310 $P 7.50 $b MED $c MED $e MED0A $f C2200000686 $h JROROZZ $k EXT E R/BRI $o 0 $p 7.50 $r PRETLIV $s EXT_E_RBRI $w 1 $y 2018-06-06

