01708cam a2200385   4500
001 262929
003 http://www.mediathequederoubaix.fr/ark:/20179/KH262929
010    $a 2-253-15398-2 $b br. $d Prix : 6 EUR : 39,35 F
020    $a FR $b 00313464
033    $a http://catalogue.bnf.fr/ark:/12148/cb389783158
035    $a FRBNF389783150000003
090    $a 262929
091    $b 20240507 $c 1 $a 2
099    $t LI $c 2014-06-30 $d 2024-05-07 $x 26
100    $a 20030331d2003    m  y0frey50      ba
101 0  $a fre
102    $a FR
105    $a ||||z   00|a|
106    $a r
181  0 $6 01 $a i  $b xxxe  
181    $6 02 $c txt $2 rdacontent
182  0 $6 01 $a n
182    $6 02 $c n $2 rdamedia
200 1  $a L'ultime secret $b Texte imprimé $e roman $f Bernard Werber
210    $a Paris $c Librairie générale française $d 2003 $e 72-La Flèche $g Impr. Brodard et Taupin
215    $a 381 p. $c couv. ill. en coul. $d 18 cm
225    $a Le livre de poche $v 15398
330    $a Après la mort mystérieuse du médecin Samuel Fincher, une journaliste enquête sur sa disparition, arrive à la clinique psychiatrique où il travaillait et découvre l'existence d'un club dont les membres n'ont qu'un but, la recherche du plaisir.
339    $a m
410  0 $0 34228560 $t Le Livre de poche $x 0248-3653 $v 15398
686    $a 803 $2 Cadre de classement de la Bibliographie nationale française
700    $3 12201382 $9 42007 $o ISNI0000000081610484 $a Werber $b Bernard $f 1961-.... $4 070
801  0 $a FR $b FR-751131015 $c 20030331 $g AFNOR $h FRBNF389783150000003 $2 intermrc
999    $a FRBNF389783150000003
995    $0 0 $2 0 $4 0 $5 2022-06-18 $9 445473 $b MED $c MED $e MED1A $f C1400013628 $h ALTIGSF $k SF/WER $n 2024-05-23 $o 0 $p 21.19 $r PRETLIV $s SF_WER $w 3 $y 2024-04-11 $A 0

