02225ca  a2200445 i 4500
001 263219
003 http://www.mediathequederoubaix.fr/ark:/20179/KH263219
005 20240507045003.0
010    $a 978-2-501-08784-1 $b br. $d 5,99 EUR
073  0 $a 9782501087841
090    $a 263219
091    $a 2 $b 20240507 $c 0 $s http://www.sudoc.fr/171162633 $m 3
099    $t LI $c 2014-06-30 $d 2024-05-07 $x 12
100    $a 20130611d2013    m  |0frey5003||||ba
101    $a fre $c eng
102    $a BE
105    $a         0||y|
106    $a r
200    $a Les chats ont-ils un nombril ? $e et 244 autres questions-réponses amusantes pour comprendre comment les lois de la science s'appliquent dans la vie de tous les jours $f édité par Paul Heiney $g traduction de Caroline Lepage $g adaptation de Jean Fontanieu
205    $a Nouvelle édition
210    $a Paris $c Marabout $d 2013
215    $a 1 vol. (255 p.) $d 18 x 13 cm
225 2  $a Jeux et loisirs
300    $a Index
308    $a Coll. principale : Poche Marabout
330    $a Plus de 200 questions scientifiques sélectionnées parmi celles posées par les Britanniques au service public Sciences en ligne et classées par thèmes. Traitées par des spécialistes des domaines concernés, elles ont été réécrites de manière simple et compréhensible pour le grand public.
333    $a Tout public
339    $a m
345    $b 9782501087841
410    $t Jeux et loisirs
606    $2 rameau $3 11933232 $9 4599 $7 ba0yba0y $8 fre    $a Sciences $3 12061363 $x Ouvrages de vulgarisation $9 4599
606    $2 rameau $3 11933232 $9 4599 $7 ba0yba0y $8 fre    $a Sciences $3 12651485 $x Questions et réponses $9 4599
676    $a 500
700    $7 ba0yba0y $8 fre    $a Heiney $b Paul $f 1949-.... $3 14574298 $4 070 $9 305720
701    $7 ba0yba0y $8 fre    $a Fontanieu $b Jean $f 1955-.... $3 12366346 $4 010 $9 116085
702  1 $4 730 $a Lepage $b Caroline
801  3 $a FR $b Electre $c 20130611 $g AFNOR
830    $a ELECTREA/AD/SFL/CdeDécembre 20131218
856 4  $u http://www.electre.com//GetBlob.ashx?Ean=9782501087841,0-1618593&Size=Original
995    $0 0 $2 0 $4 0 $5 2013-12-18 $9 301342 $P 5.99 $b MED $c MED $e MED3A $f C0005646890 $h ACFSCZZ $k Doc./500 ABC $o 0 $p 5.99 $r PRETLIV $s DOC__500_000000000000000_ABC $w 15 $y 2023-06-01 $7 ALIZE-SFL

