01590ca  a2200361 i 4500
001 263383
003 http://www.mediathequederoubaix.fr/ark:/20179/KH263383
005 20240507045042.0
010    $a 978-2-9535727-8-0 $b br. $d 20 EUR
073  0 $a 9782953572780
090    $a 263383
091    $a 2 $b 20240507 $c 0
099    $t LI $c 2014-06-30 $d 2024-05-07 $x 3
100    $a 20131216d2013    m  |0frey5003||||ba
101    $a fre
102    $a FR
105    $a         0||y|
106    $a r
200    $a Claude ! $f Alain Wodrascka
210    $a Chatou (Yvelines) $c Mustang éditions $d 2013
215    $a 1 vol. (206 p.) $c illustrations en noir et en couleur $d 22 x 14 cm
300    $a Discogr.
330    $a Une invitation à découvrir l'univers et la personnalité de C. Nougaro, à travers ses thèmes de prédilection (la femme, l'alcool, le mysticisme, etc.). L'auteur, écrivain et parolier, fut un proche de l'artiste durant plus de 10 ans.
333    $a Tout public
339    $a m
345    $b 9782953572780
600    $2 rameau $7 ba0yba0y $8 fre    $a Nougaro $b Claude $f 1929-2004 $3 12407749 $3 11935764 $x Biographies $9 3083
676    $a 786.1 $v 22
700    $7 ba0yba0y $8 fre    $a Wodrascka $b Alain $f 1964-.... $3 13340841 $4 070 $9 75019
801  3 $a FR $b Electre $c 20131216 $g AFNOR
830    $a ELECTREA/HL/novembre2013_bdc 20140103
856 4  $u http://www.electre.com//GetBlob.ashx?Ean=9782953572780,0-1841982&Size=Original
995    $0 0 $2 0 $4 0 $5 2014-01-03 $9 301513 $P 20.00 $b MED $c MED $e MED1A $f C0005647521 $h AMV80ZZ $k Doc./786.1 NOU $o 0 $p 20.00 $r PRETLIV $s DOC__786_100000000000000_NOU $w 4 $y 2018-10-24 $7 ALIZE-SFL

