02156ng  a22004091i 4500
001 263524
003 http://www.mediathequederoubaix.fr/ark:/20179/KH263524
005 20240507045739.0
010    $d 34,94 EUR
090    $a 263524
091    $a 1 $b 20240507 $c 0
099    $t VD $c 2014-06-30 $d 2024-05-07 $x 1
100    $a 20140110d2010    u  y0frey5003    ba
101    $a fre $j fre $a eng $j heb $j gre $j por $j dut $j nor $j swe $j tur
102    $a US
200    $a Entourage $b DVD $h Saison 7 $f Daniel Attias, réal. $g Ken Whittingham, réal. $g Kevin Connolly, Adrian Grenier, Kevin Dillon... [et al.], act. $g Doug Ellin, Ally Musika, scénario $g David "Permashine" Aguirre, mus.
210    $c HBO $d 2011
215    $a 3 DVD (4h 46min) PAL $c 16/9 compatible 4/3, Couleur, Dolby Digital 5.1
300    $a La vie des people à Hollywood : les coulisses de la saison 7, Les différentes facettes de Sasha Grey, 3 commentaires audio.
300    $a Prêt
330    $a Pour Vince, Eric, Drama et Turtle, le tournant qu'a pris leurs vies n'est pas de tout repos. Dans cette saison, Vince devient de plus en plus difficile à contrôler et ses amis pensent chacun à leur avenir personnel et professionnel. Intégrale de la saison 7 en 10 épisodes.
333    $a Accord parental
339    $a m
510    $a Entourage
606 0  $a Séries télévisées $y Etats-Unis $z 1990.... $x DVD $2 rameau
700    $7 ba0yba0y $8 fre    $a Attias $b Daniel $f 1951-.... $3 14075637 $4 300 $9 81725
701  1 $a Ellin $b Doug $f 1968-.... $4 370 $4 690
701  1 $4 370 $a Whittingham $b Ken
701    $7 ba0yba0y $8 fre    $a Nutter $b David $f 1960-.... $3 14032585 $4 370 $9 90254
702  1 $4 230 $a "Permashine" Aguirre $b David
702  1 $a Connolly $b Kevin $f 1974-.... $4 005
702  1 $4 690 $a Musika $b Ally
702    $7 ba0yba0y $8 fre    $a Dillon $b Kevin $f 1965-.... $3 14171962 $4 005 $9 291054
702    $7 ba0yba0y $8 fre    $a Grenier $b Adrian $f 1976-.... $3 14183371 $4 005 $9 291055
702  1 $7 ba0yba0y $8 fre    $a Piven $b Jeremy $f 1965-.... $4 005
801  0 $a FR $b COLACO $c 20140110 $g AFNOR
995    $0 0 $2 0 $4 0 $5 2014-01-28 $9 301652 $P 34.94 $b MED $c MED $e MED1A $f C0005854356 $h AAPCITV $k DVD/F ENT $o 0 $p 34.94 $r PRETDVD $s DVD_F_ENT $w 2 $y 2022-07-20 $7 COLACO

