00904ncm a2200229 n 4500
001 263641
003 http://www.mediathequederoubaix.fr/ark:/20179/KH263641
005 20181115183448.0
090    $a 263641
091    $a 0
099    $t PA $c 2014-06-30 $d 2014-06-30
100    $a                       frey5003    ba
101    $a abk
200    $a Embrassez-vous donc $b Musique imprimée $e marche gaie
300    $a Contient 1 portrait de Max Trèbla, imitateur Mayol
339    $a m
701    $9 228742 $4 230 $a Henriett $b Louis $f 18..-1952
701    $9 228743 $4 520 $a Willems  $f 18..?-1964
701    $9 228744 $4 520 $a Dommel $b Lucien $f 18..?-1964
801    $a FR $b 595126101 $c 20140116 $g AFNOR
930    $5 595126101:C0005430697 $b 595126101 $a BR 4/3019 $e Fonds patrimonial
995    $0 0 $2 0 $4 0 $5 2014-01-16 $9 301786 $P 5.00 $b MED $c MED $e MED3N $f C0005430697 $h PPEPMZZ $k BR 4/3019 $o 2 $p 5.00 $r PRETLIV $s BR_43019_000000000000000 $w 0 $y 2014-06-30 $7 Don

