00693ncm a2200193 n 4500
001 263778
003 http://www.mediathequederoubaix.fr/ark:/20179/KH263778
005 20181115183449.0
090    $a 263778
091    $a 0
099    $t PA $c 2014-06-30 $d 2014-06-30
100    $a                       frey5003    ba
101    $a    
102    $a   
200    $a C'était un rendez-vous $b Musique imprimée $e en 1900
339    $a m
801    $a FR $b 595126101 $c 20140121 $g AFNOR
930    $5 595126101:C0005400133 $b 595126101 $a BR 4/3067 $e Fonds patrimonial
995    $0 0 $2 0 $4 0 $5 2014-01-21 $9 301943 $P 5.00 $b MED $c MED $e MED3N $f C0005400133 $h PPEPMZZ $k BR 4/3067 $o 2 $p 5.00 $r PRETLIV $s BR_43067_000000000000000 $w 0 $y 2014-06-30 $7 Don

