01618ca  a2200373 i 4500
001 263940
003 http://www.mediathequederoubaix.fr/ark:/20179/KH263940
005 20240507045848.0
010    $a 978-2-01-160858-1 $b br. $d 7,95 EUR
073  0 $a 9782011608581
090    $a 263940
091    $a 2 $b 20240507 $c 0
099    $t LI $c 2014-06-30 $d 2024-05-07 $x 59
100    $a 20121224d2012    d  |0frey5003||||ba
101    $a fre
102    $a FR
105    $a         0||y|
106    $a r
200    $a Anglais 3e $f André Michoux
210    $a Paris $c Hachette Education $d 2012
215    $a 1 vol. (96 p.) $c illustrations en couleur $d 24 x 17 cm
225 2  $a Réussir au collège
300    $a Lexique
330    $a Les notions essentielles du programme, des tests préliminaires pour repérer ses points faibles, des cours réexpliqués, des méthodes et des conseils, des exercices adaptés et leurs corrigés, des outils pour connaître et utiliser la grammaire anglaise, conjuguer et utiliser les temps, lire et écrire un texte en anglais.
333    $a 3e
339    $a a
345    $b 9782011608581
410    $t Réussir au collège
606 0  $2 rameau $a Anglais (langue) $x Ouvrages pour la jeunesse
700    $7 ba0yba0y $8 fre    $a Michoux $b André $3 13605372 $4 070 $9 324452
801  3 $a FR $b Electre $c 20121224 $g AFNOR
830    $a ELECTREJ/langues/2014 20140211
856 4  $u http://www.electre.com//GetBlob.ashx?Ean=9782011608581,0-1322652&Size=Original
995    $0 0 $2 0 $4 0 $5 2014-03-29 $9 302101 $P 7.95 $b MED $c MED $e MED2A $f C0005134210 $h JABLADT $k E ANG ABC $o 0 $p 7.95 $r PRETLIV $s E_ANG_ABC $w 55 $y 2024-05-14 $7 Bateau Livre

