02069cam a2200445   4500
001 264093
003 http://www.mediathequederoubaix.fr/ark:/20179/KH264093
010    $a 2-74910-152-2 $b br. $d 21 EUR
010    $a 978-2-7491-3382-9 $b réimpr. 2013
020    $a FR $b 00515667
033    $a http://catalogue.bnf.fr/ark:/12148/cb399138009
035    $a FRBNF399138000000005
073  0 $a 9782749133829 $b réimpr. 2013
090    $a 264093
091    $b 20240507 $c 1 $a 2
099    $t LI $c 2014-06-30 $d 2024-05-18 $x 8
100    $a 20050202d2005    m  y0frey50      ba
101 0  $a fre
102    $a FR
105    $a ||||z   00|y|
106    $a r
181  0 $6 01 $a i  $b xxxe  
181    $6 02 $c txt $2 rdacontent
182  0 $6 01 $a n
182    $6 02 $c n $2 rdamedia
200 1  $a Pierre Dac $b Texte imprimé $e mon maître 63 $f Jacques Pessis
210    $a Paris $c le Cherche Midi $d 2005 $e 53-Mayenne $g Impr. Floch
215    $a 398 p.-XVI p. de pl. $c couv. ill. en coul. $d 24 cm
225    $a Collection Documents
330    $a Biographie de l'humoriste réalisée par son neveu adoptif J. Pessis, accompagnée d'un choix de textes, sketches, pensées et petites annonces du chansonnier, tout à la fois poète et philosophe. L'ouvrage évoque ses débuts à Montmartre, ses émissions de radio et ses interventions au micro de la BBC à Londres, pendant la Seconde Guerre mondiale.
339    $a m
410  0 $0 34270955 $t Documents (Cherche Midi) $x 1158-8942 $d 2005
600    $3 11898396 $9 289404 $a Dac $b Pierre $f 1893-1975 $2 rameau
608    $3 11935764 $9 107 $a Biographie $2 rameau
676    $a 792.709 2 $v 23
686    $a 920 $2 Cadre de classement de la Bibliographie nationale française
700    $3 11919347 $9 31802 $o ISNI0000000121302655 $a Pessis $b Jacques $f 1950-.... $4 070
801  0 $a FR $b FR-751131015 $c 20050202 $g AFNOR $h FRBNF399138000000005 $2 intermrc
999    $a FRBNF399138000000005
995    $0 0 $2 0 $4 0 $5 2014-03-12 $9 302273 $P 21.80 $b MED $c MED $e MED1A $f C0005693566 $h AAPPLHU $k Doc./682 DAC $n 2024-06-29 $o 0 $p 21.80 $r PRETLIV $s DOC___682_000000000000000_DAC $w 10 $y 2024-05-18 $7 ALIZE-SFL

