04470cam a2200529   4500
001 264241
003 http://www.mediathequederoubaix.fr/ark:/20179/KH264241
010    $a 978-2-226-24722-3 $b br. $d 15,90 EUR
020    $a FR $b 01413328
033    $a http://catalogue.bnf.fr/ark:/12148/cb43751253h
035    $a FRBNF437512530000006
073  0 $a 9782226247223
090    $a 264241
091    $b 20240508 $c 1 $a 2
099    $t LI $c 2014-06-30 $d 2024-05-08 $x 94
100    $a 20140128d2013    a  y0frey50      ba
101 1  $a fre $c nor
102    $a FR
105    $a ||||z   00|a|
106    $a r
181  0 $6 01 $a i  $b xxxe  
181    $6 02 $c txt $2 rdacontent
182  0 $6 01 $a n
182    $6 02 $c n $2 rdamedia
200 1  $a Automne $b Texte imprimé $f Jan Henrik Nielsen $g traduit du norvégien par Aude Pasquier
210    $a Paris $c A. Michel $d impr. 2013 $e 18-Saint-Amand-Montrond $g Impr. CPI Bussière
215    $a 1 vol. (333 p.) $c couv. ill. en coul. $d 22 cm
225    $a Wiz $x 1637-0236
321    $a La Revue des livres pour enfants $x 0398-8384
321    $a La Revue des livres pour enfants. Sélection annuelle $c 279
329    $c Coup de coeur ! $a Suite à une catastrophe écologique, les humains sont morts de maladie ou tués par leurs congénères, prêts à tout pour survivre. Sur une île, deux soeurs vivent depuis des années cachées sous terre avec leur père. Sont-ils encore en danger ? Elles partent seules en ville pour y trouver vivres et médicaments. L'aventure commence avec quelques rares rencontres, comme celle d'un jeune garçon qui vit en Robinson. Cette ville est à la fois un extraordinaire terrain de jeu désert et un danger permanent. L'histoire se termine sur une note d'espoir. Après l'automne et l'hiver de l'humanité, le printemps reviendra peut-être pour la nature et les humains. L'histoire, bien construite, ménage le suspense jusqu'au bout. Une belle interrogation sur la folie des humains dans un style vivant et accessible dès le collège. Des portraits bien campés de ces deux petites filles courageuses et du mystérieux et attachant garçon. $d 20140214 $f VE $2 CNLJ $k Avis critique donné par le Centre national de la littérature pour la jeunesse
329    $c Coup de coeur ! $a Après une catastrophe écologique qui a décimé la population, deux soeurs, cachées sous terre avec leur père, partent chercher vivres et médicaments. L'aventure commence avec la rencontre d'un garçon qui vit en Robinson dans cet immense terrain de jeu désert et dangereux. L'histoire ménage le suspense jusqu'au bout et se termine sur une note d'espoir. Une belle interrogation sur la folie des humains, accessible dès le collège. Des portraits bien campés d'enfants courageux et attachants. $d 20141201 $2 CNLJ $k Avis critique donné par le Centre national de la littérature pour la jeunesse
330    $a Depuis la Grande Catastrophe, la Terre est devenue un endroit toxique et les habitants vivent reclus dans des bunkers souterrains. Quand leur père tombe malade, Fride et Nanna sont obligées de sortir à l'air libre pour lui trouver des médicaments. Le début d'un long périple à pied dans un paysage désolé.
333    $a À partir de 11 ans $2 CNLJ $k Avis critique donné par le Centre national de la littérature pour la jeunesse
333    $a À partir de 13 ans $2 CNLJ $k Avis critique donné par le Centre national de la littérature pour la jeunesse
339    $a a
410  0 $0 38892794 $t Wiz (Paris) $x 1637-0236 $d impr. 2013
454  1 $t Høsten
608    $a Romans $2 CNLJ $k Avis critique donné par le Centre national de la littérature pour la jeunesse
686    $a 809 $2 Cadre de classement de la Bibliographie nationale française
700    $3 16745998 $9 116411 $o ISNI0000000363137154 $a Nielsen $b Jan Henrik $f 1974-.... $4 070
702    $3 15831362 $9 97785 $o ISNI0000000383743151 $a Pasquier $b Aude $f 1981-.... $4 730
801  0 $a FR $b FR-751131015 $c 20140128 $g AFNOR $h FRBNF437512530000006 $2 intermrc
999    $a FRBNF437512530000006
995    $0 0 $2 0 $4 0 $5 2014-02-21 $9 302470 $P 15.90 $b MED $c MED $e MED1A $f C0005851393 $h ALTROAD $k ADO R/NIE $o 0 $p 15.90 $r PRETLIV $s ADO_R_NIE $u Prix Libre2lire 2016 $w 43 $y 2024-03-29 $7 Bateau Livre
995    $0 0 $2 0 $4 0 $5 2015-06-19 $9 323888 $P 15.90 $b BUS $c BUS $e BUS1A $f C0005932115 $h ALTROAD $k BUS ADO R/NIE $o 0 $p 15.90 $r PRETLIV $s BUS_ADO_R_NIE $w 25 $y 2022-05-24 $A 0
995    $0 0 $2 0 $4 0 $5 2015-10-07 $9 328400 $P 15.90 $b MED $c MED $e MED2A $f C2100000614 $h JROROZZ $k E R/NIE $o 0 $p 15.90 $r PRETLIV $s E_R_NIE $w 28 $y 2024-03-20

