02012nj  a22002892  4500
001 264388
003 http://www.mediathequederoubaix.fr/ark:/20179/KH264388
005 20240508032448.0
071 01 $a AD2793C $b Meso Productions
090    $a 264388
091    $a 1 $b 20240508 $c 0
099    $t DC $c 2014-06-30 $d 2024-05-08 $x 7
100    $a 20140225f20132013m  y0frey5003    ba
101    $a fre
200    $a C'est ma dernière surprise party $b enr. sonore $f Marcel Et Son Orchestre
210    $d 2013
215    $a 1 d.c + 2 DVD $d 12 cm $e 1 dépliant
327    $a Je veux m'amuser avec toi $a Les neurones à crêtes $a A qui cela profite ? $a Pire qu'une démangeaison $a Normal man $a Super bricoleur $a Susceptible $a L'amour dans le nord $a Blasphème $a Les frites $a Nous n'avons plus les moyens $a Cerf volant $a Elle est pas d'humeur $a Trapèze volant $a Marcel attack ! $a Raoul et alain $a Jésus christ superstar $a 62 méfie-te $a DVD 1 : L'intégrale du concert d'adieu enregistré le 15 décembre 2012 à L'Aéronef, Lille $a DVD 2 : Les inédits : La symphonie sans Gluten / Marcel & les Symphonistes Européens, Lille - Nouveau Siècle 2007 $a Fais pas d'Chichi / Marcel & Les Prout, Dunkerque - Kursaal 2008 $a Salon du livre de St.Louis / Marcel & Téranga, Sénégak 2008 $a J'ai dix ans
339    $a m
345    $a CDMAIL $b 3521383427934
606 0  $a Rock (musique) $y France $y Villeneuve d'Ascq (Nord) $x Disques $2 rameau
606 0  $7 ba0yba0y $8 fre    $3 11931149 $9 704 $a Chansons humoristiques $x Disques $2 rameau
679    $a 2
710 02 $a Marcel et son Orchestre $c Villeneuve d'Ascq, Nord
801  0 $a FR $b CDMAIL $c 20140306 $g AFNOR
995    $0 0 $2 0 $4 0 $5 2014-03-04 $9 302629 $P 21.85 $b MED $c MED $e MED3C $f C0005693764 $h PENRSZZ $k FLTSON DC/2645 $l contient 1 DC + 2 DVD et 1 livret $o 0 $p 21.85 $r PRETSON $s FLTSON_DC2645 $w 0 $y 2014-06-30 $7 CDMail
995    $0 0 $2 0 $4 0 $5 2014-03-04 $9 302630 $P 21.85 $b MED $c MED $e MED3C $f C0005693771 $h AMV80ZZ $k DC/099.2 MAR $l contient 1 DC + 2 DVD et 1 livret $o 0 $p 21.85 $r PRETSON $s DC_099_200000000000000_MAR $u Artiste régional $w 10 $y 2020-02-06 $7 CDMail

