01559cam a2200397   4500
001 264676
003 http://www.mediathequederoubaix.fr/ark:/20179/KH264676
010    $a 978-2-330-02690-5 $b br. $d 13 EUR
020    $a FR $b 01408048
033    $a http://catalogue.bnf.fr/ark:/12148/cb43758799w
035    $a FRBNF437587990000004
073  0 $a 9782330026905
090    $a 264676
091    $b 20240508 $c 1 $a 2
099    $t LI $c 2014-06-30 $d 2024-05-08
100    $a 20140207d2013    m  y0frey50      ba
101 0  $a fre
102    $a FR
105    $a ||||z   00|a|
106    $a r
181  0 $6 01 $a i  $b xxxe  
181    $6 02 $c txt $2 rdacontent
182  0 $6 01 $a n
182    $6 02 $c n $2 rdamedia
200 1  $a Immortels $b Texte imprimé $f Nasser Djemaï
210    $a Arles $c Actes Sud-Papiers $d impr. 2013 $e 53-Mayenne $g Impr. Floch
215    $a 1 vol. (74 p.) $c couv. ill. $d 21 cm
225    $a Actes Sud-Papiers $x 0298-0592
330    $a Pour comprendre les causes de la mort de son frère, un jeune homme décide de se rapprocher de son groupe d'amis.
339    $a m
410  0 $0 34230358 $t Théâtre (Paris. 1985) $x 0298-0592 $d 2013
686    $a 802 $2 Cadre de classement de la Bibliographie nationale française
700    $3 15070224 $9 88865 $o ISNI0000000078483998 $a Djemaï $b Nasser $f 1971-.... $4 070
801  0 $a FR $b FR-751131015 $c 20140207 $g AFNOR $h FRBNF437587990000004 $2 intermrc
999    $a FRBNF437587990000004
995    $0 0 $2 0 $4 0 $5 2014-03-04 $9 302963 $P 13.00 $b MED $c MED $e MED1A $f C0005642861 $h AMVTHTX $k T/DJE $o 0 $p 13.00 $r PRETLIV $s TDJE $w 0 $y 2014-06-30 $7 ALIZE-SFL

