02657cam a2200421   4500
001 264814
003 http://www.mediathequederoubaix.fr/ark:/20179/KH264814
010    $a 978-2-8001-6010-8 $b rel. $d 13,95 EUR
020    $a FR $b 01409543
033    $a http://catalogue.bnf.fr/ark:/12148/cb43759707n
035    $a FRBNF437597070000007
073  0 $a 9782800160108
090    $a 264814
091    $b 20240508 $c 1 $a 2
099    $t LI $c 2014-06-30 $d 2024-05-08 $x 52
100    $a 20140210d2014    m  y0frey50      ba
101 0  $a fre
102    $a FR
105    $a ||||t   00|a|
106    $a r
181  0 $6 01 $a i  $b xxxe   $a b  $b xb2e  
181    $6 02 $c txt $c sti $2 rdacontent
182  0 $6 01 $a n
182    $6 02 $c n $2 rdamedia
200 1  $a Inferno $b Texte imprimé $f scénario et dessin, Jose Luis Munuera $g couleurs, Sedyas
210    $a [Marcinelle] $a [Paris] $c Dupuis $d DL 2014 $e impr. en Belgique
215    $a 1 vol. (56 p.) $c ill. en coul., couv. ill. en coul. $d 32 cm
225 19 $a Les Campbell $v 1
321    $a La Revue des livres pour enfants $x 0398-8384 $c 276
329    $c Bravo ! $a Pourquoi Campbell, légende de la flibuste, se retrouve-t-il à jouer le Robinson ? Certes il élève seul ses deux filles, une adolescente garçon manqué et une fillette encore très espiègle, mais quel secret force donc ce clan à vivre caché ? Par petits chapitres très bien construits et grâce à quelques pirouettes scénaristiques, Munuera dévoile en grande partie, dès ce premier tome, la rivalité amoureuse qui a poussé Campbell à abandonner la mer. Drôle, enlevé, voici le début très prometteur d'une histoire de pirates qui renouvelle le genre !  $d 20140401 $f PJ $2 CNLJ $k Avis critique donné par le Centre national de la littérature pour la jeunesse
330    $a Dans la famille Campbell, la piraterie se transmet de père en fille. Le capitaine Campbell, légende de la flibusterie, s'est retiré des affaires après le meurtre de sa femme. Mais ses souvenirs douloureux ressurgissent à l'arrivée de Carapepino, un pirate idiot prêt à tout pour plaire à Inferno.
333    $a À partir de 11 ans $2 CNLJ $k Avis critique donné par le Centre national de la littérature pour la jeunesse
339    $a a
686    $a 805 $2 Cadre de classement de la Bibliographie nationale française
700    $3 13074290 $9 34635 $o ISNI0000000121358448 $a Munuera $b José Luis $f 1972-.... $4 070
801  0 $a FR $b FR-751131015 $c 20140210 $g AFNOR $h FRBNF437597070000007 $2 intermrc
999    $a FRBNF437597070000007
995    $0 0 $2 0 $4 0 $5 2014-03-07 $9 303137 $P 13.95 $b MED $c MED $e MED2A $f C0005642205 $h JBDSRZZ $k E BD/SERIES $o 0 $p 13.95 $r PRETLIV $s E_BD_SERIES $w 54 $y 2024-04-02 $7 BD fugue

