02101cam a2200433   4500
001 264952
003 http://www.mediathequederoubaix.fr/ark:/20179/KH264952
010    $a 2-205-05775-8 $b rel. $d 13 EUR
020    $a FR $b 00649886
033    $a http://catalogue.bnf.fr/ark:/12148/cb40236808v
035    $a FRBNF40236808000000X
073  0 $a 9782205057751
090    $a 264952
091    $b 20240508 $c 1 $a 2
099    $t LI $c 2014-06-30 $d 2024-05-08 $x 6
100    $a 20060929d2006    m  y0frey50      ba
101 0  $a fre
102    $a FR
105    $a ||||t   00|a|
106    $a r
181  0 $6 01 $a i  $b xxxe   $a b  $b xb2e  
181    $6 02 $c txt $c sti $2 rdacontent
182  0 $6 01 $a n
182    $6 02 $c n $2 rdamedia
200 1  $a La prophétie $b Texte imprimé $f Pontet, Froideval...
210    $a Paris $a Barcelone $a Bruxelles [etc.] $c Dargaud $d DL 2006 $e 93-Pantin $g Impr. PPO Graphic
215    $a 1 vol. (non paginé [48] p.) $c ill. en coul., couv. ill. en coul. $d 32 cm
225 19 $a Chroniques de la lune noire $v 13
330    $a Après une titanesque bataille mobilisant toutes les forces de l'empire, Wismerhill parvient à refermer la Porte des Enfers, sauvant le monde des hordes de démons. Malheureusement, il provoque ainsi l'effroyable courroux d'Haazheel Thorn qui ne peut laisser un tel crime impuni.
339    $a m
608    $a Bandes dessinées $2 CNLJ $k Avis critique donné par le Centre national de la littérature pour la jeunesse
608    $a Albums $2 CNLJ $k Avis critique donné par le Centre national de la littérature pour la jeunesse
676    $a 741.5 $v 23
686    $a 803 $2 Cadre de classement de la Bibliographie nationale française
700    $3 13079898 $9 49177 $o ISNI000000001369548X $a Pontet $b Cyril $f 1971-.... $4 070
701    $3 12129239 $9 49178 $o ISNI0000000120213343 $a Froideval $b François $f 1958-.... $4 070
801  0 $a FR $b FR-751131015 $c 20060929 $g AFNOR $h FRBNF40236808000000X $2 intermrc
999    $a FRBNF40236808000000X
995    $0 0 $2 0 $4 0 $5 2014-03-14 $9 303286 $P 13.99 $b MED $c MED $e MED3H $f C0005668403 $h AAPBDSR $k BD/SERIES $o 0 $p 13.99 $r PRETLIV $s BDSERIES $w 8 $y 2017-12-16 $7 BD fugue

