02252cam a2200433   4500
001 265144
003 http://www.mediathequederoubaix.fr/ark:/20179/KH265144
010    $a 978-2-7459-5890-7 $b br. $d 4,99 EUR
020    $a FR $b 01424225
033    $a http://catalogue.bnf.fr/ark:/12148/cb437786186
035    $a FRBNF437786180000008
073  0 $a 9782745958907
090    $a 265144
091    $b 20240508 $c 1 $a 2
099    $t LI $c 2014-06-30 $d 2024-05-08 $x 71
100    $a 20140310d2014    a  y0frey50      ba
101 0  $a fre
102    $a FR
105    $a ||||z   00|a|
106    $a r
181  0 $6 01 $a i  $b xxxe  
181    $6 02 $c txt $2 rdacontent
182  0 $6 01 $a n
182    $6 02 $c n $2 rdamedia
200 1  $a Boucle d'ogre et les trois ours $b Texte imprimé $f Pascal Brissy $g illustrations de Lynda Corazza
210    $a Toulouse $c Milan poche $d DL 2014 $e 85-Luçon $g Impr. Pollina
215    $a 1 vol. (23 p.) $c ill. en coul., couv. ill. en coul. $d 18 cm
225    $a Milan poche benjamin $e quelle rigolade ! $v 121
330    $a Avec son compère le rat Gruyère, la vilaine Boucle d'Ogre forme un duo d'horribles méchants. Lors d'une promenade en forêt, les deux amis décident d'investir la maison des trois ours. Boucle d'Ogre entre en démolissant la porte et s'installe. Le conte Boucle d'or et les trois ours revisité avec humour.
339    $a a
410  0 $0 37124999 $t Milan poche benjamin $x 1621-7233 $v 121
608    $a Contes, légendes et folklore $2 CNLJ $k Avis critique donné par le Centre national de la littérature pour la jeunesse
686    $a 809 $2 Cadre de classement de la Bibliographie nationale française
700    $3 16204472 $9 104148 $o ISNI0000000079332024 $a Brissy $b Pascal $f 1969-.... $4 070
702    $3 13080697 $9 37047 $o ISNI0000000033618887 $a Corazza $b Lynda $f 1971-.... $4 440
801  0 $a FR $b FR-751131015 $c 20140310 $g AFNOR $h FRBNF437786180000008 $2 intermrc
999    $a FRBNF437786180000008
995    $0 0 $2 0 $4 0 $5 2014-04-08 $9 303549 $P 4.99 $b MED $c MED $e MED2A $f C0005136385 $h JRORMZZ $k PRE R/BRI $o 0 $p 4.99 $r PRETLIV $s PRE_R_BRI $w 66 $y 2023-05-12 $7 Bateau Livre
995    $0 0 $2 1 $4 0 $5 2014-04-01 $9 303550 $P 4.99 $b MED $c MED $e MED0A $f C0005134684 $h JRORMZZ $k EXT PRE R/BRI $n 2020-08-04 $o 0 $p 4.99 $r PRETLIV $s EXT_PRE_RBRI $w 6 $y 2019-10-08 $7 Bateau Livre

