01944cam a2200421   4500
001 265271
003 http://www.mediathequederoubaix.fr/ark:/20179/KH265271
010    $a 979-10-210-0432-0 $b br. $d 20,90 EUR
020    $a FR $b 01420172
033    $a http://catalogue.bnf.fr/ark:/12148/cb437506641
035    $a FRBNF437506640000007
073  0 $a 9791021004320
090    $a 265271
091    $b 20240508 $c 1 $a 2
099    $t LI $c 2014-06-30 $d 2024-05-08 $x 6
100    $a 20140127d2014    m  y0frey50      ba
101 0  $a fre
102    $a FR
105    $a ||||z   00|y|
106    $a r
181  0 $6 01 $a i  $b xxxe  
181    $6 02 $c txt $2 rdacontent
182  0 $6 01 $a n
182    $6 02 $c n $2 rdamedia
200 1  $a Le monde selon Clemenceau $b Texte imprimé $e formules assassines, traits d'humour, discours et prophéties $f Jean Garrigues
210    $a Paris $c Tallandier $d impr. 2014 $e 61-Lonrai $g Normandie roto impr.
215    $a 1 vol. (333 p.) $c couv. ill. $d 22 cm
300    $a Bibliogr. p. 331-334
330    $a Partisan dès 1914 de la guerre à outrance, G. Clemenceau arrive au pouvoir en 1917, à un moment décisif du conflit, jusqu'à la victoire de 1918 qui lui vaut le surnom de "Père de la victoire". Recueil commenté des textes et réparties de ce personnage marquant de la Troisième République.
339    $a m
600    $3 11897013 $9 7689 $a Clemenceau $b Georges $f 1841-1929 $2 rameau
608    $3 11963441 $9 5925 $a Citations $2 rameau
676    $a 944.081 092 $v 23
686    $a 920 $2 Cadre de classement de la Bibliographie nationale française
700    $3 12104852 $9 17659 $o ISNI0000000109197223 $a Garrigues $b Jean $f 1959-.... $4 070
801  0 $a FR $b FR-751131015 $c 20140127 $g AFNOR $h FRBNF437506640000007 $2 intermrc
999    $a FRBNF437506640000007
995    $0 0 $2 0 $4 0 $5 2014-05-06 $9 303681 $P 20.90 $b MED $c MED $e MED3A $f C0005879441 $h ACFHSZZ $k Doc./947.1 PER $o 0 $p 20.90 $r PRETLIV $s DOC___947_100000000000000_PER $w 6 $y 2020-08-18 $7 ALIZE-SFL $A 0

