04614cam a2200493   4500
001 265418
003 http://www.mediathequederoubaix.fr/ark:/20179/KH265418
010    $a 978-2-211-20983-0 $b br. $d 17,50 EUR
020    $a FR $b 01408513
033    $a http://catalogue.bnf.fr/ark:/12148/cb43745645r
035    $a FRBNF437456450000000
073  0 $a 9782211209830
090    $a 265418
091    $b 20240508 $c 1 $a 2
099    $t LI $c 2014-06-30 $d 2024-05-08 $x 79
100    $a 20140117d2013    m  y0frey50      ba
101 1  $a fre $c eng
102    $a FR
105    $a ||||z   00|a|
106    $a r
181  0 $6 01 $a i  $b xxxe  
181    $6 02 $c txt $2 rdacontent
182  0 $6 01 $a n
182    $6 02 $c n $2 rdamedia
200 1  $a Le passage du diable $b Texte imprimé $f Anne Fine $g traduit de l'anglais par Dominique Kugler
210    $a Paris $c l'École des loisirs $d impr. 2013 $e 53-Mayenne $g impr. Floch
215    $a 1 vol. (306 p.) $c couv. ill. $d 22 cm
321    $a La Revue des livres pour enfants $x 0398-8384
321    $a La Revue des livres pour enfants. Sélection annuelle $c 279
329    $c Coup de coeur ! $a Daniel a passé une enfance solitaire, enfermé dans sa chambre, sous la surveillance inquiète de sa mère qui le traitait en malade. Avec pour seule distraction des livres et une merveilleuse maison de poupées, réplique parfaite de la demeure familiale maternelle. Mais un jour des voisins découvrent son existence et le libèrent de cette "prison". Sa mère, devenue folle, se suicide. Le médecin du village l'accueille chaleureusement dans sa famille, Daniel découvre les relations familiales et la vraie vie. Il se pose pourtant mille questions : pourquoi sa mère a-t-elle monté cette mystification ? Quelle est la menace tant redoutée ? qui est donc cet oncle étrange, ancien capitaine de vaisseau, dont sa mère ne lui a jamais parlé et qui l'invite dans la demeure familiale ? Daniel décide de s'y rendre... Anne fine prend son temps pour installer une atmosphère inquiétante dans ce roman gothique très sombre qui entraîne le lecteur, captivé, au coeur d'un angoissant secret de famille. Sous la forme d'un journal rétrospectif, tenu par le jeune homme, cette expérience douloureuse devient aussi un bouleversant récit d'initiation au monde cruel des adultes. $d 20140213 $f AL $2 CNLJ $k Avis critique donné par le Centre national de la littérature pour la jeunesse
329    $c Coup de coeur ! $a Daniel a eu une enfance solitaire, sous la surveillance inquiète de sa mère qui le traitait en malade. Mais un jour des voisins découvrent son existence et le libèrent de cette « prison ». Le médecin du village l'accueille. Daniel découvre la vraie vie et s'interroge sur le secret de sa famille...Un roman gothique à l'atmosphère inquiétante conduit de main de maître. Et un bouleversant récit d'initiation au monde cruel des adultes à travers le récit rétrospectif qu'en fait Daniel. $d 20141201 $2 CNLJ $k Avis critique donné par le Centre national de la littérature pour la jeunesse
330    $a Depuis son plus jeune âge, Daniel Cunningham a vécu reclus, gardé à l'écart du monde extérieur par sa mère qui n'a cessé de lui répéter qu'il était malade. Un jour, des voisins découvrent son existence. Daniel est libéré et confié au docteur Marlow. De sa vie d'avant, il n'a gardé qu'une maison de poupées, réplique exacte de la maison natale de sa mère, qui recèle de nombreux et sombres secrets.
333    $a À partir de 13 ans $2 CNLJ $k Avis critique donné par le Centre national de la littérature pour la jeunesse
339    $a a
454  1 $t The devil walks
608    $a Romans $2 CNLJ $k Avis critique donné par le Centre national de la littérature pour la jeunesse
686    $a 803 $2 Cadre de classement de la Bibliographie nationale française
700    $3 12137458 $9 18459 $o ISNI0000000121481999 $a Fine $b Anne $f 1947-.... $4 070
702    $3 12013864 $9 13716 $o ISNI0000000077681941 $a Kugler $b Dominique $f 1954-.... $4 730
801  0 $a FR $b FR-751131015 $c 20140117 $g AFNOR $h FRBNF437456450000000 $2 intermrc
999    $a FRBNF437456450000000
995    $0 0 $2 0 $4 0 $5 2014-04-08 $9 303819 $P 17.50 $b MED $c MED $e MED2A $f C0005136725 $h JROROZZ $k E R/FIN $o 0 $p 17.50 $r PRETLIV $s E_R_FIN $w 49 $y 2023-03-15 $7 Bateau Livre
995    $0 0 $2 0 $4 0 $5 2015-06-19 $9 323892 $P 17.50 $b MED $c MED $e MED1A $f C0005932054 $h ALTROAD $k ADO R/FIN $o 0 $p 17.50 $r PRETLIV $s ADO_R_FIN $u Prix libre2lire. A remettre sur présentoir ADO $w 19 $y 2023-12-30
995    $0 0 $2 0 $4 0 $5 2015-11-28 $9 331710 $P 17.50 $b BUS $c BUS $e BUS1A $f C2100002244 $h ALTROAD $k BUS ADO R/FIN $o 0 $p 17.50 $r PRETLIV $s BUS_ADO_R_FIN $w 13 $y 2023-01-20

