01638cam a2200409   4500
001 265553
003 http://www.mediathequederoubaix.fr/ark:/20179/KH265553
010    $a 978-2-08-120306-8 $b br. $d 19 EUR
020    $a FR $b 00722384
033    $a http://catalogue.bnf.fr/ark:/12148/cb41019946s
035    $a FRBNF410199460000009
073  0 $a 9782081203068
090    $a 265553
091    $b 20240508 $c 1 $a 2
099    $t LI $c 2014-06-30 $d 2024-05-08 $x 15
100    $a 20070425d2007    m  y0frey50      ba
101 0  $a fre
102    $a FR
105    $a ||||z   00|y|
106    $a r
181  0 $6 01 $a i  $b xxxe  
181    $6 02 $c txt $2 rdacontent
182  0 $6 01 $a n
182    $6 02 $c n $2 rdamedia
200 1  $a On s'en lave les mains $b Texte imprimé $e tout savoir sur les nouvelles règles de l'hygiène $f docteur Frédéric Saldmann
210    $a [Paris] $c Flammarion $d impr. 2007 $e 27-Mesnil-sur-l'Estrée $g Impr. Firmin-Didot
215    $a 1 vol. (306 p.) $c couv. ill. en coul. $d 24 cm
300    $a Bibliogr. p. 299-301
339    $a m
606    $3 11944168 $9 6926 $a Hygiène $2 rameau
606    $3 11934883 $9 341048 $a Maladies infectieuses $x Prévention $2 rameau
676    $a 613 $v 23
686    $a 610 $2 Cadre de classement de la Bibliographie nationale française
700    $3 12494691 $9 96566 $o ISNI000000004405401X $a Saldmann $b Frédéric $f 1953-.... $4 070
801  0 $a FR $b FR-751131015 $c 20070425 $g AFNOR $h FRBNF410199460000009 $2 intermrc
999    $a FRBNF410199460000009
995    $0 0 $2 0 $4 0 $5 2014-04-12 $9 304035 $P 19.00 $b MED $c MED $e MED1A $f C0005139317 $h AAPPLMS $k Doc./613 SAN $o 0 $p 19.00 $r PRETLIV $s DOC___613_000000000000000_SAN $w 15 $y 2024-01-12

