01830cam a2200421   4500
001 265705
003 http://www.mediathequederoubaix.fr/ark:/20179/KH265705
010    $a 979-10-91530-14-9 $b br. $d 11,90 EUR
020    $a FR $b 01446835
033    $a http://catalogue.bnf.fr/ark:/12148/cb43846833q
035    $a FRBNF438468330000008
073  0 $a 9791091530149
090    $a 265705
091    $b 20240508 $c 1 $a 2
099    $t LI $c 2014-06-30 $d 2024-05-08 $x 8
100    $a 20140623d2014    m  y0frey50      ba
101 0  $a fre
102    $a FR
105    $a ||||z   00|y|
106    $a r
181  0 $6 01 $a i  $b xxxe  
181    $6 02 $c txt $2 rdacontent
182  0 $6 01 $a n
182    $6 02 $c n $2 rdamedia
200 1  $a George Orwell $b Texte imprimé $f [Christian Authier, Isabelle Jarry, Sébastien Lapaque, et al.]
210    $a [Paris] $c "Le Magazine littéraire" $d DL 2014 $e 27-Évreux $g Impr. Hérissey
215    $a 1 vol. (143 p.) $c couv. ill. $d 20 cm
225    $a Nouveaux regards
300    $a Bibliogr. p. 134-137.
330    $a Cet ouvrage présente la vie et l'oeuvre de l'inventeur de Big Brother, ses engagements politiques et son parcours atypique, à l'origine du contraste entre fiction et réalisme qui habite ses écrits. Avec des entretiens de l'auteur avec M. Walzer et J.-C. Michéa.
339    $a m
410  0 $0 43608684 $t Nouveaux regards $x 2267-4179 $d 2014
600    $3 11918228 $9 1015 $a Orwell $b George $f 1903-1950 $2 rameau
676    $a 823.912 (critique) $v 23
686    $a 800 $2 Cadre de classement de la Bibliographie nationale française
801  0 $a FR $b FR-751131015 $c 20140623 $g AFNOR $h FRBNF438468330000008 $2 intermrc
999    $a FRBNF438468330000008
995    $0 0 $2 0 $4 0 $5 2014-04-23 $9 304209 $P 11.90 $b MED $c MED $e MED1A $f C0006019884 $h ALTDCZZ $k SF/DOC ORW $o 0 $p 11.90 $r PRETLIV $s SF_DOC_ORW $w 8 $y 2021-07-10 $7 ALIZE-SFL

