02065cam a2200421   4500
001 265879
003 http://www.mediathequederoubaix.fr/ark:/20179/KH265879
010    $a 978-2-35949-287-3 $b br. $d 14 EUR
020    $a FR $b 01431049
033    $a http://catalogue.bnf.fr/ark:/12148/cb43773897p
035    $a FRBNF43773897000000X
073  0 $a 9782359492873
090    $a 265879
091    $a 2 $b 20240508 $c 1
099    $t LI $c 2014-06-30 $d 2024-05-08 $x 11
100    $a 20140228d2014    m  y0frey50      ba
101 0  $a fre
102    $a FR
105    $a ||||z   00|y|
106    $a r
181  0 $6 01 $a i  $b xxxe  
181    $6 02 $c txt $2 rdacontent
182  0 $6 01 $a n
182    $6 02 $c n $2 rdamedia
200 1  $a Dire non $b Texte imprimé $f Edwy Plenel
210    $a [Paris] $c Don Quichotte éd. $d DL 2014 $e 27-Mesnil-sur-l'Estrée $g Impr. CPI Firmin-Didot
215    $a 1 vol. (183 p.) $d 21 cm
300    $a Bibliogr., 8 p. Bibliogr. des oeuvres d'Edwy Plenel, 1 p.
330    $a Le journaliste renvoie dos à dos l'agressivité du sarkozysme et l'apathie du hollandisme, qu'il accuse tous deux d'impuissance face à la crise économique et morale. Au nom d'une France urbaine et métissée, il prône une laïcité ouverte, une liberté étendue, une refonte des institutions et une valorisation de la diversité qui provoqueraient un sursaut démocratique et favoriseraient la fraternité.
339    $a m
606    $3 16606922 $9 114729 $a Politique et gouvernement $y France $z 2012-2017 $2 rameau
606    $3 16658321 $9 40849 $a Conditions sociales $y France $z 1995-.... $2 rameau
676    $a 320.944 09051 $v 23
686    $a 320 $2 Cadre de classement de la Bibliographie nationale française
700    $3 12014890 $9 21697 $o ISNI0000000121185399 $a Plenel $b Edwy $f 1952-.... $4 070
801  0 $a FR $b FR-751131015 $c 20140228 $g AFNOR $h FRBNF43773897000000X $2 intermrc
999    $a FRBNF43773897000000X
995    $0 0 $2 0 $4 0 $5 2014-05-09 $9 304384 $P 14.00 $b MED $c MED $e MED3A $f C0005879076 $h ACFSSZZ $k Doc./320.944 PLE $o 0 $p 14.00 $r PRETLIV $s DOC__320_944000000000000_PLE $w 13 $y 2018-10-09 $7 ALIZE-SFL

