02366ng  a22003371i 4500
001 266062
003 http://www.mediathequederoubaix.fr/ark:/20179/KH266062
005 20240508040137.0
010    $d 20,05 EUR
090    $a 266062
091    $a 1 $b 20240508 $c 0
099    $t VD $c 2014-06-30 $d 2024-05-08 $x 27
100    $a 20140425d1992    u  y0frey5003    ba
101    $a eng $j fre $a dut
102    $a NL
200    $a Les habitants $b DVD $f Alex van Warmerdam, réal. $g Jack Wouterse, Annet Malherbe, Rudolf Lucieer... [et al.], act. $g Alex van Warmerdam, scénario $g Vincent van Warmerdam, mus.
210    $c ED Distribution $d 2014
215    $a 1 DVD (1h 45min) PAL $c 16/9 compatible 4/3, Couleur, Dolby Digital 2.0 Mono
300    $a Prêt
330    $a Une femme qui, sur les conseils d'une statue de Saint-François, se prive de nourriture pour plaire au Seigneur. Un enfant qui, fasciné par la guerre civile au Congo, se déguise en Noir et se fait appeler Lumumba. Un facteur bien indiscret, un garde-chasse myope et stérile, un boucher à l'appétit sexuel débordant qui ne manque pas d'imagination pour capturer ses proies. Voici quelques éléments d'une comédie des plus insolites sur la vie des habitants d'un lotissement perdu, dans le Nord de l'Europe. "Les Habitants est en fait un récit d'initiation fort noir, irrigué par un humour désespéré." Le Monde - Thomas Sotinel "Il y a de quoi s'émerveiller dans ce récit si farfelu, fourmillant d'idées saugrenues et qui en même temps ne cesse de nous renvoyer à nous-mêmes." Critikat.com - Olivia Cooper-Hadjian
339    $a m
510    $a De Noordelingen
606 0  $a Cinéma $y Pays-Bas $y Hollande (Pays-Bas) $z 1990-.... $x DVD $2 rameau
606 0  $7 ba0yba0y $8 fre    $3 12518788 $9 16487 $a Comédies (cinéma) $x DVD $y Pays-Bas $2 rameau
700    $7 ba0yba0y $8 fre    $a Warmerdam $b Alex van $f 1952-.... $3 13188444 $4 370 $4 690 $9 265353
702  1 $a Malherbe $b Annet $f 1957-.... $4 005
702  1 $7 ba0yba0y $8 fre    $3 14200900 $9 305825 $4 005 $a Lucieer $b Rudolf $f 1942-....
702  1 $7 ba0yba0y $8 fre    $3 14144883 $9 305826 $4 230 $a Warmerdam $b Vincent van
702  1 $7 ba0yba0y $8 fre    $3 14240141 $9 305827 $4 005 $a Wouterse $b Jack $f 1957-....
801  0 $a FR $b COLACO $c 20140425 $g AFNOR
995    $0 0 $2 0 $4 0 $5 2014-06-13 $9 304564 $P 20.05 $b MED $c MED $e MED1A $f C0005795307 $h AAPCIFI $k DVD/F WAR $o 0 $p 20.05 $r PRETDVD $s DVD_F_WAR $w 27 $y 2023-06-08 $7 COLACO

