02040nam a2200385   4500
001 266199
003 http://www.mediathequederoubaix.fr/ark:/20179/KH266199
010    $a 978-2-7234-8992-8 $b br. $d 6,90 EUR
033    $a http://catalogue.bnf.fr/ark:/12148/cb43487892m
035    $a FRBNF434878920000007
073  0 $a 9782723489928
090    $a 266199
091    $a 0 $b 20211120 $c 1
099    $t LI $c 2014-06-30 $d 2024-03-13 $x 101
100    $a 20130628d2013    a  y0frey50      ba
101 1  $a fre $c jpn
102    $a FR
105    $a ||||z   00|y|
106    $a r
200 1  $a One piece $b Texte imprimé $f Eiichiro Oda $g traduit du japonais par Djamel Rabahi $h 5 $i Pour qui sonne le glas
205    $a Nouvelle édition
210    $a Grenoble $c Glénat $d 2013
215    $a 1 vol. (192 p.) $c illustrations en noir et blanc $d 18 x 13 cm
225    $a One Piece $v 5
225    $a Shonen manga $x 1761-2268
330    $a Lufy, un garçon espiègle, rêve de devenir le roi des pirates en trouvant le One Piece, un fabuleux trésor. Il a avalé par mégarde un fruit démoniaque qui l'a transformé en homme-caoutchouc. Depuis il est capable de contorsionner son corps élastique mais il a perdu la faculté de nager. Avec l'aide de ses amis, il va devoir affronter de redoutables pirates.
339    $a a
410  0 $0 38992207 $t Shonen manga $x 1761-2268
608    $a Bandes dessinées $2 CNLJ
700    $3 14427704 $7 ba0yba0f $8 fre    $a Oda $b Eiichirō $f 1975-.... $4 070 $9 308692
702    $3 16799526 $9 292622 $a Rabahi $b Djamel $4 730
801  0 $a FR $b FR-751131015 $c 20130628 $g AFNOR $h FRBNF434878920000007 $2 intermrc
995    $0 0 $2 0 $4 0 $5 2011-10-28 $9 256917 $P 6.50 $b BUS $c BUS $e BUS1A $f C0005026213 $h JBDMGZZ $k BUS E BD/MANGAS $o 0 $p 6.50 $r PRETLIV $s BUS_E_BD_MANGAS $w 102 $y 2024-03-05
995    $0 0 $2 0 $4 0 $5 2018-10-09 $9 382762 $b MED $c MED $e MED2A $f C2500010169 $h JBDMGZZ $k E BD/MANGAS $o 0 $p 6.90 $r PRETLIV $s E_BD_MANGAS $w 65 $y 2024-05-15
995    $0 0 $2 0 $4 0 $5 2022-12-14 $9 454208 $P 6.90 $b MED $c MED $e MED2A $f C2500030625 $h JBDMGZZ $k E BD/MANGAS $o 0 $p 6.90 $r PRETLIV $s E_BD_MANGAS $w 15 $y 2024-05-19

