03218cam a2200469   4500
001 266366
003 http://www.mediathequederoubaix.fr/ark:/20179/KH266366
010    $a 978-2-9529597-1-1 $b rel. $d 14 EUR
020    $a FR $b 00863949
033    $a http://catalogue.bnf.fr/ark:/12148/cb413797805
035    $a FRBNF41379780000000X
073  0 $a 9782952959711
090    $a 266366
091    $b 20240508 $c 1 $a 2
099    $t LI $c 2014-06-30 $d 2024-05-08 $x 8
100    $a 20081117d2008    a  y0frey50      ba
101 1  $a fre $c hun
102    $a FR
105    $a ||||z   00|a|
106    $a r
181  0 $6 01 $a i  $b xxxe  
181    $6 02 $c txt $2 rdacontent
182  0 $6 01 $a n
182    $6 02 $c n $2 rdamedia
200 1  $a Le lièvre et le hérisson $b Texte imprimé $e conte hongrois $f texte et papiers découpés par Éva Vincze
210    $a [Paris] $c É. Vincze $d DL 2008 $e impr. en Hongrie
215    $a 1 vol. (non paginé [37] p. dont 1 dépl.) $c ill. en coul., couv. ill. en coul. $d 22 cm
321    $a La Revue des livres pour enfants $x 0398-8384
321    $a La Revue des livres pour enfants. Sélection annuelle
321    $a Escales en littérature de jeunesse $c 2013
329    $c Bravo ! $a Histoire traditionnelle que l'on retrouve un peu partout, ainsi la version des limaçons de J.-F. Bladé : un petit animal plutôt lent (escargot, tortue ou hérisson comme ici), parie avec un lièvre qu'il courra plus vite que lui. Avec la complicité d'un ou plusieurs de ses congénères - dans cette version il s'agit de sa femme - le petit rusé, par un tour de passe passe, l'emporte. Bien raconté. L'illustration, faite de papiers découpés, dans les tons vert et ocre, comme terre et herbe, accompagne astucieusement le récit : tranquille et malicieuse. Un petit livre très agréable pour s'amuser et réfléchir. $d 20090110 $f EC $2 CNLJ $k Avis critique donné par le Centre national de la littérature pour la jeunesse
329    $a Un petit animal plutôt lent (ici, un hérisson) parie avec un lièvre qu'il courra plus vite que lui. Avec la complicité d'un ou plusieurs de ses congénères (ici, sa femme), le petit rusé l'emporte. Bien raconté. L'illustration, faite de papiers découpés, dans les tons vert et ocre, comme terre et herbe, accompagne astucieusement le récit.  $d 20131001
330    $a Le hérisson parie avec le lièvre qu'il peut le battre à la course.
333    $a À partir de 6 ans $2 CNLJ $k Avis critique donné par le Centre national de la littérature pour la jeunesse
339    $a a
608    $a Albums $2 CNLJ $k Avis critique donné par le Centre national de la littérature pour la jeunesse
608    $a Contes, légendes et folklore $2 CNLJ $k Avis critique donné par le Centre national de la littérature pour la jeunesse
686    $a 809 $2 Cadre de classement de la Bibliographie nationale française
700    $3 14601272 $9 85851 $o ISNI0000000365967522 $a Vincze $b Éva $f 1969-.... $4 070
801  0 $a FR $b FR-751131015 $c 20081117 $g AFNOR $h FRBNF41379780000000X $2 intermrc
999    $a FRBNF41379780000000X
995    $0 0 $2 0 $4 0 $5 2014-06-28 $9 304924 $P 14.00 $b MED $c MED $e MED0A $f C0005790388 $h JABCTEF $k EXT E C/VIN $n 2024-07-10 $o 0 $p 14.00 $r PRETLIV $s EXT_E_C_VIN $w 8 $y 2023-08-29 $7 Bateau Livre

