03429nam a2200469   4500
001 266507
003 http://www.mediathequederoubaix.fr/ark:/20179/KH266507
010    $a 978-2-08-129418-9 $b cart. $d 15 EUR
033    $a http://catalogue.bnf.fr/ark:/12148/cb43494734n
035    $a FRBNF434947340000008
039    $o ALS $a 1878729
073  0 $a 9782081294189
090    $a 266507
091    $a 2 $b 20240509 $c 1
099    $t LI $c 2014-06-30 $d 2024-05-09 $x 21
100    $a 20140311d2014    a  y0frey50      ba
101 0  $a fre
102    $a FR
105    $a ||||z   00|y|
106    $a r
181  0 $6 01 $a i  $b xxxe  
181    $6 02 $c txt $2 rdacontent
182  0 $6 01 $a n
182    $6 02 $c n $2 rdamedia
200 1  $a Au temps de la construction des pyramides $b Texte imprimé $f Thierry Delahaye $g illustrations Benjamin Bachelier
210    $a Paris $c Père Castor-Flammarion $d 2014
215    $a 1 vol. (64 p.) $c ill. en coul. $d 26 x 20 cm
225 1  $a Que se passe-t-il dans le monde ?
300    $a Glossaire
321    $a La Revue des livres pour enfants $x 0398-8384 $c 278
329    $c Pourquoi pas ? $a Cette nouvelle collection propose une approche transversale de l'Histoire, en proposant à travers huit ou neuf dates clés de parcourir différentes civilisations. Un système d'onglets intercalaires astucieux permet de se repérer dans ces différentes étapes ; et un fil rouge - ici l'essor de la civilisation égyptienne - rythme ce voyage temporel. Chaque étape, dévoile ce qui se passe « pendant ce temps » ailleurs dans le monde. Voilà un projet ambitieux et complexe, il n'évite pas toujours les écueils de l'exploration superficielle (bien des civilisations ne sont abordées qu'une seule fois), ou du mélange entre les bouleversements fondamentaux et les événements plus anecdotiques. Pour autant, un réel souci de contextualisation traverse l'ensemble des textes, ce qui permet de se repérer entre les différentes régions explorées, et de rendre compte des différences de temporalité entre elles. Une collection à suivre. $d 20140901 $f JP $2 CNLJ $k Avis critique donné par le Centre national de la littérature pour la jeunesse
330    $a De 3.000 à 2.000 av. J.-C., c'est le temps qu'il aura fallu aux Egyptiens pour transformer les rives du Nil et faire surgir les pyramides, mais ailleurs aussi dans le monde naissaient de grandes civilisations. Un outil pour découvrir l'histoire de manière transversale et se repérer dans les siècles grâce à sept périodes clés.
333    $a À partir de 11 ans $2 CNLJ $k Avis critique donné par le Centre national de la littérature pour la jeunesse
339    $a a
606    $2 rameau $a Histoire ancienne $x Ouvrages pour la jeunesse
607    $a Egypte $x Antiquité $x Ouvrages pour la jeunesse $2 rameau
700    $3 12215337 $9 309723 $o ISNI000000001247444X $a Delahaye $b Thierry $4 070
702    $3 13503039 $9 48148 $o ISNI0000000121417532 $a Bachelier $b Benjamin $4 440
801  0 $a FR $b FR-751131015 $c 20140311 $g AFNOR $h FRBNF434947340000008 $2 intermrc
999    $a FRBNF434947340000008
995    $0 0 $2 0 $4 0 $5 2014-05-24 $9 305069 $P 15.00 $b MED $c MED $e MED2A $f C0005799909 $h JDT90ZZ $k E/920 ABC $o 0 $p 15.00 $r PRETLIV $s E_920_000000000000000_ABC $w 14 $y 2023-06-28 $7 Bateau Livre
995    $0 0 $2 0 $4 0 $5 2014-06-07 $9 305070 $P 15.00 $b MED $c MED $e MED0A $f C0005797417 $h JDT90ZZ $k EXT E/920 ABC $n 2024-07-11 $o 0 $p 15.00 $r PRETLIV $s EXT_E_920_000000000000000_ABC $w 7 $y 2023-09-22 $7 Bateau Livre

