01837ng  a22003851i 4500
001 266628
003 http://www.mediathequederoubaix.fr/ark:/20179/KH266628
005 20240509072008.0
010    $d 46,49 EUR
090    $a 266628
091    $a 1 $b 20240509 $c 0
099    $t VD $c 2014-06-30 $d 2024-05-09 $x 33
100    $a 20140516d2012    u  y0frey5003    ba
101    $a fre $j fre $a swe
102    $a SE
200    $a Real humans  $b DVD $e Saison 1 $f Harald Hamrell, réal. $g Levan Akin, réal. $g Andreas Wilson, Lisette Pagler, Pia Halvorsen... [et al.], act. $g Lars Lundström, scénario $g Rikard Borggard, mus.
210    $c Arte Vidéo $d 2013
215    $a 4 DVD (11h 16min) PAL $c 16/9 compatible 4/3, Couleur, Dolby Digital 2.0
300    $a Documentaire : Un monde sans humains ?
300    $a Prêt
330    $a Dans un monde parallèle, les Hubots, des robots humanoïdes, sont devenus des machines courantes dans la société. S'adaptant à tous les besoins humains, allant de la simple tâche ménagère aux activités plus dangereuses, voire illégales, la société semble dépendre des Hubots... 10 épisodes.
333    $a Accord parental
339    $a m
510    $a Äkta människor
606 0  $a Séries télévisées $y Suède $x DVD $2 rameau
700  1 $4 300 $a Hamrell $b Harald
701  1 $4 300 $a Akin $b Levan
702  1 $a Borggård $b Rikard $4 230
702  1 $4 005 $a Halvorsen $b Pia
702  1 $4 005 $a Pagler $b Lisette
702  1 $4 005 $a Paulsen $b Johan
702  1 $7 ba0yba0y $8 fre    $3 15121783 $9 305865 $4 005 $a Wilson $b Andreas $f 1981-....
702  1 $a Lundström $b Lars $f 1965-.... $7 ba0yba0y $8 fre    $3 16708766 $9 292631 $4 690
801  0 $a FR $b COLACO $c 20140516 $g AFNOR
995    $0 0 $2 0 $4 0 $5 2014-05-16 $9 305201 $P 46.49 $b MED $c MED $e MED1A $f C0005879816 $h AAPCITV $k DVD/F REA $l ACCORD PARENTAL $o 0 $p 46.49 $r PRETDVD $s DVD_F_REA $w 33 $y 2023-06-15 $7 COLACO

