02121cam a2200421   4500
001 266752
003 http://www.mediathequederoubaix.fr/ark:/20179/KH266752
010    $a 978-2-7470-4934-4 $b br. $d 5,60 EUR
020    $a FR $b 01424281
033    $a http://catalogue.bnf.fr/ark:/12148/cb437723732
035    $a FRBNF437723730000006
073  0 $a 9782747049344
090    $a 266752
091    $b 20240509 $c 1 $a 2
099    $t LI $c 2014-06-30 $d 2024-05-09 $x 107
100    $a 20140227d2014    a  y0frey50      ba
101 0  $a fre
102    $a FR
105    $a ||||z   00|a|
106    $a r
181  0 $6 01 $a i  $b xxxe  
181    $6 02 $c txt $2 rdacontent
182  0 $6 01 $a n
182    $6 02 $c n $2 rdamedia
200 1  $a Je m'ennuie $b Texte imprimé $f une histoire écrite par Mélanie Edwards $g illustrée par Marylise Morel $g couleurs de Christine Couturier
210    $a [Montrouge] $c Bayard poche $d DL 2014 $e 85-Luçon $g Impr. Pollina
215    $a 1 vol. (45 p.) $c ill. en coul., couv. ill. en coul. $d 19 cm
225 19 $a C'est la vie Lulu ! $v 31
330    $a Un samedi matin, Lulu trouve la maison silencieuse. Sa mère est partie travailler, son père fait son jogging et sa soeur est chez une amie. La petite fille se sent abandonnée. Puisqu'elle s'ennuie, elle fait marcher son imagination pour se trouver une occupation.
339    $a a
608    $a Premières lectures $2 CNLJ $k Avis critique donné par le Centre national de la littérature pour la jeunesse
686    $a 809 $2 Cadre de classement de la Bibliographie nationale française
700    $3 14471288 $9 1943 $o ISNI0000000362615900 $a Edwards $b Mélanie $f 1971-.... $4 070
702    $3 14538201 $9 75209 $o ISNI000000000351549X $a Morel $b Marylise $4 440
801  0 $a FR $b FR-751131015 $c 20140227 $g AFNOR $h FRBNF437723730000006 $2 intermrc
999    $a FRBNF437723730000006
995    $0 0 $2 0 $4 0 $5 2014-05-17 $9 305340 $P 5.60 $b MED $c MED $e MED0A $f C0006011611 $h JROROZZ $k EXT E R/EDW $o 0 $p 5.60 $r PRETLIV $s EXT_E_R_EDW $w 8 $y 2023-10-25 $7 Bateau Livre
995    $0 0 $2 2 $4 0 $5 2016-07-21 $9 345043 $P 5.60 $b MED $c MED $e MED2A $f C2100007139 $h JRORMZZ $k PRE R/LUL $o 4 $p 5.60 $r PRETLIV $s PRE_R_LUL $w 65 $y 2023-01-18

