01899cam a2200397   4500
001 266881
003 http://www.mediathequederoubaix.fr/ark:/20179/KH266881
010    $a 978-2-267-02639-9 $b br. $d 17 EUR
020    $a FR $b 01426852
033    $a http://catalogue.bnf.fr/ark:/12148/cb43801001v
035    $a FRBNF438010010000003
073  0 $a 9782267026399
090    $a 266881
091    $b 20240509 $c 1 $a 2
099    $t LI $c 2014-06-30 $d 2024-05-09 $x 8
100    $a 20140410d2014    m  y0frey50      ba
101 1  $a fre $c eng
102    $a FR
105    $a ||||z   00|a|
106    $a r
181  0 $6 01 $a i  $b xxxe  
181    $6 02 $c txt $2 rdacontent
182  0 $6 01 $a n
182    $6 02 $c n $2 rdamedia
200 1  $a Sans voix $b Texte imprimé $f Edward St Aubyn $g traduit de l'anglais par Jacqueline Odin
210    $a [Paris] $c C. Bourgois $d DL 2014 $e 27-Mesnil-sur-l'Estrée $g Impr. CPI Firmin-Didot
215    $a 1 vol. (217 p.) $d 20 cm
330    $a Peu avant la remise du prix Elysian, destiné à récompenser la meilleure fiction de l'année, cinq membres du comité chargé de le décerner se réunissent : Katherine Burns, une romancière collectionneuse d'hommes, Sam Black, un écrivain tombé sous son charme, Sonny, un auteur d'origine indienne accompagné de sa tante, et Alan Oaks, un éditeur. Mais tout ne se déroule pas comme prévu.
339    $a m
454  1 $t Lost for words
686    $a 803 $2 Cadre de classement de la Bibliographie nationale française
700    $3 12410353 $9 270299 $o ISNI0000000079785779 $a St. Aubyn $b Edward $f 1960-.... $4 070
702    $3 13522819 $9 70994 $o ISNI000000005228697X $a Odin $b Jacqueline $4 730
801  0 $a FR $b FR-751131015 $c 20140410 $g AFNOR $h FRBNF438010010000003 $2 intermrc
999    $a FRBNF438010010000003
995    $0 0 $2 0 $4 0 $5 2014-05-21 $9 305484 $P 17.00 $b MED $c MED $e MED1A $f C0006015114 $h ALTROZZ $k R/SAI $o 0 $p 17.00 $r PRETLIV $s RSAI $w 9 $y 2016-08-05 $7 ALIZE-SFL

