01373cam a22003973  4500
001 267026
003 http://www.mediathequederoubaix.fr/ark:/20179/KH267026
010    $a 9780316055437 $b hardcover
010    $a 0316055433 $b hardcover $z 9780316239875 $b large print $z 0316239879 $b large print
010    $a 9780316242370 $b international
010    $a 0316242373 $b international
033    $a http://catalogue.bnf.fr/ark:/12148/cb43549426j
035    $a FRBNF435494260000007
035    $a OCoLC855491725
090    $a 267026
091    $a 2 $b 20240509 $c 1
099    $t LI $c 2014-06-30 $d 2024-05-09 $x 11
100    $a 20140731d2013    m  y0engy50      ba
101 0  $a eng
102    $a US
105    $a y   z   00|a|
106    $a z
181  0 $6 01 $a i  $b xxxe  
181    $6 02 $c txt $2 rdacontent
182  0 $6 01 $a n
182    $6 02 $c n $2 rdamedia
200 1  $a The goldfinch $b Texte imprimé $f Donna Tartt
210    $a London $c Little, Brown $d 2013
215    $a 771 p. $d 25 cm
300    $a Pulitzer Prize for Fiction, 2014
339    $a m
700    $3 12315079 $9 116168 $o ISNI000000012282587X $a Tartt $b Donna $f 1963-.... $4 070
801  3 $a US $b OCoLC $c 20140731 $h 855491725 $2 marc21
801  0 $b DLC $g rda
999    $a FRBNF435494260000007
995    $0 0 $2 0 $4 0 $5 2014-05-22 $9 305623 $P 18.50 $b MED $c MED $e MED3A $f C0005131018 $h ACFLALE $k ANG R TAR $o 0 $p 18.50 $r PRETLIV $s ANG_R_TAR $w 11 $y 2022-09-17

