01014nj  a2200241 n 4500
001 267178
003 http://www.mediathequederoubaix.fr/ark:/20179/KH267178
005 20240509072700.0
071 01 $a CBS 26528 $b CBS
090    $a 267178
091    $a 1 $b 20240509 $c 0
099    $t DV $c 2014-06-30 $d 2024-05-09 $x 1
100    $a 20140630              frey50        
101    $a fre
200    $a Cliff hanger $b Enr. sonore $f Jimmy Cliff
215    $a 1 disque $c 33 t $d 30cm
327    $a Face A : Hitting with music -  $a American sweet -  $a Arrival - $a Brown eyes - $a Reggae street -  $a Face B : Hot shot -  $a Sunrise -  $a Dead and awake - $a Now and forever -  $a Nuclear war
339    $a m
679    $a 052.2
700    $7 ba0yba0y $8 fre    $a Cliff $b Jimmy $f 1948-.... $3 13892583 $9 6806
801    $a FR $b 595126101 $c 20140527 $g AFNOR
317    $a Don de la Médiathèque d'Arras
995    $0 0 $2 0 $4 0 $5 2014-05-27 $9 305776 $P 10.00 $b MED $c MED $e MED1A $f C0005688548 $h AMV90ZZ $k DISQ30/052.2  CLI $o 0 $p 10.00 $r PRETSON $s DISQ_30_052000000000000_2_CLI $w 1 $y 2016-10-19

