01688ca  a2200349 i 4500
001 267329
003 http://www.mediathequederoubaix.fr/ark:/20179/KH267329
005 20240509072741.0
010    $a 978-2-36902-022-6 $b cart. $d 17 EUR
073  0 $a 9782369020226
090    $a 267329
091    $a 2 $b 20240509 $c 0
099    $t LI $c 2014-06-30 $d 2024-05-09 $x 11
100    $a 20140527d2014    b  |0frey5003||||ba
101    $a fre
102    $a FR
105    $a         0||y|
106    $a r
200    $a L'invention du dictionnaire $f texte de Frédéric Marais $g images de Jean Lecointre
210    $a Montreuil (Seine-Saint-Denis) $c Editions les Fourmis rouges $d 2014
215    $a 1 vol. (26 p.) $c illustrations en couleur $d 28 x 22 cm
330    $a Au commencement, la Terre fut livrée avec un mode d'emploi, mais un cochon a dévoré l'ouvrage. Pour retrouver le sens des choses et ordonner le chaos, les habitants mettent en commun leurs savoirs et créent ainsi le dictionnaire.
333    $a A partir de 5 ans
339    $a a
345    $b 9782369020226
700  1 $4 070 $7 ba0yba0y $8 fre    $a Marais $b Frédéric $f 1965-....
701    $3 13624740 $4 440 $7 ba0yba0y $8 fre    $a Lecointre $b Jean $f 1964-.... $9 71924
801  3 $a FR $b Electre $c 20140527 $g AFNOR
830    $a ELECTREjeu/150530/offic 20140530
856 4  $u http://www.electre.com//GetBlob.ashx?Ean=9782369020226,0-2019853&Size=Original
995    $0 0 $2 0 $4 0 $5 2014-06-10 $9 305921 $P 17.00 $b MED $c MED $e MED2A $f C0005796212 $h JABEFAE $k E A/LEC $o 0 $p 17.00 $r PRETLIV $s E_A_LEC $w 10 $y 2023-06-30 $7 Bateau Livre
995    $0 0 $2 0 $4 0 $5 2014-08-23 $9 308601 $P 17.00 $b MED $c MED $e MED0A $f C0005789450 $h JABEFAE $k EXT E A/MAR $o 0 $p 17.00 $r PRETLIV $s EXT_E_AMAR $w 1 $y 2017-03-14

