01200nj  a2200265 n 4500
001 267650
003 http://www.mediathequederoubaix.fr/ark:/20179/KH267650
005 20240509073331.0
071 01 $b Autoproduction Lita Kira
090    $a 267650
091    $a 1 $b 20240509 $c 0
099    $t DC $c 2014-06-30 $d 2024-05-09 $x 1
100    $a          2011         frey5003    ba
101    $a    
200    $a Dans ma toile $b Enr. sonore $f Lita Kira
210    $d P 2011
215    $a 1 d.c. $d 12 cm $e 1 feuillet double
327    $a Dans ma toile $a La fille du miroir $a Sous terre $a Un mensonge s'il te plaît $a La chambre noire
339    $a m
606 0  $7 ba0yba0y $8 fre    $3 12486943 $9 178 $a Heavy metal $x Enregistrements sonores pour la jeunesse $x Disques $y France $y Lille (Nord) $2 rameau
679    $a 2 $c 50
700  1 $a Lita Kira
801    $a FR $b 595126101 $c 20140620 $g AFNOR
995    $0 0 $2 0 $4 0 $5 2014-06-19 $9 306252 $P 10.48 $b MED $c MED $e MED3C $f C0005686919 $h PENRSZZ $k FLRSON DC/2665 $o 2 $p 10.48 $r PRETSON $s FLRSON_DC2665 $w 0 $y 2014-06-30 $7 CDMail
995    $0 0 $2 0 $4 0 $5 2014-06-19 $9 306253 $P 10.06 $b MED $c MED $e MED3C $f C0005686926 $h AMV80ZZ $k DC/099.2 LIT $o 0 $p 10.06 $r PRETSON $s DC_099_200000000000000_LIT $u Artiste régional $w 1 $y 2014-07-18 $7 CDMail

