01579cam a2200373   4500
001 267784
003 http://www.mediathequederoubaix.fr/ark:/20179/KH267784
010    $a 978-2-226-25803-8 $b br. $d 19 EUR
020    $a FR $b 01426507
033    $a http://catalogue.bnf.fr/ark:/12148/cb43811655n
035    $a FRBNF438116550000000
073  0 $a 9782226258038
090    $a 267784
091    $b 20240509 $c 1 $a 2
099    $t LI $x 32 $d 2024-05-09 $c 2014-07-02
100    $a 20140428d2014    m  y0frey50      ba
101 0  $a fre
102    $a FR
105    $a ||||z   00|a|
106    $a r
181  0 $6 01 $a i  $b xxxe  
181    $6 02 $c txt $2 rdacontent
182  0 $6 01 $a n
182    $6 02 $c n $2 rdamedia
200 1  $a Le roman de Louise $b Texte imprimé $f Henri Gougaud
210    $a Paris $c A. Michel $d impr. 2014 $e 18-Saint-Amand-Montrond $g Impr. CPI Bussière
215    $a 1 vol. (248 p.) $c couv. ill. $d 21 cm
330    $a Portrait de l'institutrice et activiste anarchiste Louise Michel (1830-1905), qui participa à la Commune et fut déportée en Nouvelle-Calédonie, avant de reprendre la lutte en France et de connaître divers emprisonnements.
339    $a m
686    $a 803 $2 Cadre de classement de la Bibliographie nationale française
700    $3 11905503 $9 1295 $o ISNI0000000109035179 $a Gougaud $b Henri $f 1936-.... $4 070
801  0 $a FR $b FR-751131015 $c 20140428 $g AFNOR $h FRBNF438116550000000 $2 intermrc
999    $a FRBNF438116550000000
995    $0 0 $2 0 $4 0 $5 2014-07-04 $9 306392 $P 19.00 $b MED $c MED $e MED1A $f C0005959365 $h ALTROBI $k RB/GOU $o 0 $p 17.29 $r PRETLIV $s RB_GOU $w 32 $y 2023-11-09 $A 0

