02935cam a2200517   4500
001 268019
003 http://www.mediathequederoubaix.fr/ark:/20179/KH268019
010    $a 978-2-09-254894-3 $b br. $d 5,70 EUR
020    $a FR $b 01427246
033    $a http://catalogue.bnf.fr/ark:/12148/cb43788330f
035    $a FRBNF43788330000000X
073  0 $a 9782092548943
090    $a 268019
091    $b 20240509 $c 1 $a 2
099    $t LI $x 87 $d 2024-05-09 $c 2014-07-04
100    $a 20140321d2014    a  y0frey50      ba
101 0  $a fre
102    $a FR
105    $a ||||z   00|a|
106    $a r
181  0 $6 01 $a i  $b xxxe  
181    $6 02 $c txt $2 rdacontent
182  0 $6 01 $a n
182    $6 02 $c n $2 rdamedia
200 1  $a Elisa, la ballerine aux grands pieds $b Texte imprimé $f Susie Morgenstern $g illustrations de Clotka
210    $a Paris $c Nathan $d impr. 2014 $e 85-Luçon $g Impr. Pollina
215    $a 1 vol. (42 p.) $c ill. en coul., couv. ill. en coul. $d 19 cm
225 19 $a La famille trop d'filles
225    $a Premiers romans $e dès 7 ans
308    $a Collection principale : [Nathan poche]. [6-8 ans]279
321    $a La Revue des livres pour enfants $x 0398-8384 $c 278
329    $c Intéressant $a Dans cette tribu il y a sept enfants, six filles et un garçon. Les premiers tomes nous ont permis de faire connaissance tour à tour avec chacun des enfants. Voici deux nouveaux titres qui reviennent sur Bella, la timide, et sur Elisa, la danseuse bien embêtée par ses grands pieds. Une saga familiale légère, pétillante et sympathique dont chaque tome peut se lire isolément.  $d 20140901 $f AE $2 CNLJ $k Avis critique donné par le Centre national de la littérature pour la jeunesse
330    $a Pour Elisa, passionnée de danse, c'est la déprime ! Elle est convaincue que ses pieds grandissent plus vite que le reste de son corps. Comment continuer à danser avec des pieds si grands ?
333    $a À partir de 9 ans $2 CNLJ $k Avis critique donné par le Centre national de la littérature pour la jeunesse
339    $a a
410  0 $0 42482253 $t Premiers romans (Paris) $x 2117-8046 $d 2014
410  0 $0 39967863 $t Nathan poche. 6-8 ans $x 1774-2846 $v 279
410  0 $0 39967730 $t Nathan poche $x 1774-2838 $d 2014
461  0 $6 304765 $t La famille trop d'filles
686    $a 809 $2 Cadre de classement de la Bibliographie nationale française
700    $3 11916856 $9 11074 $o ISNI0000000121326526 $a Morgenstern $b Susie $f 1945-.... $4 070
702    $3 15582027 $9 103044 $o ISNI0000000005294045 $a Clotka $f 1981-.... $4 440
801  0 $a FR $b FR-751131015 $c 20140321 $g AFNOR $h FRBNF43788330000000X $2 intermrc
999    $a FRBNF43788330000000X
995    $0 0 $2 0 $4 0 $5 2014-07-04 $9 306707 $P 5.70 $b MED $c MED $e MED0A $f C0005788996 $h JRORMZZ $k EXT PRE R/MOR $n 2024-07-11 $o 0 $p 5.19 $r PRETLIV $s EXT_PRE_R_MOR $w 6 $y 2023-08-31
995    $0 0 $2 0 $4 0 $5 2014-08-29 $9 309129 $P 5.70 $b MED $c MED $e MED2A $f C0005952915 $h JRORMZZ $k PRE R/MOR $o 0 $p 5.70 $r PRETLIV $s PRE_R_MOR $w 81 $y 2024-01-31

