03223cam a2200457   4500
001 268176
003 http://www.mediathequederoubaix.fr/ark:/20179/KH268176
010    $a 978-2-266-22155-9 $b br. $d 17,50 EUR
020    $a FR $b 01327666
033    $a http://catalogue.bnf.fr/ark:/12148/cb435734272
035    $a FRBNF435734270000008
073  0 $a 9782266221559
090    $a 268176
091    $b 20240509 $c 1 $a 2
099    $t LI $x 74 $d 2024-05-09 $c 2014-07-04
100    $a 20130417d2013    a  y0frey50      ba
101 1  $a fre $c eng
102    $a FR
105    $a ||||z   00|a|
106    $a r
181  0 $6 01 $a i  $b xxxe  
181    $6 02 $c txt $2 rdacontent
182  0 $6 01 $a n
182    $6 02 $c n $2 rdamedia
200 1  $a La pâtisserie Bliss $b Texte imprimé $f Kathryn Littlewood $g traduit de l'anglais (États-Unis) par Juliette Lê
210    $a Paris $c PKJ $d impr. 2013 $e 72-La Flèche $g Impr. CPI Brodard & Taupin
215    $a 1 vol. (259 p.) $c couv. ill. en coul. $d 23 cm
321    $a La Revue des livres pour enfants $x 0398-8384
329    $c Bravo ! $a Les parents Bliss sont des pâtissiers-magiciens: ils possèdent un grimoire de recettes légué par leurs ancêtres. Ils peuvent ainsi fabriquer des gâteaux pour résoudre de multiples problèmes: maladies, peines de coeur, etc. Mais ils doivent s'absenter pour sauver le village voisin atteint d'une méchante grippe. Ils confient la boutique et la cuisine à leur fille, Rosemary, et à ses frères Oliver et Origan. C'est alors que surgit de nulle part, sur une moto, la tante Lily qui semble vouloir récupérer le livre magique et est tellement belle que tous tombent sous son charme, sauf Rosemary. Un récit qui joue sur l'utilisation de la magie avec ses conséquences, mais aussi sur le pouvoir de la charmante Lily! Quelques recettes qui mettent vraiment l'eau à la bouche et un zeste d'humour pimentent agréablement ces aventures. $d 20130603 $f CBO $2 CNLJ $k Avis critique donné par le Centre national de la littérature pour la jeunesse
330    $a Rose et ses frères et soeurs sont chargés de tenir la pâtisserie familiale en l'absence de leurs parents. Le succès du commerce repose sur un ancien livre de recettes magiques. Les enfants décident de tenter des recettes très spéciales, comme les muffins d'amour et les cookies de la vérité. La petite ville de Calamity Falls est sens dessus dessous. C'est alors qu'arrive la tante Lily.
333    $a À partir de 11 ans $2 CNLJ $k Avis critique donné par le Centre national de la littérature pour la jeunesse
339    $a a
454  1 $t Bliss
461  0 $6 319879 $t La pâtisserie Bliss
608    $a Romans $2 CNLJ $k Avis critique donné par le Centre national de la littérature pour la jeunesse
686    $a 809 $2 Cadre de classement de la Bibliographie nationale française
700    $3 16685037 $9 117585 $o ISNI0000000123719606 $a Littlewood $b Kathryn $4 070
702    $3 16131840 $9 109608 $o ISNI0000000071337090 $a Lê $b Juliette $4 730
801  0 $a FR $b FR-751131015 $c 20130417 $g AFNOR $h FRBNF435734270000008 $2 intermrc
999    $a FRBNF435734270000008
995    $0 0 $2 0 $3 0 $4 0 $5 2023-01-12 $9 455770 $P 8.10 $b MED $c MED $e MED2A $f C2500031037 $h JROROZZ $k E R/LIT $o 0 $p 8.10 $r PRETLIV $s E_R_LIT $w 8 $y 2024-05-02 $A 0

