01928cam a2200409   4500
001 268401
003 http://www.mediathequederoubaix.fr/ark:/20179/KH268401
010    $a 978-2-07-014646-8 $b rel. $d 49 EUR
020    $a FR $b 01444198
033    $a http://catalogue.bnf.fr/ark:/12148/cb43869315j
035    $a FRBNF438693150000003
073  0 $a 9782070146468
090    $a 268401
091    $b 20240509 $c 1 $a 2
099    $t LI $x 10 $d 2024-05-09 $c 2014-07-09
100    $a 20140728d2014    m  h0frey50      ba
101 0  $a fre
102    $a FR
105    $a ||||z   00|y|
106    $a r
181  0 $6 01 $a i  $b xxxe  
181    $6 02 $c txt $2 rdacontent
182  0 $6 01 $a n
182    $6 02 $c n $2 rdamedia
200 1  $a Soulages, les papiers du musée $b Texte imprimé $f Pierre Encrevé
210    $a [Paris] $c Gallimard $a Rodez $c Musée Rodez $d impr. 2014 $e 81-Lavaur $g Impr. Art et caractère
215    $a 1 vol. (252 p.) $c nombreuses ill., couv. ill. $d 30 cm
330    $a Le Musée Soulages de Rodez, ville natale de l'artiste, accueille les oeuvres de la donation Pierre et Colette Soulages ainsi que des expositions temporaires. A l'occasion de l'ouverture de l'établissement le 31 mai 2014, un ensemble d'oeuvres de ses collections, pour la plupart inédites, sont ici présentées.
339    $a m
600    $3 11925221 $9 10475 $a Soulages $b Pierre $f 1919-2022 $2 rameau
601    $3 16762395 $9 117684 $a Musée Soulages $c Rodez $3 12023570 $9 324999 $x Legs $2 rameau
676    $a 759.4 $v 23
686    $a 750 $2 Cadre de classement de la Bibliographie nationale française
700    $3 11901751 $9 77672 $o ISNI0000000120242638 $a Encrevé $b Pierre $f 1939-2019 $4 070
801  0 $a FR $b FR-751131015 $c 20140728 $g AFNOR $h FRBNF438693150000003 $2 intermrc
999    $a FRBNF438693150000003
995    $0 0 $2 0 $3 0 $4 0 $5 2014-07-09 $9 307199 $P 49.00 $b MED $c MED $e MED1A $f C0005959853 $h AAPATAP $k Doc./751 SOU $o 0 $p 44.59 $r PRETLIV $s DOC__751_000000000000000_SOU $w 10 $y 2023-02-27

