02191nam a2200457   4500
001 268562
003 http://www.mediathequederoubaix.fr/ark:/20179/KH268562
010    $a 978-2-07-064308-0 $b Br. $d 11.70 EUR
033    $a http://catalogue.bnf.fr/ark:/12148/cb43409603f
035    $a FRBNF434096030000006
039    $o ALS $a 1761028
073  0 $a 9782070643080
090    $a 268562
091    $a 2 $b 20240509 $c 1
099    $t LI $x 27 $d 2024-05-09 $c 2014-07-17
100    $a 20110919d2011    a  y0frey50      ba
101 1  $a fre $c eng
102    $a FR
105    $a ||||z   00|y|
106    $a r
181  0 $6 01 $a i  $b xxxe  
181    $6 02 $c txt $2 rdacontent
182  0 $6 01 $a n
182    $6 02 $c n $2 rdamedia
200 1  $a Harry Potter et les reliques de la mort $b Texte imprimé $f J.K. Rowling $g traduit de l'anglais par Jean-François Ménard
205    $a Nouv. présentation
210    $a Paris $c Gallimard-Jeunesse $d 2011
215    $a 1 vol. (896 p.) $d 18 x 13 cm
225    $a Folio junior $x 0153-0593 $v 1479
308    $a Coll. principale : Folio ; 1479, ISSN 0768-0732
330    $a Dans ce septième et dernier volet, Harry est confronté à une tâche dangereuse et apparemment impossible. Accompagné de Ron et Hermione, il part en quête des Horcruxes restants de Voldemort dans le but de l'anéantir. Il ne pourra compter que sur sa force et va devoir suivre le sentier qui a été tracé pour lui par Dumbledore avant sa mort.
339    $a a
410  0 $0 34226165 $t Collection Folio junior $x 0153-0593 $v 1479
461  0 $t Harry Potter $v 7
500 11 $3 13755412 $9 59428 $a Harry Potter $m français $2 lien automatique
608    $a Romans $2 CNLJ $k Avis critique donné par le Centre national de la littérature pour la jeunesse
700    $3 13520013 $9 35991 $o ISNI0000000069181891 $a Rowling $b J. K. $4 070
702    $3 11915542 $9 308490 $o ISNI0000000115832238 $a Ménard $b Jean-François $c romancier pour la jeunesse $4 730
801  0 $a FR $b FR-751131015 $c 20110919 $g AFNOR $h FRBNF434096030000006 $2 intermrc
999    $a FRBNF434096030000006
995    $0 0 $2 0 $3 0 $4 0 $5 2016-01-08 $9 334222 $P 12.50 $b MED $c MED $e MED0A $f C1300001365 $h JROROZZ $k EXT E R/ROW $o 0 $p 12.50 $r PRETLIV $s EXT_E_RROW $w 0 $y 2016-01-08 $A 0

