02298cam a2200457   4500
001 268722
003 http://www.mediathequederoubaix.fr/ark:/20179/KH268722
010    $a 978-2-273-01054-2 $b br. $d 14,90 EUR
020    $a FR $b 01334749
033    $a http://catalogue.bnf.fr/ark:/12148/cb43602926k
035    $a FRBNF436029260000000
073  0 $a 9782273010542
090    $a 268722
091    $b 20240509 $c 1 $a 2
099    $t LI $x 42 $d 2024-05-09 $c 2014-07-24
100    $a 20130531d2013    m  h0frey50      ba
101 0  $a fre
102    $a FR
105    $a ||||e   00|y|
106    $a r
181  0 $6 01 $a i  $b xxxe  
181    $6 02 $c txt $2 rdacontent
182  0 $6 01 $a n
182    $6 02 $c n $2 rdamedia
200 1  $a Le dico des métiers $b Texte imprimé $e plus de 600 métiers à découvrir $f ONISEP
205    $a [Éd. 2013]
210    $a Marne-la-Vallée $c ONISEP $d DL 2013 $e 53-Mayenne $g Impr. Jouve
215    $a 1 vol. (297 p.) $c ill. en coul., couv. ill. en coul. $d 23 cm
300    $a ONISEP = Office national d'information sur les enseignements et les professions
300    $a Glossaire. Index
330    $a Répertoire de métiers classés par ordre alphabétique et par profils correspondant à 34 pôles d'intérêt : la nature, les animaux, les transports, les langues vivantes, la communication, la vente, etc. Avec, pour chaque activité, une description des fonctions, des formations y préparant, des qualités et diplômes requis, des perspectives d'avenir, etc.
339    $a m
606    $3 11932920 $9 5827 $a Orientation professionnelle $3 11931476 $9 109 $y France $2 rameau
606    $3 13318415 $9 49369 $a Professions $3 11931476 $9 109 $y France $2 rameau
608    $3 11975688 $9 1606 $a Guides pratiques $2 rameau
676    $a 331.702 0944 $v 23
686    $a 330 $2 Cadre de classement de la Bibliographie nationale française
710    $3 11865180 $9 91051 $o ISNI0000000120970125 $a Office national d'information sur les enseignements et les professions $c France $4 070
801  0 $a FR $b FR-751131015 $c 20130531 $g AFNOR $h FRBNF436029260000000 $2 intermrc
999    $a FRBNF436029260000000
995    $0 0 $2 0 $4 0 $5 2014-12-02 $9 313345 $P 14.90 $a 60 $b MED $c MED $e MED3A $f C0005753871 $h ACFRUZZ $k Doc./031 ABC $n 2024-06-15 $o 0 $p 13.56 $r PRETLIV $s DOC___031_000000000000000_ABC $u Gondolé. prêté en l'état $w 43 $y 2024-05-04

