02011cam a2200409   4500
001 268847
003 http://www.mediathequederoubaix.fr/ark:/20179/KH268847
010    $a 978-2-35973-404-1 $b br. $d 6,90 EUR
020    $a FR $b 01457058
033    $a http://catalogue.bnf.fr/ark:/12148/cb438718512
035    $a FRBNF438718510000004
073  0 $a 9782359734041
090    $a 268847
091    $b 20240509 $c 1 $a 2
099    $t LI $x 77 $d 2024-05-09 $c 2014-07-29
100    $a 20140801d2014    a  y0frey50      ba
101 0  $a fre
102    $a FR
105    $a ||||z   00|a|
106    $a r
181  0 $6 01 $a i  $b xxxe  
181    $6 02 $c txt $2 rdacontent
182  0 $6 01 $a n
182    $6 02 $c n $2 rdamedia
200 1  $a L'inconnu de Wazemmes $b Texte imprimé $f J. Wouters
210    $a Villeneuve-d'Ascq $c Ravet-Anceau $d impr. 2014 $e 58-Clamecy $g Impr. Laballery
215    $a 1 vol. (94 p.) $c couv. ill. en coul. $d 18 cm
225    $a Polars en Nord junior $v 4
330    $a Au moment de la rentrée des classes, Zélie, la meilleure amie de Charlie, vient avec une photo qu'elle a dérobée chez elle pour le questionnaire de la maîtresse. Intriguée par le fait que sa camarade risque d'être envoyée en pension rien que pour cela, Charlie commence avec ses amis une enquête, au moment où le quartier de Wazemmes entame le concours de la Louche d'or.
339    $a a
410  0 $0 43660970 $t Polars en Nord junior $x 2269-0190 $v 4
686    $a 809 $2 Cadre de classement de la Bibliographie nationale française
700    $3 14482818 $9 105662 $o ISNI0000000364427129 $a Wouters $b J. $f 1944-.... $4 070
801  0 $a FR $b FR-751131015 $c 20140801 $g AFNOR $h FRBNF438718510000004 $2 intermrc
999    $a FRBNF438718510000004
995    $0 0 $2 0 $4 0 $5 2014-07-30 $9 308030 $P 6.90 $b MED $c MED $e MED0A $f C0005956548 $h JROPLZZ $k EXT E R P/WOU $n 2024-06-28 $o 0 $p 6.28 $r PRETLIV $s EXT_E_R_P_WOU $w 30 $y 2024-04-23 $8 MA041
995    $0 0 $2 0 $4 0 $5 2021-04-14 $9 425376 $b MED $c MED $e MED2A $f C2500022435 $h JROPLZZ $k E RP/WOU $o 0 $p 6.90 $r PRETLIV $s E_RP_WOU $w 4 $y 2023-12-06 $A 0

