01865cam a2200421   4500
001 268978
003 http://www.mediathequederoubaix.fr/ark:/20179/KH268978
010    $a 978-2-213-67747-7 $b br. $d 20,90 EUR
020    $a FR $b 01430481
033    $a http://catalogue.bnf.fr/ark:/12148/cb43827523d
035    $a FRBNF438275230000002
073  0 $a 9782213677477
090    $a 268978
091    $b 20240510 $c 1 $a 2
099    $t LI $x 7 $d 2024-05-10 $c 2014-08-06
100    $a 20140523d2014    m  y0frey50      ba
101 0  $a fre
102    $a FR
105    $a ||||z   00|y|
106    $a r
181  0 $6 01 $a i  $b xxxe  
181    $6 02 $c txt $2 rdacontent
182  0 $6 01 $a n
182    $6 02 $c n $2 rdamedia
200 1  $a Serge Reggiani $b Texte imprimé $e l'acteur de la chanson $e biographie $f Daniel Pantchenko
210    $a [Paris] $c Fayard $d DL 2014 $e impr. en Espagne
215    $a 1 vol. (595 p.) $c ill. , couv. ill. $d 24 cm
300    $a Bibliogr. 1 p. Discogr. p. 369-374. Filmogr. p. 381-383. Webliogr. p. 387-388. Index
330    $a Biographie du célèbre acteur et chanteur qui marqua la génération de mai 1968, aussi bien les jeunes que les plus âgés. Elle retrace la vie et la carrière de l'artiste italien qui fut à la fois acteur et chanteur.
339    $a m
600    $3 13898882 $9 3095 $a Reggiani $b Serge $f 1922-2004 $2 rameau
608    $3 11935764 $9 107 $a Biographie $2 rameau
676    $a 782.421 64092 $v 23
686    $a 920 $2 Cadre de classement de la Bibliographie nationale française
700    $3 14617778 $9 105665 $o ISNI0000000107764722 $a Pantchenko $b Daniel $4 070
801  0 $a FR $b FR-751131015 $c 20140523 $g AFNOR $h FRBNF438275230000002 $2 intermrc
999    $a FRBNF438275230000002
995    $0 0 $2 0 $4 0 $5 2014-08-06 $9 308261 $P 20.90 $a 60 $b MED $c MED $e MED1A $f C0005685967 $h AMV80ZZ $k Doc./786.1 REG $o 0 $p 19.02 $r PRETLIV $s DOC___786_100000000000000_REG $w 7 $y 2024-04-19

