02276cam a2200469   4500
001 269138
003 http://www.mediathequederoubaix.fr/ark:/20179/KH269138
010    $a 978-2-0812-6421-2 $b br. $d 5 EUR
020    $a FR $b 01262166
033    $a http://catalogue.bnf.fr/ark:/12148/cb42761960s
035    $a FRBNF427619600000000
073  0 $a 9782081264212
090    $a 269138
091    $b 20240510 $c 1 $a 2
099    $t LI $x 110 $d 2024-05-10 $c 2014-08-23
100    $a 20121004d2012    a  y0frey50      ba
101 0  $a fre
102    $a FR
105    $a ||||z   00|a|
106    $a r
181  0 $6 01 $a i  $b xxxe  
181    $6 02 $c txt $2 rdacontent
182  0 $6 01 $a n
182    $6 02 $c n $2 rdamedia
200 1  $a Princesse cherche son chevalier $b Texte imprimé $f Sandra Nelson, Louis Alloing
210    $a Paris $c Flammarion $d impr. 2012 $e 85-Luçon $g Impr. Pollina
215    $a 1 vol. (45 p.) $c ill. en coul., couv. ill. en coul. $d 18 cm
225 19 $a Princesse Olympe $v 1
225    $a Castor poche $e benjamin
330    $a La petite princesse Olympe s'ennuie au palais du Louvre quand ses parents sont absents. Mais elle fait la rencontre de Simon, petit prince qui vit sur une péniche.
339    $a a
410  0 $0 34228491 $t Castor poche $x 0248-0492 $d 2012
461  0 $t Princesse Olympe $v 1
608    $a Premières lectures $2 CNLJ $k Avis critique donné par le Centre national de la littérature pour la jeunesse
686    $a 809 $2 Cadre de classement de la Bibliographie nationale française
700    $3 15058753 $9 314323 $o ISNI0000000080183580 $a Nelson $b Sandra $4 070
701    $3 12349033 $9 43532 $o ISNI0000000114719372 $a Alloing $b Louis $f 1955-.... $4 070
801  0 $a FR $b FR-751131015 $c 20121004 $g AFNOR $h FRBNF427619600000000 $2 intermrc
999    $a FRBNF427619600000000
995    $0 3 $2 1 $4 0 $5 2014-08-23 $9 308655 $P 5.30 $b MED $c MED $e MED2A $f C0005894994 $h JRORMZZ $k PRE R/NEL $n 2018-12-05 $o 4 $p 5.30 $r PRETLIV $s PRE_R_NEL $w 38 $y 2018-11-14
995    $0 0 $2 0 $4 0 $5 2015-09-25 $9 327417 $P 5.30 $b BUS $c BUS $e BUS1A $f C1300000188 $h JRORMZZ $k BUS E PRE/CAS $o 0 $p 5.30 $r PRETLIV $s BUS_E_PRE_CAS $u Traces de crayon rouge page 26 + dernière page $w 55 $y 2024-05-18 $A 0
995    $0 0 $2 0 $4 0 $5 2019-10-23 $9 400549 $b MED $c MED $e MED2A $f C2500014934 $h JRORMZZ $k PRE R/NEL $o 0 $p 5.30 $r PRETLIV $s PRE_R_NEL $w 17 $y 2023-11-25 $A 0

