02431cam a2200493   4500
001 269309
003 http://www.mediathequederoubaix.fr/ark:/20179/KH269309
010    $a 978-2-7654-1433-9 $b br. $d 46 EUR
020    $a FR $b 01439948
033    $a http://catalogue.bnf.fr/ark:/12148/cb438567580
035    $a FRBNF438567580000005
073  0 $a 9782765414339
090    $a 269309
091    $a 2 $b 20240510 $c 1
099    $t LI $x 7 $d 2024-05-10 $c 2014-08-28
100    $a 20140707d2014    m  y0frey50      ba
101 0  $a fre
102    $a FR
105    $a ||||z   00|y|
106    $a r
181  0 $6 01 $a i  $b xxxe  
181    $6 02 $c txt $2 rdacontent
182  0 $6 01 $a n
182    $6 02 $c n $2 rdamedia
200 1  $a Administration et bibliothèques $b Texte imprimé $f Yves Desrichard
205    $a Nouvelle éd.
210    $a Paris $c Éd. du Cercle de la librairie $d DL 2014 $e 58-Clamecy $g Impr. Laballery
215    $a 1 vol. (576 p.) $c ill. $d 24 cm
225    $a Bibliothèques $x 0184-0886
300    $a Légigr. p. 540-547. Bibliogr. p. 548-552. Index
330    $a Edition remaniée et actualisée de ce manuel présentant l'ensemble des lois et règlements régissant l'organisation administrative et le fonctionnement des bibliothèques et des services d'archives, ainsi que les administrations de tutelle et de contrôle.
339    $a m
410  0 $0 34226952 $t Bibliothèques (Paris. 1978) $x 0184-0886 $d 2014
452  1 $0 44415994 $t Administration et bibliothèques $b Texte électronique $y 9782765414353
606    $3 11930827 $9 1693 $a Administration publique $3 11931476 $9 109 $y France $3 12432924 $9 2858 $z 1990-2020 $2 rameau
606    $3 12653982 $9 22121 $a Fonction publique $3 11931476 $9 109 $y France $3 12432924 $9 2858 $z 1990-2020 $2 rameau
606    $3 13318325 $9 822 $a Bibliothèques $3 11931476 $9 109 $y France $3 12432924 $9 2858 $z 1990-2020 $2 rameau
606    $3 11965522 $9 13623 $a Bibliothèques $x Administration $3 11931476 $9 109 $y France $3 12432924 $9 2858 $z 1990-2020 $2 rameau
676    $a 025.1 $v 23
686    $a 020 $2 Cadre de classement de la Bibliographie nationale française
700    $3 13615938 $9 14104 $o ISNI0000000121204182 $a Desrichard $b Yves $4 070
801  0 $a FR $b FR-751131015 $c 20140707 $g AFNOR $h FRBNF438567580000005 $2 intermrc
999    $a FRBNF438567580000005
995    $0 0 $2 0 $3 0 $4 0 $5 2014-09-17 $9 309016 $P 42.00 $a 60 $b MED $c MED $e MED3D $f C0004159364 $h ACFBPZZ $k Bib prof /1.0 DES $o 0 $p 38.22 $r PRETLIV $s BIB_PROF_1_000000000000000_DES $w 7 $y 2019-09-28

