01925nam a2200457   4500
001 269478
003 http://www.mediathequederoubaix.fr/ark:/20179/KH269478
010    $a 978-2-218-97039-9 $b br. $d 4,80 EUR
033    $a http://catalogue.bnf.fr/ark:/12148/cb43489923j
035    $a FRBNF434899230000004
039    $o ALS $a 1854514
073  0 $a 9782218970399
090    $a 269478
091    $a 2 $b 20240509 $c 1
099    $t LI $x 93 $d 2024-05-09 $c 2014-08-29
100    $a 20130903d2013    a  y0frey50      ba
101 0  $a fre
102    $a FR
105    $a ||||z   00|y|
106    $a r
181  0 $6 01 $a i  $b xxxe  
181    $6 02 $c txt $2 rdacontent
182  0 $6 01 $a n
182    $6 02 $c n $2 rdamedia
200 1  $a Ugo et Liza vétérinaires $b Texte imprimé $f écrit par Mymi Doinet $g illustré par Daniel Blancou
205    $a Nouvelle présentation
210    $a Paris $c Hatier jeunesse $d 2013
215    $a 1 vol. (29 p.) $c ill. en coul. $d 19 x 15 cm
225    $a Les petits métiers d'Ugo et Liza
225    $a Hatier poche $x 2100-2843 $i Premières lectures $v 7
300    $a Lexique
330    $a En compagnie de Robotaquin, Ugo et Liza découvrent le métier de vétérinaire et soignent les animaux du zoo.
339    $a a
410  0 $0 41052213 $t Hatier poche $x 2100-2843 $v 7
461  0 $6 292126 $t Les petits métiers d'Ugo et Liza
700    $3 13077816 $9 50822 $o ISNI0000000121027614 $a Doinet $b Mymi $4 070
702    $3 13085439 $9 77503 $o ISNI0000000001712705 $a Blancou $b Daniel $4 440
801  0 $a FR $b FR-751131015 $c 20130903 $g AFNOR $h FRBNF434899230000004 $2 intermrc
999    $a FRBNF434899230000004
995    $0 0 $2 0 $4 0 $5 2014-09-25 $9 309232 $P 4.80 $a 20 $b MED $c MED $e MED2A $f C0005893775 $h JRORMZZ $k PRE R/DOI $o 0 $p 4.37 $r PRETLIV $s PRE_R_DOI $u reliure décollée $w 59 $y 2024-03-23
995    $0 0 $2 0 $4 0 $5 2014-11-18 $9 313716 $P 4.80 $b BUS $c BUS $e BUS1A $f C0005882229 $h JRORMZZ $k BUS E PRE/HAT $o 0 $p 4.80 $r PRETLIV $s BUS_E_PRE_HAT $w 34 $y 2024-05-07 $A 0

