02535cam a2200469   4500
001 269644
003 http://www.mediathequederoubaix.fr/ark:/20179/KH269644
010    $a 978-2-84497-285-9 $b rel. $d 30 EUR
020    $a FR $b 01521341
033    $a http://catalogue.bnf.fr/ark:/12148/cb442331182
035    $a FRBNF442331180000001
073  0 $a 9782844972859
090    $a 269644
091    $b 20240510 $c 1 $a 2
099    $t LI $x 2 $d 2024-05-10 $c 2014-09-05
100    $a 20141201d2014    m  y0frey50      ba
101 0  $a fre
102    $a FR
105    $a ||||z   00|y|
106    $a r
181  0 $6 01 $a i  $b xxxe  
181    $6 02 $c txt $2 rdacontent
182  0 $6 01 $a n
182    $6 02 $c n $2 rdamedia
200 1  $a La Première guerre mondiale vue par les peintres de la Bretagne $b Texte imprimé $e [exposition, Musée du Faouët, 28 juin-11 novembre 2014] $f [catalogue par] Jean-Marc Michaud $g avec la participation de Denise Delouche
210    $a Le Faouët $c Liv'éditions $d impr. 2014
215    $a 1 vol. (107 p.) $c ill. en coul. $d 31 cm
330    $a Issu de l'exposition donnée au Musée du Faouët, cet ouvrage se veut une contribution originale aux commémorations du centenaire de 1914. Il donne à voir la Première Guerre mondiale à travers les oeuvres picturales et les écrits de peintres actifs en Bretagne au cours du XXe siècle, selon une approche à la fois thématique et chronologique.
339    $a m
503 1  $a Exposition $m Le Faouët $j 2014
606    $3 11932942 $9 3760 $a Peinture $3 11931077 $9 5413 $y Bretagne (France) $3 11976044 $9 113 $z 1900-1945 $3 11975676 $9 3577 $x Thèmes, motifs $2 rameau
606    $3 11932942 $9 3760 $a Peinture $3 11931077 $9 5413 $y Bretagne (France) $3 11976947 $9 1123 $z 1945-1970 $3 11975676 $9 3577 $x Thèmes, motifs $2 rameau
606    $3 12020650 $9 38659 $a Guerre mondiale (1914-1918) $x Art et guerre $2 rameau
608    $3 11938837 $9 136 $a Catalogues d'exposition $2 rameau
676    $a 758.994 03 $v 23
686    $a 750 $2 Cadre de classement de la Bibliographie nationale française
702    $3 14485478 $9 118026 $o ISNI0000000052884654 $a Michaud $b Jean-Marc $4 070
702    $3 11899420 $9 77820 $o ISNI0000000110722945 $a Delouche $b Denise $f 1933-.... $4 205
712 11 $3 14497231 $9 72051 $o ISNI0000000090174450 $a Musée du Faouët $4 070
801  0 $a FR $b FR-751131015 $c 20141201 $g AFNOR $h FRBNF442331180000001 $2 intermrc
999    $a FRBNF442331180000001
995    $0 0 $2 0 $3 0 $4 0 $5 2014-09-05 $9 309623 $P 30.00 $b MED $c MED $e MED1A $f C0005957989 $h AAPATAP $k Doc./715 HIS $o 0 $p 27.30 $r PRETLIV $s DOC__715_000000000000000_HIS $w 2 $y 2022-05-12

