01960ngm0a22003971i 4500
001 269782
003 http://www.mediathequederoubaix.fr/ark:/20179/KH269782
010    $d 43,00 EUR
090    $a 269782
091    $a 1 $b 20240511 $c 0
099    $t VD $x 10 $d 2024-05-11 $c 2014-09-11
100    $a 20140911d2012    u  y0frey5003    ba
101    $a fre $j fre $a eng
200 1  $a Misfits - Saison 4 $b DVD $f Nirpal Bhogal, réal. $g Dusan Lazarevic, Osbert Parker, Jonathan Van Tulleken, réal. $g Karla Crome, Joseph Gilgun, Matthew Mcnulty... [et al.], act. $g Jon Brown, Mike O'Leary, Howard Overman, scénario $g Vince Pope, mus.
210    $c Koba Films Vidéo $d 2013
215    $a 3 DVD (6h 40min) PAL $c 16/9 compatible 4/3, Couleur, Dolby Digital 2.0
300    $a Prêt + Consultation
300    $a Webisodes, making of.
330    $a Le service des travaux d'intérêt général accueille deux nouvelles recrues, Jess et Finn. Armés de leurs pouvoirs, ils vont faire équipe avec Curtis et Rudy pour combattre les chevaliers de l'Apocalypse. 8 épisodes. 
333    $a Accord parental
339    $a m
510 1  $a Misfits
700  0 $7 ba0yba0y $8 fre    $3 16654613 $9 305932 $4 300 $a Bhogal $b Nirpal
701  0 $4 370 $a Lazarevic $b Dusan
701  0 $4 370 $a Parker $b Osbert
701  0 $4 370 $a Van Tulleken $b Jonathan
702  0 $4 005 $a Crome $b Karla
702  0 $a Gilgun $b Joseph $f 1984-.... $4 005
702  0 $4 690 $a O'Leary $b Mike
702  0 $4 230 $a Pope $b Vince
702    $7 ba0yba0y $8 fre    $a Stewart-Jarrett $b Nathan $f 1985-.... $3 16552843 $4 005 $9 292103
702  0 $7 ba0yba0y $8 fre    $3 16277538 $9 60494 $4 005 $7 ba0yba0y $8 fre    $a McNulty $b Matthew $f 1982-....
702    $7 ba0yba0y $8 fre    $a Overman $b Howard $3 16552824 $4 690 $9 292104
702    $7 ba0yba0y $8 fre    $a Brown $b Jon $3 16720755 $4 690 $9 292105
801  0 $a FR $b COLACO $c 20140911 $g AFNOR
995    $0 0 $2 0 $4 0 $5 2014-09-11 $9 309891 $P 43.00 $b MED $c MED $e MED3E $f C0005899920 $h AAPCITV $k DVD/F MIS $o 0 $p 34.40 $r PRETDVD $s DVD_F_MIS $w 10 $y 2022-10-11

