01790cam a2200409   4500
001 270024
003 http://www.mediathequederoubaix.fr/ark:/20179/KH270024
010    $a 978-2-84666-876-7 $b br. $d 24 EUR
020    $a FR $b 01463558
033    $a http://catalogue.bnf.fr/ark:/12148/cb43906080c
035    $a FRBNF439060800000002
073  0 $a 9782846668767
090    $a 270024
091    $b 20240511 $c 1 $a 2
099    $t LG $x 35 $d 2024-05-11 $c 2014-09-16
100    $a 20141001d2014    m  y0frey50      ba
101 0  $a fre
102    $a FR
105    $a ||||z   00|a|
106    $a d
181  0 $6 01 $a i  $b xxxe  
181    $6 02 $c txt $2 rdacontent
182  0 $6 01 $a n
182    $6 02 $c n $2 rdamedia
200 1  $a Noces de charbon $b Texte imprimé $f Sophie Chauveau
205    $a [Éd. en gros caractères]
210    $a Cergy-Pontoise $c À vue d'oeil $d impr. 2014 $e 63-Clermont-Ferrand $g Impr. la Source d'or
215    $a 1 vol. (503 p.) $c couv. ill. $d 24 cm
225    $a 16-17 $e littérature
330    $a Le destin, de la fin du XIXe siècle jusqu'à mai 1968, de la lignée fondée par Adolphe Larivière, mineur, et celle fondée par Hippolyte Fourny, ingénieur des mines, deux familles unies par le mariage Nadine et de Pierjac en 1952. Prix Paul Féval 2014 (SGDL). ­Electre 2014
339    $a m
410  0 $0 41366923 $t 16-17 $x 1968-5068 $d 2014
686    $a 803 $2 Cadre de classement de la Bibliographie nationale française
700    $3 11896406 $9 34931 $o ISNI0000000083539079 $a Chauveau $b Sophie $f 1953-.... $4 070
801  0 $a FR $b FR-751131015 $c 20141001 $g AFNOR $h FRBNF439060800000002 $2 intermrc
999    $a FRBNF439060800000002
995    $0 0 $2 0 $4 0 $5 2014-10-14 $9 310134 $P 24.00 $b MED $c MED $e MED1A $f C0005891252 $h ALTLVZZ $k LV R/CHA $n 2024-05-09 $o 0 $p 21.84 $r PRETLIV $s LV_R_CHA $w 35 $y 2024-04-17 $A 0

