00999njm a22002413  4500
001 270216
003 http://www.mediathequederoubaix.fr/ark:/20179/KH270216
071    $a 9612 $b Indigo
090    $a 270216
091    $a 1 $b 20240511 $c 0
099    $t DV $x 9 $d 2024-05-11 $c 2014-09-25
100    $a 20140925d[sd]    u||y0frey50      ba
101    $a eng
200    $a The real blues $b Enr. sonore $f John Lee Hooker
210    $d [sd]
215    $a 1 Disque $c 33t $d 30cm
327    $a  Face A : Send me your pillow - $a Old time shimmy - $a Dimples - $a I'm so exited - $a Baby Lee - $a Face B : Boom boom - $a No shoes - $a Dusty road - $a Onions - $a Good rocking mama
679    $c 110
700  1 $7 ba0yba0y $8 fre    $7 ba0yba0y $8 fre    $a Hooker $b John Lee $f 1917-2001
801    $a FR $b 595126101 $c 20140925 $g AFNOR
317    $a Don de la Médiathèque d'Arras
339    $a m
995    $0 0 $2 0 $4 0 $5 2014-09-25 $9 310538 $P 10.00 $b MED $c MED $e MED1A $f C0005684762 $h AMV11ZZ $k DISQ30/110  HOO $o 0 $p 10.00 $r PRETSON $s DISQ_30_110000000000000_HOO $w 9 $y 2017-05-26

