00866njm a22002413  4500
001 270352
003 http://www.mediathequederoubaix.fr/ark:/20179/KH270352
071    $a 127941 $b Pepper Records
090    $a 270352
091    $a 1 $b 20240511 $c 0
099    $t DV $x 1 $d 2024-05-11 $c 2014-10-01
100    $a 20141001d[sd]    u||y0frey50      ba
101    $a eng
200    $a The serpent in the garden $b Enr. sonore $f The Garden of Eden
210    $d P [sd]
215    $a 1 Disque $c 45t $d 33cm
327    $a Contient aussi : Face B : 7"mix -  $a The Himalayan mix
679    $a 180
710    $a The Garden of Eden
801    $a FR $b 595126101 $c 20141001 $g AFNOR
317    $a Don de la Médiathèque d'Arras
339    $a m
995    $0 0 $2 0 $4 0 $5 2014-10-01 $9 310792 $P 10.00 $b MED $c MED $e MED1A $f C0005684380 $h AMV14ZZ $k DISQ30/180  GAR $o 0 $p 10.00 $r PRETSON $s DISQ_30_180000000000000_GAR $w 1 $y 2015-10-01

