01974cam1a22004211i 4500
001 270534
003 http://www.mediathequederoubaix.fr/ark:/20179/KH270534
005 20240511021017.0
010    $a 978-2-03-590379-2 $b br. $d 11,90 EUR
073  0 $a 9782035903792
090    $a 270534
091    $a 2 $s http://www.sudoc.fr/14837753X $b 20240511 $c 0 $m 3
100    $a 20140915d2014    m  |0frey5003||||ba
101 0  $a fre
102    $a FR
105    $a         0||y|
106    $a r
200 1  $a Dictionnaire des dictons des terroirs de France $b Texte imprimé $f Gabrielle Cosson $g [préf. Fernand Comte]
210    $a Paris $c Larousse $d 2014
211    $a 20140910
215    $a 391 p. $c ill. , couv. ill. $d 20 cm
225 2  $a Références Larousse $x 0981-8200
320    $a Index
330    $a Une sélection de 5.000 dictons des différentes régions françaises regroupés par entrées thématiques (jours, célébrations, phénomènes naturels, plantes et animaux). Avec 600 notices encyclopédiques pour les replacer dans leur contexte et mieux les comprendre. En fin d'ouvrage, deux classements : l'un par dates et fêtes, l'autre par régions. ­Electre 2014
333    $a Tout public
345    $b 9782035903792
410  0 $0 34244130 $t Références Larousse $x 0981-8200
606    $2 rameau $3 12008778 $9 10127 $7 ba0yba0y $8 fre    $a Proverbes français $3 11931877 $9 2172 $x Dictionnaires
676    $a 398.9 $v 22
686    $2 electre
700    $3 13084120 $7 ba0yba0y $8 fre    $a Cosson $b Gabrielle $9 36852
702    $7 ba0yba0y $8 fre    $a Comte $b Fernand $f 1932-.... $4 080
801  3 $a FR $b Electre $c 20140915 $g AFNOR
830    $a ELECTREpatetud 20141007
856 4  $u http://www.electre.com//GetBlob.ashx?Ean=9782035903792,0-2188140&Size=Original
099    $t LI $d 2024-05-11 $c 2014-10-07
339    $a m
995    $0 0 $2 0 $3 0 $4 0 $5 2014-10-22 $9 311071 $P 11.90 $a 60 $b MED $c MED $e MED2B $f C0005786107 $h ACFUEZZ $k U ETUD/398.9 COS $o 2 $p 10.83 $r PRETLIV $s U_ETUD398_9_000000000000000_CO $w 0 $y 2014-10-07

