02848cam a2200457   4500
001 270665
003 http://www.mediathequederoubaix.fr/ark:/20179/KH270665
010    $a 978-2-205-07308-9 $b rel. $d 7,95 EUR
020    $a FR $b 01460339
033    $a http://catalogue.bnf.fr/ark:/12148/cb43879149h
035    $a FRBNF438791490000004
073  0 $a 9782205073089
090    $a 270665
091    $b 20220402 $c 1 $a 0
099    $t LI $x 135 $d 2024-05-18 $c 2014-10-07
100    $a 20140818d2014    a  y0frey50      ba
101 0  $a fre
102    $a FR
105    $a ||||t   00|a|
106    $a r
181  0 $6 01 $a i  $b xxxe   $a b  $b xb2e  
181    $6 02 $c txt $c sti $2 rdacontent
182  0 $6 01 $a n
182    $6 02 $2 rdamedia
200 1  $a Ana Ana $b Texte imprimé $f Alexis Dormal, Dominique Roques $h 4 $i Les champions du désordre
210    $a Paris $a Barcelone $a Bruxelles [etc.] $c Dargaud $d DL 2014 $e impr. en Belgique
215    $a 1 vol. (non paginé [22] p.) $c ill. en coul., couv. ill. en coul. $d 19 x 25 cm
225 19 $a Ana Ana $v 4
321    $a La Revue des livres pour enfants $x 0398-8384 $c 280
329    $a Quatrième titre consacré à Ana Ana (la petite soeur de Pico Bogue) et à ses doudous, Les Champions du désordre est une mignonne histoire pour les petits. Le beau dessin d'Alexis Dormal donne toujours envie aux enfants d'avoir la même chambre qu'Ana Ana et de lire et relire ses histoires. Beaucoup de douceur, une dose d'espièglerie (moindre tout de même que dans Pico), Ana Ana et ses doudous restent à l'abri de la pluie dans la chambre et jouent en attendant le retour du soleil... 
330    $a Petite soeur de Pico Bogue, Ana Ana vit des aventures avec ses doudous Touffe de poils, Grizzou, Pingpong, Zigzag, Goupille et Baleineau. Aujourd'hui, il pleut et la joyeuse troupe transforme la chambre de la petite fille en terrain de jeu. Jusqu'au moment où, prise de panique, Ana Ana décide de tout ranger. ­Electre 2014
333    $a À partir de 3 ans
339    $a a
461  0 $t Ana Ana $v 4
686    $2 Cadre de classement de la Bibliographie nationale française
700    $3 14643501 $9 99538 $o ISNI0000000381747618 $7 ba0yba0y $8 fre    $a Dormal $b Alexis $f 1977-.... $4 070 $9 99538
701    $3 15748659 $9 99537 $o ISNI0000000121359977 $7 ba0yba0y $8 fre    $a Roques $b Dominique $f 1948-.... $4 070 $9 99537
801  0 $a FR $b FR-751131015 $c 20140818 $g AFNOR $h FRBNF438791490000004 $2 intermrc
995    $0 0 $2 0 $4 0 $5 2014-10-07 $9 311210 $P 7.95 $b MED $c MED $e MED0A $f C0005892433 $h JBDZZZZ $k EXT E BD/DOR $o 0 $p 7.95 $r PRETLIV $s EXT_E_BD_DOR $w 6 $y 2023-01-03
995    $0 0 $2 0 $4 0 $5 2019-08-01 $9 397253 $b MED $c MED $e MED2A $f C2500013670 $h JBDPBZZ $k PE BD $n 2024-06-08 $o 0 $p 7.95 $r PRETLIV $s PE_BD $w 49 $y 2024-05-18 $A 0
995    $0 0 $2 0 $4 0 $5 2019-12-10 $9 403463 $P 7.95 $V 4 $b BUS $c BUS $e BUS1A $f C2500015922 $h JBDPBZZ $k BUS PE BD $o 0 $p 7.95 $r PRETLIV $s BUS_PE_BD $w 32 $y 2024-02-17 $7  $8  $A 0 $m  $z 

