01454cam a2200373   4500
001 270798
003 http://www.mediathequederoubaix.fr/ark:/20179/KH270798
010    $a 978-2-07-014592-8 $b br. $d 16,90 EUR
020    $a FR $b 01449623
033    $a http://catalogue.bnf.fr/ark:/12148/cb43872191m
035    $a FRBNF438721910000006
073  0 $a 9782070145928
090    $a 270798
091    $b 20240511 $c 1 $a 2
099    $t LI $x 10 $d 2024-05-11 $c 2014-10-09
100    $a 20140801d2014    m  y0frey50      ba
101 0  $a fre
102    $a FR
105    $a ||||z   00|a|
106    $a r
181  0 $6 01 $a i  $b xxxe  
181    $6 02 $c txt $2 rdacontent
182  0 $6 01 $a n
182    $6 02 $c n $2 rdamedia
200 1  $a Mon âge $b Texte imprimé $e roman $f Fabienne Jacob
210    $a [Paris] $c Gallimard $d impr. 2014 $e 53-Mayenne $g Impr. Floch
215    $a 1 vol. (164 p.) $d 21 cm
330    $a Un roman sur l'importance de l'expérience dans la constitution de l'être qui ne dépend pas du temps qui passe. ­Electre 2014
339    $a m
686    $a 803 $2 Cadre de classement de la Bibliographie nationale française
700    $3 13541591 $9 72401 $o ISNI0000000109001163 $a Jacob $b Fabienne $f 1959-.... $4 070
801  0 $a FR $b FR-751131015 $c 20140801 $g AFNOR $h FRBNF438721910000006 $2 intermrc
999    $a FRBNF438721910000006
995    $0 0 $2 0 $3 0 $4 0 $5 2014-10-11 $9 311386 $P 16.90 $a 60 $b MED $c MED $e MED1A $f C0005889457 $h ALTROZZ $k R/JAC $o 0 $p 15.38 $r PRETLIV $s RJAC $w 10 $y 2023-07-08

