02419cam a2200481   4500
001 270936
003 http://www.mediathequederoubaix.fr/ark:/20179/KH270936
010    $a 978-2-84016-052-6 $b br. $d 25 EUR
020    $a FR $b 01022604
033    $a http://catalogue.bnf.fr/ark:/12148/cb421830218
035    $a FRBNF421830210000003
073  0 $a 9782840160526
090    $a 270936
091    $b 20240511 $c 1 $a 2
099    $t LI $x 2 $d 2024-05-11 $c 2014-10-10
100    $a 20100420d2010    m  h0frey50      ba
101 0  $a fre
102    $a FR
105    $a ||||z   00|y|
106    $a r
181  0 $6 01 $a i  $b xxxe  
181    $6 02 $c txt $2 rdacontent
182  0 $6 01 $a n
182    $6 02 $c n $2 rdamedia
200 1  $a L'esthétique du livre $b Texte imprimé $f édition établie sous la direction d'Alain Milon et de Marc Perelman
210    $a [Nanterre] $c Presses universitaires de Paris Ouest $d impr. 2010 $e 42-Saint-Just-la-Pendue $g Impr. Chirat
215    $a 1 vol. (447 p.) $c ill., couv. ill. en coul. $d 26 cm
225    $a Livre et société
300    $a Bibliogr. p. 411-423. Index
330    $a Plutôt que de se consacrer à l'analyse du beau livre, ces contributions visent, à partir des perceptions suscitées par l'objet livre, à examiner ses dimensions esthétiques et les impressions qu'il engendre. Analyse de diverses expériences esthétiques (livre renaissant, livre d'artiste, livre "moche"...), de points de vue d'éditeur ou d'écrivain,  de quelques moments historiques du livre illustré. ­Electre 2014
339    $a m
410  0 $0 42188278 $t Livre et société $x 2108-6303 $d 2010
606    $3 11961638 $9 52214 $a Livres $x Mise en page $2 rameau
606    $3 11936330 $9 13971 $a Relations écrivains-éditeurs $2 rameau
608    $3 13318510 $9 112410 $a Livres illustrés $2 rameau
608    $3 13318667 $9 28202 $a Livres d'artistes $2 rameau
676    $a 002 $v 23
686    $a 000 $2 Cadre de classement de la Bibliographie nationale française
702    $3 12234506 $9 48979 $o ISNI0000000121172934 $a Milon $b Alain $f 1956-.... $4 651
702    $3 12051482 $9 43414 $o ISNI0000000040748858 $a Perelman $b Marc $f 1953-.... $4 651
801  0 $a FR $b FR-751131015 $c 20100420 $g AFNOR $h FRBNF421830210000003 $2 intermrc
999    $a FRBNF421830210000003
995    $0 0 $2 0 $3 0 $4 0 $5 2014-10-30 $9 311578 $P 25.50 $a 60 $b MED $c MED $e MED3D $f C0005516025 $h ACFBPZZ $k BIB PROF/3.37 MIL $o 0 $p 23.20 $r PRETLIV $s BIB_PROF_3_370000000000000_MIL $w 2 $y 2019-07-06

