01977cam a2200409   4500
001 271103
003 http://www.mediathequederoubaix.fr/ark:/20179/KH271103
010    $a 978-2-7298-8017-0 $b br. $d 13 EUR
020    $a FR $b 01335083
033    $a http://catalogue.bnf.fr/ark:/12148/cb43622042r
035    $a FRBNF436220420000002
073  0 $a 9782729880170
090    $a 271103
091    $b 20240511 $c 1 $a 2
099    $t LI $x 3 $d 2024-05-11 $c 2014-10-17
100    $a 20130627d2013    de y0frey50      ba
101 0  $a fre
102    $a FR
105    $a ||||j   00|y|
106    $a r
181  0 $6 01 $a i  $b xxxe  
181    $6 02 $c txt $2 rdacontent
182  0 $6 01 $a n
182    $6 02 $c n $2 rdamedia
200 1  $a Problèmes de physique tirés de l'histoire des sciences $b Texte imprimé $e 40 activités et exercices corrigés pour le lycée $f Cyril Verdet
210    $a Paris $c Ellipses $d impr. 2013 $e 61-Lonrai $g Normandie roto impr.
215    $a 1 vol. (141 p.) $c ill., couv. ill. $d 24 cm
330    $a 40 sujets d'interrogations résolus donnés au lycée, de la seconde à la terminale. Ces problèmes reprennent des expériences, des protocoles, des découvertes ou des démonstrations ayant marqué l'histoire des sciences, de la géométrie antique au modèle de Bohr en passant par la révolution copernicienne, la méthode de Descartes et la radioactivité. ­Electre 2014
339    $a m
606    $3 11933127 $9 3286 $a Physique $2 rameau
608    $3 11975731 $9 921 $a Problèmes et exercices $2 rameau
676    $a 530.076 $v 23
686    $a 530 $2 Cadre de classement de la Bibliographie nationale française
700    $3 16695230 $9 118509 $o ISNI0000000416379764 $a Verdet $b Cyril $4 070
801  0 $a FR $b FR-751131015 $c 20130627 $g AFNOR $h FRBNF436220420000002 $2 intermrc
999    $a FRBNF436220420000002
995    $0 3 $2 1 $4 0 $5 2014-10-17 $9 311890 $P 13.00 $b MED $c MED $e MED3A $f C0005755950 $h ACFSCZZ $k Doc./530 ABC $n 2019-03-12 $o 4 $p 11.83 $r PRETLIV $s DOC___530_000000000000000_ABC $w 3 $y 2019-02-19

