01941cam a2200421   4500
001 271248
003 http://www.mediathequederoubaix.fr/ark:/20179/KH271248
010    $a 978-2-84865-735-6 $b rel. $d 19,50 EUR
020    $a FR $b 01460392
033    $a http://catalogue.bnf.fr/ark:/12148/cb43497942j
035    $a FRBNF434979420000004
039    $o ALS $a 1889257
073  0 $a 9782848657356
090    $a 271248
091    $a 2 $b 20240511 $c 1
099 00 $x 14 $t LI $d 2024-05-11 $c 2014-10-23
100    $a 20140610d2014    m  y0frey50      ba
101 0  $a fre
102    $a FR
105    $a ||||t   00|a|
106    $a r
181  0 $6 01 $a i  $b xxxe   $a b  $b xb2e  
181    $6 02 $c txt $c sti $2 rdacontent
182  0 $6 01 $a n
182    $6 02 $c n $2 rdamedia
200 1  $a Lonely Betty $b Texte imprimé $f texte de Joseph Incardona $g adaptation et dessin de Christophe Merlin
210    $a Paris $c Sarbacane $d DL 2014 $e impr. en Malaisie
215    $a 1 vol. (61 p.) $c ill. en coul., couv. ill. en coul. $d 32 cm
225    $a Collection dirigée par Frédéric Lavabre
330    $a La veille de Noël, dans une petite ville du Maine, Betty Holmes fête ses 100 ans. Mais l'ancienne institutrice a décidé de lever le voile sur certains de ses anciens élèves et sur une disparition vieille de soixante ans. Une parodie de roman noir. ­Electre 2014
339    $a m
410  0 $0 42177961 $t Collection dirigée par Frédéric Lavabre $d 2014
686    $a 805 $2 Cadre de classement de la Bibliographie nationale française
700    $3 14403616 $9 36352 $o ISNI0000000109819918 $a Incardona $b Joseph $f 1969-.... $4 070
702    $3 12141164 $9 4768 $o ISNI0000000078307011 $a Merlin $b Christophe $f 1966-.... $4 440
801  0 $a FR $b FR-751131015 $c 20140610 $g AFNOR $h FRBNF434979420000004 $2 intermrc
999    $a FRBNF434979420000004
995    $0 0 $2 0 $4 0 $5 2014-10-23 $9 312146 $P 19.50 $a 19 $b MED $c MED $e MED0C $f C0005664900 $h AAPBDZZ $k BD/MER $o 0 $p 17.75 $r PRETLIV $s BD_MER $w 14 $y 2023-04-28

