01192nam a22002293  4500
001 271401
003 http://www.mediathequederoubaix.fr/ark:/20179/KH271401
090    $a 271401
091    $a 0
099    $t LI $d 2022-07-11
100    $a 20141025d1984    m||y0frey50      ba
101    $a fre
200    $a Frans Masereel $e peintures, aquarelles, dessins, gravures  $e [exposition], Salles de la Poudrière, 2 juin-5 août 1984, Musée du dessin et de l'estampe originale de Gravelines $f [org. par Dominique Tonneau Ryckelynck et Pierre Worms]
210    $a Gravelines $c Ed. du Musée de Gravelines $d 1984
215    $a 96 p. $c ill. en noir et en coul., couv. ill. en coul. $d 24 cm
503    $a Exposition $j 1984 $m Gravelines $n Musée u dessin et de l'estampe originale
600  1 $9 193600 $a Masereel $b Frans $f 1889-1972 $x Catalogues d’exposition
702    $4 340 $7 ba0yba0y $8 fre    $a Tonneau-Ryckelynck $b Dominique $f 1948-.... $9 66028
702    $9 292820 $a Vorms $b Pierre $f 1903-1986 $4 340
801    $a FR $b 595126101 $c 20141025 $g AFNOR
339    $a m
995    $0 0 $2 0 $4 0 $5 2014-10-25 $9 312346 $P 15.00 $a 10 $b MED $c MED $e MED3T $f C0005975785 $h PPEFGZZ $k MAG L/P 8/117 097 $o 2 $p 15.00 $r PRETLIV $s MAG_LP_8117_097000000000000 $w 0 $y 2014-10-25

