02039ngm0a22003251i 4500
001 271544
003 http://www.mediathequederoubaix.fr/ark:/20179/KH271544
010    $d 34,00 EUR
090    $a 271544
091    $a 1 $b 20240511 $c 0
099    $t VD $x 56 $d 2024-05-11 $c 2014-11-06
100    $a 20141106d2014    u  y0frey5003    ba
101    $a fre
102    $a FR
200 1  $a On a failli être amies $b DVD $f Anne Le Ny, réal. $g Emmanuelle Devos, Karin Viard, Roschdy Zem... [et al.], act. $g Anne Le Ny, scénario $g Eric Neveux, mus. $g Anne Le Ny, dial.
210    $c France Télévisions Distribution $d 2014
215    $a 1 DVD (1h 26min) PAL $c 16/9 compatible 4/3, Couleur, Dolby Digital 5.1
300    $a Making of, bande-annonce.
300    $a Prêt + Consultation
330    $a Marithé travaille dans un centre de formation pour adultes. Sa mission : aider les autres à changer de métier et à trouver leur vocation. Se présente alors Carole, qui vit et travaille dans l'ombre de Sam, son mari, énergique et talentueux chef étoilé. Ce n'est cependant pas tant de métier, dont Carole semble avoir besoin de changer, mais de mari. Marithé se donnera à fond pour aider Carole à se projeter dans une nouvelle vie. Mais quelle est la nature profonde de ce dévouement, quand Marithé ne semble pas insensible au charme de Sam, ni à sa cuisine ? 
339    $a m
606    $a Cinéma $y France $z 1990-.... $x DVD $2 rameau
606    $7 ba0yba0y $8 fre    $3 14449639 $9 101321 $a Comédies dramatiques (cinéma) $x DVD $y France $2 rameau
700    $7 ba0yba0y $8 fre    $a Le Ny $b Anne $3 14687524 $4 370 $4 690 $4 090 $9 271008
702  0 $a Devos $b Emmanuelle $f 1964-.... $4 005
702  0 $a Neveux $b Éric $f 1972-.... $4 230
702    $7 ba0yba0y $8 fre    $a Zem $b Roschdy $f 1965-.... $3 14018848 $4 005 $9 73730
702    $7 ba0yba0y $8 fre    $a Viard $b Karin $f 1966-.... $3 14018642 $4 005 $9 25570
801  0 $a FR $b COLACO $c 20141106 $g AFNOR
995    $0 0 $2 0 $4 0 $5 2014-11-06 $9 312674 $P 34.00 $b MED $c MED $e MED1A $f C0005950904 $h AAPCIFI $k DVD/F LEN $o 0 $p 27.20 $r PRETDVD $s DVD_F_LEN $w 56 $y 2024-03-02 $A 0

