01223ngm0a22002411i 4500
001 271680
003 http://www.mediathequederoubaix.fr/ark:/20179/KH271680
010    $d 57,00 EUR
090    $a 271680
091    $a 1 $b 20240511 $c 0
099    $t VD $x 35 $d 2024-05-11 $c 2014-11-07
100    $a 20141107d2012    u  y0frey5003    ba
101    $a fre $j fre $a eng
102    $a US
200 1  $a The good wife  $b DVD $f Robert King, réal. $g James Whitmore, Matt Shakman...[et al.], réal. $h Saison 4
210    $c CBS $d 2014
215    $a 6 DVD (15h 31) PAL $c 16/9 compatible 4/3, Couleur, Dolby Digital 5.1
300    $a Prêt
330    $a Alicia Florrick est engagée dans deux triangles, l'un amoureux, l'autre professionnel. Dans les deux cas, Will Gardner est impliqué mais il risque de tout perdre... Mais un rapprochement surprenant s'opère avec Peter, qui semble s'être racheté une conduite... Va-t-elle céder à la passion ou à la raison ? 22 épisodes. 
339    $a m
606    $a Séries télévisées $y Etats-Unis $x DVD $2 rameau
801  0 $a FR $b COLACO $c 20141107 $g AFNOR
995    $0 0 $2 0 $4 0 $5 2014-11-07 $9 312881 $P 57.00 $b MED $c MED $e MED1A $f C0005950829 $h AAPCITV $k DVD/F GOO $o 0 $p 45.60 $r PRETDVD $s DVD_F_GOO $u ACCORD PARENTAL $w 35 $y 2021-03-17

