01057nim0a2200265   4500
001 271835
003 http://www.mediathequederoubaix.fr/ark:/20179/KH271835
071 01 $a EPO60551 $b Eponymes
073  1 $a 9782365160551 $d 13,00
090    $a 271835
091    $a 2 $b 20240511 $c 0
099    $t LS $x 14 $d 2024-05-16 $c 2014-11-12
100    $a 20141029d2012    acdy0frey5003    ba
101    $a fre
200    $a Mille et une nuits : Sinbad le marin $b Enr. sonore $f Jacques Alric, voix
210    $d P 2012
215    $a 1 d.c.
327 1  $a Sindbad le marin
333    $a A partir de 6 ans
339    $a a
606    $a Contes $x Enregistrements sonores pour la jeunesse $2 rameau
700    $a Alric $b Jacques
801    $a FR $b cdmail $c 20160909 $g AFNOR
995    $0 3 $2 1 $4 0 $5 2014-11-14 $9 313191 $P 13.00 $b MED $c MED $e MED2A $f C3100001977 $h JABHLZZ $k E LS C/ZAS $n 2022-02-08 $o 4 $p 9.49 $r PRETLIV $s E_LS_C_ZAS $w 12 $y 2022-01-18 $A 0
995    $0 0 $2 0 $4 0 $5 2023-03-25 $9 458463 $P 13.00 $b MED $c MED $e MED2A $f C2500033591 $h JABHLZZ $k E LS C/ZAS $n 2024-06-27 $o 0 $p 13.00 $r PRETLIV $s E_LS_C_ZAS $w 2 $y 2024-05-16 $7  $8  $A  $m  $z 

