01813cam a2200445   4500
001 271980
003 http://www.mediathequederoubaix.fr/ark:/20179/KH271980
010    $a 978-2-07-039603-0 $b br. $d 2 EUR
010    $a 978-2-07-301330-9 $b réimpr. 2023
020    $a FR $b 00951197
033    $a http://catalogue.bnf.fr/ark:/12148/cb42046912h
035    $a FRBNF42046912000000X
073  0 $a 9782070396030
073  0 $a 9782073013309 $b réimpr. 2023
090    $a 271980
091    $b 20240512 $c 1 $a 2
099    $t LI $x 3 $d 2024-05-12 $c 2014-11-13
100    $a 20090904d2009    m  y0frey50      ba
101 0  $a fre
102    $a FR
105    $a ||||z   00|a|
106    $a r
181  0 $6 01 $a i  $b xxxe  
181    $6 02 $c txt $2 rdacontent
182  0 $6 01 $a n
182    $6 02 $c n $2 rdamedia
200 1  $a Petit éloge de la vie de tous les jours $b Texte imprimé $f Franz Bartelt
210    $a [Paris] $c Gallimard $d impr. 2009 $e impr. en Espagne
215    $a 1 vol. (140 p.) $c couv. ill. en coul. $d 18 cm
225    $a Folio $i 2 [euros]
308    $a 4954
330    $a En regardant la vie de la rue, l'auteur évoque le divertissement qu'il en retire et l'effet miroir que cela provoque en lui, révélant ses propres prétentions, son ridicule. ­Electre 2014
339    $a m
410  0 $0 37721880 $t Folio. 2 euros $x 1625-0591 $d 2009
410  0 $0 34234540 $t Collection Folio $x 0768-0732 $v 4954
686    $a 803 $2 Cadre de classement de la Bibliographie nationale française
700    $3 13023876 $9 1738 $o ISNI000000038538675X $a Bartelt $b Franz $f 1949-.... $4 070
801  0 $a FR $b FR-751131015 $c 20090904 $g AFNOR $h FRBNF42046912000000X $2 intermrc
999    $a FRBNF42046912000000X
995    $0 0 $2 0 $4 0 $5 2014-11-28 $9 313401 $P 2.00 $a 60 $b MED $c MED $e MED1A $f C0005754328 $h ALTTLZZ $k LIT/BAR $o 0 $p 1.82 $r PRETLIV $s LIT_BAR $w 3 $y 2020-06-04

