01822cam a2200421   4500
001 272104
003 http://www.mediathequederoubaix.fr/ark:/20179/KH272104
010    $a 978-2-35285-089-2 $b br. $d 15 EUR
020    $a FR $b 01465763
033    $a http://catalogue.bnf.fr/ark:/12148/cb43894186x
035    $a FRBNF438941860000002
073  0 $a 9782352850892
090    $a 272104
091    $b 20240512 $c 1 $a 2
099    $t LI $x 24 $d 2024-05-12 $c 2014-11-19
100    $a 20140911d2014    m  y0frey50      ba
101 0  $a fre
102    $a FR
105    $a ||||z   00|y|
106    $a r
181  0 $6 01 $a i  $b xxxe  
181    $6 02 $c txt $2 rdacontent
182  0 $6 01 $a n
182    $6 02 $c n $2 rdamedia
200 1  $a Le bêtisier de la République $b Texte imprimé $e ils nous auront bien fait rire $f Alfred Gilder
210    $a Paris $c Éd. Glyphe $d DL 2014 $e impr. en Bulgarie
215    $a 1 vol. (226 p.) $c ill., couv. ill. $d 21 cm
330    $a Sélection de bévues, de blagues et d'attitudes inappropriées de la part des ministres et des chefs d'Etat français depuis la IIIe République. ­Electre 2014
339    $a m
606    $3 13553871 $9 5594 $a Pratiques politiques $3 11931476 $9 109 $y France $2 rameau
607    $3 11931476 $9 109 $a France $3 13340871 $9 18402 $x Morale politique $2 rameau
608    $3 11931282 $9 3458 $a Ouvrages humoristiques $2 rameau
676    $a 320.020 7 $v 23
686    $a 320 $2 Cadre de classement de la Bibliographie nationale française
700    $3 12321860 $9 276708 $o ISNI0000000115912625 $a Gilder $b Alfred $f 1945-.... $4 070
801  0 $a FR $b FR-751131015 $c 20140911 $g AFNOR $h FRBNF438941860000002 $2 intermrc
999    $a FRBNF438941860000002
995    $0 0 $2 0 $4 0 $5 2014-11-19 $9 313763 $P 15.00 $b MED $c MED $e MED1A $f C0005920488 $h AAPPLHU $k Doc./680 HUM $o 0 $p 13.65 $r PRETLIV $s DOC___680_000000000000000_HUM $w 24 $y 2024-03-05

