02327cam a2200493   4500
001 272250
003 http://www.mediathequederoubaix.fr/ark:/20179/KH272250
010    $a 978-2-84228-569-2 $b br. $d 19,90 EUR
020    $a FR $b 01457642
033    $a http://catalogue.bnf.fr/ark:/12148/cb438988337
035    $a FRBNF438988330000005
073  0 $a 9782842285692
090    $a 272250
091    $b 20240512 $c 1 $a 2
099    $t LI $x 10 $d 2024-05-12 $c 2014-11-25
100    $a 20140922d2014    m  y0frey50      ba
101 1  $a fre $c eng
102    $a FR
105    $a ||||z   00|y|
106    $a r
181  0 $6 01 $a i  $b xxxe  
181    $6 02 $c txt $2 rdacontent
182  0 $6 01 $a n
182    $6 02 $c n $2 rdamedia
200 1  $a 100 philosophes $b Texte imprimé $e un guide des plus grands penseurs de l'humanité $f Peter J. King $g [traduit de l'anglais par Christian Molinier] $g [avec la collaboration de Véronique Chalmet pour le XXe siècle]
205    $a [Nouvelle éd.]
210    $a [Paris] $c le Pré aux clercs $d cop. 2014 $e impr. en Chine
215    $a 1 vol. (192 p.) $c ill. en noir et en coul., couv. ill. en coul. $d 23 cm
300    $a Bibliogr. p. 184-185. Glossaire. Index
330    $a Présentation de 100 philosophes classiques, d'Aristote à Sartre, en passant par Spinoza. Les penseurs chinois, indiens, arabes, juifs et africains sont également représentés. Un aperçu de leur vie et de leur pensée est également proposé. ­Electre 2014
339    $a m
454  1 $t One hundred philosophers
517 1  $a Cent philosophes
606    $3 11933102 $9 12855 $a Philosophes $2 rameau
606    $3 11940254 $9 12856 $a Philosophie $x Histoire $2 rameau
608    $3 12061363 $9 7148 $a Ouvrages de vulgarisation $2 rameau
608    $3 11935764 $9 107 $a Biographie $2 rameau
676    $a 109.2 $v 23
686    $a 100 $2 Cadre de classement de la Bibliographie nationale française
700    $3 15056553 $9 118882 $o ISNI0000000079042959 $a King $b Peter J. $4 070
702    $3 12943115 $9 71181 $o ISNI000000039856050X $a Molinier $b Christian $f 1942-.... $4 730
801  0 $a FR $b FR-751131015 $c 20140922 $g AFNOR $h FRBNF438988330000005 $2 intermrc
999    $a FRBNF438988330000005
995    $0 0 $2 0 $3 0 $4 0 $5 2014-11-25 $9 314112 $P 19.90 $b MED $c MED $e MED3A $f C0005748686 $h ACFPHZZ $k Doc./100 DIC $o 0 $p 18.11 $r PRETLIV $s DOC__100_000000000000000_DIC $w 10 $y 2024-01-30

