01502nam a22002533  4500
001 272388
003 http://www.mediathequederoubaix.fr/ark:/20179/KH272388
090    $a 272388
091    $a 0
099    $t LI $d 2022-04-18
100    $a 20141126d1900    m||y0frey50      ba
101    $a fre
200    $a Arlette $e roman inédit orné de cent illustrations photographiques $f Armand Silvestre $g photogaphies de E. Lagrange
210    $a Paris $c P. Lamm $d 1899
215    $a 260 p. $c ill. photographiques $d 20 cm
225    $a Excelsior
300    $a Fait parti d'un ensemble de titres de photolittérature ou roman photo des collections "Excelsior" ou "La voie merveilleuse" des éditions Nillson. Les éditions Nillson sont fondées à Paris en 1885 par deux suédois (Karl Nillson et Per Lamm) et furent les pionnières, dès 1895, dans le lancement de collections de romans populaires à grand tirage et illustrés à l'aide de la photographie (phototypie). L'illustration photographique apparaît sinon comme la raison d'être des romans, du moins comme partie intégrante de leur manière de narrer.
410    $t Excelsior
606    $9 263867 $a Roman-photo français
702    $9 231060 $4 600 $a Lagrange $b E.
700    $7 ba0yba0y $8 fre    $a Silvestre $b Armand $f 1837-1901 $c pseud. $9 48773
801    $a FR $b 595126101 $c 20141126 $g AFNOR
339    $a m
995    $0 0 $2 0 $4 0 $5 2014-11-27 $9 314307 $P 12.00 $b MED $c MED $e MED3I $f C0005971787 $h PPEFGZZ $k MAG L/P 8/117 124 $o 2 $p 12.00 $r PRETLIV $s MAG_LP_8117_124000000000000 $w 0 $y 2014-11-27

