01954ngm0a22003371i 4500
001 272513
003 http://www.mediathequederoubaix.fr/ark:/20179/KH272513
010    $d 27,00 EUR
090    $a 272513
091    $a 1 $b 20240512 $c 0
099    $t VD $x 8 $d 2024-05-12 $c 2014-12-03
100    $a 20141203d1972    u  y0frey5003    ba
101    $a por $j fre $j eng $j spa
102    $a BR
200 1  $a Sao Bernardo $b DVD $f Leon Hirszman, réal. $g Othon Bastos, Isabel Ribeiro, Rodolfo Arena... [et al.], act. $g Leon Hirszman, scénario $g Caetano Veloso, mus.
210    $c Les Films du Paradoxe $d 2014
215    $a 1 DVD (1h 53min) PAL $c 16/9, Couleur, Dolby Digital 2.0
300    $a 2 courts métrages de Leon Hirszman : Majorité absolue / Chant de la canne à sucre, entretiens avec Othon Bastos, Caetano Veloso, Eduardo Escorel et Lauro Escorel.
300    $a Prêt
330    $a Paolo, ouvrier agricole, est obsédé par l'idée d'acquérir la ferme dans laquelle il travaille. Mais pour être respectable, un riche propriétaire se doit de fonder une famille... Alors il se marie avec Madalena, jeune professeur et femme rebelle. Considérant le mariage comme une transaction commerciale, ne supportant pas l'émancipation de son épouse et dévoré par la jalousie, progressivement, Paolo va détruire Madalena... 
510 1  $a Sao Bernardo
606    $a Cinéma $x DVD $y Brésil $z 1960-1990 $2 rameau
606    $7 ba0yba0y $8 fre    $3 14449645 $9 323952 $a Drames (cinéma) $y Brésil $y DVD $2 rameau
700  0 $7 ba0yba0y $8 fre    $3 16237401 $9 306041 $4 370 $4 690 $a Hirszman $b Leon $f 1938-1987
702  0 $4 005 $a Arena $b Rodolfo
702  0 $4 005 $a Bastos $b Othon
702  0 $4 005 $a Ribeiro $b Isabel
702    $7 ba0yba0y $8 fre    $a Veloso $b Caetano $f 1942-.... $3 13900793 $4 230 $9 17777
801  0 $a FR $b COLACO $c 20141203 $g AFNOR
339    $a m
995    $0 0 $2 0 $4 0 $5 2014-12-03 $9 314562 $P 27.00 $a 63 $b MED $c MED $e MED3E $f C0005752508 $h AAPCIFI $k DVD/F HIR $o 0 $p 21.60 $r PRETDVD $s DVD_F_HIR $w 8 $y 2019-07-17

