01772cam a2200409   4500
001 272733
003 http://www.mediathequederoubaix.fr/ark:/20179/KH272733
010    $a 978-2-501-07796-5 $b br. $d 19,90 EUR
020    $a FR $b 01564531
033    $a http://catalogue.bnf.fr/ark:/12148/cb44275723m
035    $a FRBNF442757230000008
073  0 $a 9782501077965
090    $a 272733
091    $b 20240512 $c 1 $a 2
099    $t LI $x 32 $d 2024-05-12 $c 2014-12-05
100    $a 20150212d2014    m  y0frey50      ba
101 0  $a fre
102    $a FR
105    $a ||||z   00|a|
106    $a r
181  0 $6 01 $a i  $b xxxe  
181    $6 02 $c txt $2 rdacontent
182  0 $6 01 $a n
182    $6 02 $c n $2 rdamedia
200 1  $a La sixième extinction $b Texte imprimé $f Guillaume Lebeau
210    $a [Paris] $c Marabout $d DL 2014 $e 72-La Flèche $g Impr. CPI Brodard et Taupin
215    $a 1 vol. (381 p.) $d 23 cm
225    $a Marabooks
330    $a Dans cette enquête qui les mènera aux quatre coins du monde, Smila et Ethan vont tenter de déjouer la deuxième phase du complot fomenté par le Troisième pôle qui consiste à faire exploser la base où se réunissent les plus éminents spécialistes du climat mondial. ­Electre 2014
339    $a m
410  0 $0 43566726 $t Marabooks $x 2266-2413 $d 2014
461  0 $6 303850 $t Une aventure de Smila Sibir
686    $a 803 $2 Cadre de classement de la Bibliographie nationale française
700    $3 13502342 $9 21892 $o ISNI0000000066552474 $a Lebeau $b Guillaume $f 1971-.... $4 070
801  0 $a FR $b FR-751131015 $c 20150212 $g AFNOR $h FRBNF442757230000008 $2 intermrc
999    $a FRBNF442757230000008
995    $0 0 $2 0 $4 0 $5 2014-12-02 $9 314833 $P 19.90 $a 60 $b MED $c MED $e MED1A $f C0005883639 $h ALTROPL $k RP/LEB $o 0 $p 18.11 $r PRETLIV $s RP_LEB $w 32 $y 2022-04-28

