02448cam a2200481   4500
001 272856
003 http://www.mediathequederoubaix.fr/ark:/20179/KH272856
010    $a 978-2-218-97787-9 $b br. $d 4,80 EUR
020    $a FR $b 01475516
033    $a http://catalogue.bnf.fr/ark:/12148/cb44214911p
035    $a FRBNF442149110000001
073  0 $a 9782218977879
090    $a 272856
091    $b 20240512 $c 1 $a 2
099    $t LI $x 82 $d 2024-05-12 $c 2014-12-12
100    $a 20141030d2014    a  y0frey50      ba
101 0  $a fre
102    $a FR
105    $a ||||z   00|a|
106    $a r
181  0 $6 01 $a i  $b xxxe  
181    $6 02 $c txt $2 rdacontent
182  0 $6 01 $a n
182    $6 02 $c n $2 rdamedia
200 1  $a Tu n'iras pas danser $b Texte imprimé $f écrit par Sylvie de Mathuisieulx $g illustré par Virginie Chiodo
210    $a Paris $c Hatier $d DL 2014 $e 18-Saint-Amand-Montrond $g Impr. Clerc
215    $a 1 vol. (28 p.) $c ill. en coul., couv. ill. en coul. $d 19 cm
225 19 $a Lucie petite danseuse
225    $a Hatier poche $e premières lectures $e je lis tout seul $x 2100-2843 $v 138
329    $c Pourquoi pas ? $d 20141210 $f AE $2 CNLJ $k Avis critique donné par le Centre national de la littérature pour la jeunesse
330    $a Toute la journée, Lucie ne rêve que de danser mais son père n'est pas d'accord. Elle essaie de le faire changer d'avis. Avec des conseils et des exemples de pas de danse. ­Electre 2014
333    $a À partir de 6 ans $2 CNLJ $k Avis critique donné par le Centre national de la littérature pour la jeunesse
339    $a a
410  0 $0 41052213 $t Hatier poche $x 2100-2843 $v 138
461  0 $t Lucie petite danseuse
608    $a Premières lectures $2 CNLJ $k Avis critique donné par le Centre national de la littérature pour la jeunesse
686    $a 809 $2 Cadre de classement de la Bibliographie nationale française
700    $3 13574159 $9 1052 $o ISNI0000000120985343 $a Mathuisieulx $b Sylvie de $f 1964-.... $4 070
702    $3 14483056 $9 72458 $o ISNI0000000001041809 $a Chiodo $b Virginie $4 440
801  0 $a FR $b FR-751131015 $c 20141030 $g AFNOR $h FRBNF442149110000001 $2 intermrc
999    $a FRBNF442149110000001
995    $0 0 $2 0 $4 0 $5 2014-12-12 $9 315319 $P 4.80 $b MED $c MED $e MED0A $f C0005779703 $h JRORMZZ $k EXT PRE R/MAT $n 2024-07-11 $o 0 $p 4.80 $r PRETLIV $s EXT_PRE_R_MAT $w 9 $y 2023-08-31
995    $0 0 $2 0 $4 0 $5 2014-12-16 $9 315439 $P 4.80 $b MED $c MED $e MED2A $f C0005779031 $h JRORMZZ $k PRE R/MAT $o 0 $p 4.80 $r PRETLIV $s PRE_R_MAT $w 73 $y 2024-04-16

