01846ngm0a22003131i 4500
001 272997
003 http://www.mediathequederoubaix.fr/ark:/20179/KH272997
010    $d 40,00 EUR
090    $a 272997
091    $a 1 $b 20240512 $c 0
099    $t VD $x 9 $d 2024-05-12 $c 2014-12-16
100    $a 20141216d2007    u  y0frey5003    ba
101    $a fre
200 1  $a Un jour sur terre $b DVD $f Alastair Fothergill, réal. $g Mark Linfield, réal. $g Alastair Fothergill, Mark Linfield, Leslie Megahey, scénario $g George Fenton, mus.
210    $c Gaumont
215    $a 1 DVD (1h 36min) PAL $c 16/9 compatible 4/3, Couleur, Dolby Digital 5.1 et DTS
300    $a Journal de bord, scène coupée et fin alternative, spot partenaire, bandes-annonces.
300    $a Prêt + Consultation
330    $a Périple spectaculaire à travers les saisons, ce documentaire nous transporte de l'océan Arctique au printemps à l'Antarctique en plein hiver. Les toutes dernières technologies en matière de prise de vue en haute définition ont permis de tourner des images d'une beauté à couper le souffle et de mettre en valeur la vie qui palpite et bouillonne à chaque instant, sur le moindre centimètre carré de notre planète. 
339    $a m
510 1  $a Earth
606    $a Terre $x DVD $2 rameau
606    $a Animaux $x DVD $2 rameau
700    $7 ba0yba0y $8 fre    $a Fothergill $b Alastair $f 1960-.... $3 14414124 $4 370 $4 690 $9 93959
701    $7 ba0yba0y $8 fre    $a Linfield $b Mark $3 15577683 $4 370 $4 690 $9 93960
702    $7 ba0yba0y $8 fre    $a Fenton $b George $f 1950-.... $3 13963956 $4 230 $9 76007
702  0 $7 ba0yba0y $8 fre    $3 14020242 $9 314538 $4 690 $a Megahey $b Leslie $f 1944-....
801  0 $a FR $b COLACO $c 20141216 $g AFNOR
995    $0 0 $2 0 $3 0 $4 0 $5 2014-12-16 $9 315532 $P 40.00 $b MED $c MED $e MED3A $f C0005778874 $h ACFSCZZ $k DVD/ 550 ABC $o 0 $p 32.00 $r PRETDVD $s DVD_550_000000000000000_ABC $w 9 $y 2018-10-27

