01679cam a2200397   4500
001 273243
003 http://www.mediathequederoubaix.fr/ark:/20179/KH273243
010    $a 978-2-253-16680-1 $b br. $d 7,10 EUR
020    $a FR $b 01342598
033    $a http://catalogue.bnf.fr/ark:/12148/cb436415638
035    $a FRBNF436415630000002
073  0 $a 9782253166801
090    $a 273243
091    $b 20240512 $c 1 $a 2
099    $t LI $x 30 $d 2024-05-12 $c 2014-12-18
100    $a 20130726d2013    m  y0frey50      ba
101 0  $a fre
102    $a FR
105    $a ||||z   00|a|
106    $a r
181  0 $6 01 $a i  $b xxxe  
181    $6 02 $c txt $2 rdacontent
182  0 $6 01 $a n
182    $6 02 $c n $2 rdamedia
200 1  $a Les morues $b Texte imprimé $f Titiou Lecoq
210    $a Paris $c Librairie générale française $d impr. 2013 $e 72-La Flèche $g Impr. CPI Brodard et Taupin
215    $a 1 vol. (403 p.) $c couv. ill. en coul. $d 18 cm
225    $a Le livre de poche $v 32962
330    $a Les morues, trois filles et un garçon, servent de prétexte à passer en revue le féminisme, le journalisme, ou encore la privatisation des services publics. Premier roman. ­Electre 2014
339    $a m
410  0 $0 34228560 $t Le Livre de poche $x 0248-3653 $v 32962
686    $a 803 $2 Cadre de classement de la Bibliographie nationale française
700    $3 16535799 $9 107758 $o ISNI0000000356332090 $a Lecoq $b Titiou $f 1980-.... $4 070
801  0 $a FR $b FR-751131015 $c 20130726 $g AFNOR $h FRBNF436415630000002 $2 intermrc
999    $a FRBNF436415630000002
995    $0 0 $2 0 $3 0 $4 0 $5 2015-01-07 $9 315800 $P 7.10 $a 60 $b MED $c MED $e MED1A $f C0005771813 $h ALTROZZ $k R/LEC $n 2024-06-07 $o 0 $p 6.46 $r PRETLIV $s RLEC $w 30 $y 2024-04-26

