00735nam a2200205   4500
001 273374
003 http://www.mediathequederoubaix.fr/ark:/20179/KH273374
010    $a 9781444761184
090    $a 273374
091    $a 2 $b 20240509 $c 0 $s http://www.sudoc.fr/184002168 $m 3
099 00 $x 11 $t LI $d 2024-05-09 $c 2014-12-20
100    $a 20141220d        u||y0frey50      ba
101    $a eng
200    $a Doctor Sleep $f Stephen King
210    $c Hodder $d 2013
300    $a En anglais
700    $7 ba0yba0y $8 fre    $a King $b Stephen $f 1947-.... $3 11909772 $9 636
801    $a FR $b 595126101 $c 20141220 $g AFNOR
339    $a m
995    $0 0 $2 0 $4 0 $5 2014-12-20 $9 315980 $P 11.00 $b MED $c MED $e MED3A $f C0005772360 $h ACFLALE $k ANG R/KIN $o 0 $p 11.00 $r PRETLIV $s ANG_R_KIN $w 11 $y 2020-06-19

