01739cam a2200385 i 4500
001 273500
003 http://www.mediathequederoubaix.fr/ark:/20179/KH273500
005 20220901043258.0
010    $a 9782708242944 $b rel. $d 65 EUR
033    $a http://catalogue.bnf.fr/ark:/12148/cb44230939h
090    $a 273500
091    $a 0
099    $t LI $c 2014-06-30 $d 2022-09-01
100    $a 20130108d2012    m  |0frey5003||||ba
101    $a fre
102    $a FR
105    $a         0||y|
106    $a r
200    $a Dictionnaire biographique, mouvement ouvrier, mouvement social $h Tome 10 $i Pep-Ri $e période 1940-1968, de la Seconde Guerre Mondiale à mai 1968 $f [sous la dir. de Claude Pennetier $g Eric Belouet, Jean-Pierre Besse... et al.]
210    $a Ivry-sur-Seine (Val-de-Marne) $c Les Ed. de l'Atelier $d 2014
215    $a 461 p. $c ill. $d 25 cm
225 2  $a Le Maitron
320    $a Index
339    $a m
410    $t Le Maitron
601 0  $9 23881 $7 ba0yba0y $8 fre    $a Parti communiste français $z 1920-1939 $x Histoire
606    $9 263009 $a Mouvement ouvrier $y France $z 20e siècle $x Biographies $x Dictionnaires
606    $9 263010 $a Syndicalistes $y France $z 20e siècle $x Biographies $x Dictionnaires
606 0  $9 257176 $a Socialistes $y France $z 20e siècle $x Biographies -- Dictionnaires
702    $4 651 $7 ba0yba0y $8 fre    $a Pennetier $b Claude $f 1947-.... $9 119284
702  1 $9 285621 $a Belouet $b Éric $f 1969-.... $4 070
702  1 $9 186530 $4 070 $a Besse $b Jean-Pierre
801    $a FR $b 595126101 $c 20130921 $g AFNOR
930    $5 595126101:C0005632282 $b 595126101 $a MAG L/P 8/116 934 $e Fonds patrimonial
995    $0 0 $2 0 $4 0 $5 2014-12-27 $9 316237 $b MED $c MED $e MED3T $f C0005967360 $h PPEFGZZ $k MAG L/P 4/210 280 $o 2 $r PRETLIV $s MAG_LP_4210_280000000000000 $w 0 $y 2014-12-27

