02245cam a2200469   4500
001 273635
003 http://www.mediathequederoubaix.fr/ark:/20179/KH273635
010    $a 2-7459-1714-5 $b rel. $d 9 EUR
020    $a FR $b 00537652
033    $a http://catalogue.bnf.fr/ark:/12148/cb39955716q
035    $a FRBNF399557160000003
073  0 $a 9782745917140 $2 ALS
090    $a 273635
091    $b 20240512 $c 1 $a 2
099    $t LI $x 32 $d 2024-05-12 $c 2015-01-07
100    $a 20050418d2005    a  y0frey50      ba
101 0  $a fre
102    $a FR
105    $a ||||z   00|y|
106    $a r
181  0 $6 01 $a i  $b xxxe  
181    $6 02 $c txt $2 rdacontent
182  0 $6 01 $a n
182    $6 02 $c n $2 rdamedia
200 1  $a De toi à moi $b Texte imprimé $f photos des agences Bios-Phone, Corbis, Hoaqui Jacana Explorer... [et al]
210    $a Toulouse $c Milan Jeunesse $d DL 2005 $e impr. en Italie
215    $a 1 vol. (non paginé [36] p.) $c photogr. en coul., couv. ill. en coul. $d 20 cm
225    $a Le tour du monde
321    $a La Revue des livres pour enfants $x 0398-8384
329    $c Hélas ! $2 CNLJ $k Avis critique donné par le Centre national de la littérature pour la jeunesse
330    $a Recueil de photographies montrant la vie des enfants de différentes cultures, tout autour du monde. ­Electre 2015
339    $a a
410  0 $0 39970789 $t Le Tour du monde (Toulouse) $x 1779-8221 $d 2005
606    $3 11931981 $9 5833 $7 ba0yba0y $8 fre    $a Enfants $3 11932512 $9 112 $x Moeurs et coutumes $3 12042408 $9 314947 $x Ouvrages pour la jeunesse $2 rameau $9 5833
606    $3 11931981 $9 5833 $a Enfants $3 11932512 $9 112 $x Moeurs et coutumes $2 rameau
608    $3 12042408 $9 314947 $a Ouvrages pour la jeunesse $2 rameau
608    $a Documentaires : sciences humaines $2 CNLJ $k Avis critique donné par le Centre national de la littérature pour la jeunesse
676    $a 305.23 $v 23
686    $a 300 $2 Cadre de classement de la Bibliographie nationale française
801  0 $a FR $b FR-751131015 $c 20050418 $g AFNOR $h FRBNF399557160000003 $2 intermrc
999    $a FRBNF399557160000003
995    $0 0 $2 0 $4 0 $5 2015-01-07 $9 316584 $P 9.90 $b MED $c MED $e MED0A $f C0005745975 $h JDTPFZZ $k EXT PE/912 DET $n 2024-06-28 $o 0 $p 9.90 $r PRETLIV $s EXT_PE_912_000000000000000_DET $w 32 $y 2024-04-17 $8 MA0E04

