01230njm0a22002532  4500
001 273791
003 http://www.mediathequederoubaix.fr/ark:/20179/KH273791
071 01 $a YO35CD $b Yotanka
073  1 $a 3700398711744 $d 21,00
090    $a 273791
091    $a 1 $b 20240512 $c 0
099 00 $x 6 $t DC $d 2024-05-12 $c 2015-01-14
100    $a 20150112d2014    u  y0frey5003    ba
101    $a fre
200    $a Pandemonium solace and stars $b Enr. sonore $f Laetitia Sheriff
210    $d P 2014
215    $a 1 D.C. $d 12 cm
327 1  $a Fellow $a The living dead $a Opposite $a To visit brighton $a To be strong $a Friendly birds $a A beautiful rage II $a Wash $a Urbanism - After Goya $a Far & wide
608  1 $a Chanson francophone / Classe d'usage national ou local
700    $7 ba0yba0y $8 fre    $a Sheriff $b Laetitia $3 15009808 $9 288645
801    $a FR $b cdmail $c 20150120 $g AFNOR
339    $a m
995    $0 0 $2 0 $3 0 $4 0 $5 2015-01-15 $9 316992 $P 17.50 $b MED $c MED $e MED1A $f C0005917709 $h AMV20ZZ $k DC/2 SHE $l contient 1 DC + 1 livret $o 0 $p 12.78 $r PRETSON $s DC_2_000000000000000_SHE $w 6 $y 2015-06-04 $7  $8  $A  $m  $z 
995    $0 0 $2 0 $3 0 $4 0 $5 2015-01-17 $9 317105 $P 12.78 $b MED $c MED $e MED3C $f C0005917716 $h PENRSZZ $k FLRSON DC/2686 $l contient 1 DC + 1 livret $o 2 $p 12.78 $r PRETSON $s FLRSON_DC2686 $w 0 $y 2015-01-17

