01659cam a2200373   4500
001 273952
003 http://www.mediathequederoubaix.fr/ark:/20179/KH273952
010    $a 978-2-07-014767-0 $b br. $d 17,90 EUR
020    $a FR $b 01511344
033    $a http://catalogue.bnf.fr/ark:/12148/cb442571878
035    $a FRBNF442571870000004
073  0 $a 9782070147670
090    $a 273952
091    $b 20240512 $c 1 $a 2
099    $t LI $x 2 $d 2024-05-12 $c 2015-01-22
100    $a 20150115d2014    m  y0frey50      ba
101 0  $a fre
102    $a FR
105    $a ||||z   00|a|
106    $a r
181  0 $6 01 $a i  $b xxxe  
181    $6 02 $c txt $2 rdacontent
182  0 $6 01 $a n
182    $6 02 $c n $2 rdamedia
200 1  $a Histoires naturelles de l'oubli $b Texte imprimé $e roman $f Claire Fercak
210    $a [Paris] $c Verticales $d DL 2014 $e 58-Clamecy $g Impr. Laballery
215    $a 1 vol. (185 p.) $d 21 cm
330    $a Odradek, soigneur dans une ménagerie, travaille en mi-temps thérapeutique depuis son accident qui a coûté la vie à l'un de ses collègues. Quant à Suzanne, bibliothécaire, qui a récemment perdu son époux dans un accident de voiture, elle souffre de stress et de troubles de la perception. ­Electre 2015
339    $a m
686    $a 803 $2 Cadre de classement de la Bibliographie nationale française
700    $3 15554870 $9 93276 $o ISNI0000000362648921 $a Fercak $b Claire $f 1982-.... $4 070
801  0 $a FR $b FR-751131015 $c 20150115 $g AFNOR $h FRBNF442571870000004 $2 intermrc
999    $a FRBNF442571870000004
995    $0 0 $2 0 $3 0 $4 0 $5 2015-02-04 $9 317342 $P 17.90 $a 60 $b MED $c MED $e MED1A $f C0005759453 $h ALTROZZ $k R/FER $o 0 $p 16.29 $r PRETLIV $s RFER $w 2 $y 2016-08-03

