00830nam a2200193   4500
001 274095
003 http://www.mediathequederoubaix.fr/ark:/20179/KH274095
090    $a 274095
091    $a 1 $b 20240512 $c 0
099    $t DC $x 14 $d 2024-05-12 $c 2015-01-28
100    $a 20150128d19842011m||y0frey50      ba
101    $a fre
200    $a Various positions $b Enr. sonore $c Leonard Cohen
327    $a Dance me to the end of love $a Coming back to you $a The law $a Night comes on $a Hallelujah $a The captain $a Hunter's lullaby $a Heart with no companion $a If it be your will 
679    $a 2
700  1 $7 ba0yba0y $8 fre    $a Cohen $b Leonard $f 1934-2016
801    $a FR $b 595126101 $c 20150128 $g AFNOR
339    $a m
995    $0 0 $2 0 $4 0 $5 2015-01-28 $9 317621 $P 17.00 $b MED $c MED $e MED3C $f C0005917464 $h AMV20ZZ $k DC/2 COH $o 0 $p 17.00 $r PRETSON $s DC_2_000000000000000_COH $w 14 $y 2020-01-25

