01140njm a22002413  4500
001 274257
003 http://www.mediathequederoubaix.fr/ark:/20179/KH274257
071    $a FELIX PAPPALARDI
090    $a 274257
091    $a 1 $b 20240512 $c 0
099    $t DV $x 7 $d 2024-05-12 $c 2015-02-14
100    $a 20150214d    u||y|||e0frey50  ba    
101    $a fre
200    $a Wheels of fire $b Enr. sonore $f Cream
210    $d [sd]
215    $a 1 vinyl $c 33 T $d 30 cm
327    $a  Disque 1 : Face 1 : White room (4:56) $a Sitting on top of the world (4:56) $a Passing the time (4:31) $a As you said (4:19) $a Face 2 : Pressed rat and warthog (3:13) $a Politician (4:11) $a Those were the days (2:52) $a Born under a bad sign (3:08) $a Deserted cities of the heart (4:36) $a Disque 2 : Face 3 : Crossroads (4:13) $a Spoonful (16:44) $a Face 4 : Traintime (6:52) $a Toad (15:53)
679    $a 2
710 02 $a Cream
801    $a FR $b 595126101 $c 20150214 $g AFNOR
317    $a Don de la Médiathèque d'Arras
339    $a m
995    $0 0 $2 0 $4 0 $5 2015-02-14 $9 318132 $P 10.00 $b MED $c MED $e MED1A $f C0005681532 $h AMV20ZZ $k DISQ30/2  CRE $l 2 $o 0 $p 10.00 $r PRETSON $s DISQ_30_200000000000000_CRE $w 7 $y 2019-12-18

