01944cam a2200445   4500
001 274392
003 http://www.mediathequederoubaix.fr/ark:/20179/KH274392
010    $a 978-2-505-01810-0 $b br. $d 7,45 EUR
020    $a FR $b 01355751
033    $a http://catalogue.bnf.fr/ark:/12148/cb436668882
035    $a FRBNF436668880000008
073  0 $a 9782505018100
090    $a 274392
091    $b 20240512 $c 1 $a 2
099    $t LI $x 29 $d 2024-05-12 $c 2015-02-19
100    $a 20130912d2013    m  y0frey50      ba
101 1  $a fre $c jpn
102    $a BE
105    $a ||||t   00|a|
106    $a r
181  0 $6 01 $a i  $b xxxe   $a b  $b xb2e  
181    $6 02 $c txt $c sti $2 rdacontent
182  0 $6 01 $a n
182    $6 02 $c n $2 rdamedia
200 1  $a I am a hero $h 8 $b Texte imprimé $f Kengo Hanazawa
210    $a Bruxelles $a [Paris] $c Big Kana $d DL 2013 $e impr. en Italie
215    $a 1 vol. (non paginé [ca 208] p.) $c ill., couv. ill., jaquette ill. en coul. $d 18 cm
300    $a Trad. du japonais
321    $a La Revue des livres pour enfants $x 0398-8384
329    $c Intéressant $d 20131021 $f OP $2 CNLJ $k Avis critique donné par le Centre national de la littérature pour la jeunesse
333    $a À partir de 15 ans $2 CNLJ $k Avis critique donné par le Centre national de la littérature pour la jeunesse
339    $a m
461  0 $0 42703285 $t I am a hero $v 8
608    $a Bandes dessinées $2 CNLJ $k Avis critique donné par le Centre national de la littérature pour la jeunesse
686    $a 805 $2 Cadre de classement de la Bibliographie nationale française
700    $3 16610132 $9 85775 $o ISNI0000000379956533 $a Hanazawa $b Kengo $f 1974-.... $4 070
801  0 $a FR $b FR-751131015 $c 20130912 $g AFNOR $h FRBNF436668880000008 $2 intermrc
930    $5 FR-751131010:2013-339871
999    $a FRBNF436668880000008
995    $0 0 $2 0 $4 0 $5 2015-03-28 $9 319838 $P 7.45 $b MED $c MED $e MED3H $f C0005663590 $h AAPBDMG $k BD MANGA/HAN $o -4 $p 7.45 $r PRETLIV $s BD_MANGA_HAN $w 29 $y 2022-06-21

