01154njm a22002173  4500
001 274516
003 http://www.mediathequederoubaix.fr/ark:/20179/KH274516
090    $a 274516
091    $a 1 $b 20240512 $c 0
099    $t DV $x 4 $d 2024-05-12 $c 2015-02-21
100    $a 20150221d1985    u||y0frey50      ba
101    $a fre
200    $a The essential 1976 - 1986 $b Enr. sonore $f Jean-Michel Jarre
210    $d P 1985
215    $a 1 vinyl $c 33 t $d 30 cm
327    $a  Face A : Oxygène 4 (3:50) $a Equinoxe 5 (3:50) $a Oxygène 2 (3:14) $a Les Chants magnétiques 2 (3:57) $a Orient-Express (4:12) $a Les Chants magnétiques 1 (3:04) $a Joncques de pêcheurs au crépuscule (3:22) $a Face B : Souvenir de Chine (3:59) $a Equinoxe (3:39) $a Oxygène 6 (4:28) $a Les Chants magnétiques 4 (3:05) $a Equinoxe 3 (2:43) $a Zoolookologie (3:40) $a Les Chants magnétiques 5 (3:30)
679    $a 2
700    $7 ba0yba0y $8 fre    $a Jarre $b Jean-Michel $f 1948-.... $3 13895591 $9 2809
801    $a FR $b 595126101 $c 20150221 $g AFNOR
339    $a m
995    $0 0 $2 0 $3 0 $4 0 $5 2015-02-21 $9 318355 $P 10.00 $b MED $c MED $e MED1A $f C0005681495 $h AMV40ZZ $k DISQ 30/8 JAR $o 0 $p 10.00 $r PRETSON $s DISQ_30_800000000000000_JAR $w 4 $y 2023-01-25 $A 0

