01038njm a22002293  4500
001 274660
003 http://www.mediathequederoubaix.fr/ark:/20179/KH274660
090    $a 274660
091    $a 1 $b 20240512 $c 0
099    $t DV $x 1 $d 2024-05-12 $c 2015-03-06
100    $a 20150306d[sd]    u||y0frey50      ba
101    $a fre
200    $a Tribute to orange $b Enr. sonore $f Jimmy Dawn
210    $d [sd]
215    $a 1 vinyl $c 33 t $d 30 cm
317    $a Don de la Médiathèque d'Arras
327    $a Face A : Off business (5:54) $a You've got to keep on trying (6:08) $a Ain't never had nothing (3:11) $a Born in poverty (4:36) $a Face B : Marcelle Morgantini's cassoulet (6:00) $a Your love (3:25) $a Tribute to orange (4:21) $a Mississippi bound (6:30)
679    $a 110
700    $7 ba0yba0y $8 fre    $a Dawkins $b Jimmy $f 1936-2013 $3 13893038 $9 8112
801    $a FR $b 595126101 $c 20150306 $g AFNOR
339    $a m
995    $0 0 $2 0 $4 0 $5 2015-03-06 $9 318768 $P 10.00 $b MED $c MED $e MED1A $f C0005681068 $h AMV11ZZ $k DISQ30/110  DAW $o 0 $p 10.00 $r PRETSON $s DISQ_30_110000000000000_DAW $w 1 $y 2015-05-09

