02453cam a2200505   4500
001 274864
003 http://www.mediathequederoubaix.fr/ark:/20179/KH274864
010    $a 978-2-7590-2614-2 $b br. $d 25 EUR
020    $a FR $b 01476564
033    $a http://catalogue.bnf.fr/ark:/12148/cb438954740
035    $a FRBNF438954740000002
073  0 $a 9782759026142
090    $a 274864
091    $b 20240512 $c 1 $a 2
099    $t LI $x 36 $d 2024-05-12 $c 2015-03-10
100    $a 20140917d2014    k  y0frey50      ba
101 0  $a fre
102    $a FR
105    $a ||||j   00|y|
106    $a r
181  0 $6 01 $a i  $b xxxe  
181    $6 02 $c txt $2 rdacontent
182  0 $6 01 $a n
182    $6 02 $c n $2 rdamedia
200 1  $a CRPE, toutes les épreuves d'admissibilité $b Texte imprimé $f Sylvie Bernard, Vincent Carillion, Manuelle Taoussi $g ouvrage dirigé par Laurence Brunel
205    $a Nouvelle éd. revue et augmentée
210    $a Levallois-Perret $c Studyrama $d impr. 2014 $e 27-Mesnil-sur-l'Estrée $g Impr. CPI Firmin-Didot
215    $a 1 vol. (479 p.) $c ill., graph. $d 24 cm
225    $a Cible concours $e professeur des écoles
300    $a La couv. porte en plus : "session 2015" et "concours enseignant, master MEEF, ESPE". MEEF = métiers de l'enseignement, de l'éducation et de la formation. ESPE = Écoles supérieures du professorat et de l'éducation
300    $a Bibliogr. p. 475-477. Webliogr. p. 478-479
339    $a m
410  0 $0 44203329 $t Cible concours $x 2276-4178 $d 2014
517 1  $a Concours de recrutement de professeur des écoles, toutes les épreuves d'admissibilité
606    $3 13196301 $9 90844 $a Concours de recrutement de professeurs des écoles $2 rameau
676    $a 370.76 $v 23
686    $a 370 $2 Cadre de classement de la Bibliographie nationale française
700    $3 16504391 $9 276744 $o ISNI0000000119295513 $a Bernard $b Sylvie $f 1963-.... $4 070
701    $3 16504388 $9 119656 $o ISNI0000000119192266 $a Carillion $b Vincent $4 070
701    $3 16735088 $9 119657 $o ISNI000000043980820X $a Taoussi $b Manuelle $4 070
702    $3 16224183 $9 111184 $o ISNI0000000123219943 $a Brunel $b Laurence $f 1962-.... $4 651
801  0 $a FR $b FR-751131015 $c 20140917 $g AFNOR $h FRBNF438954740000002 $2 intermrc
930    $5 FR-751131007:2014-207006
999    $a FRBNF438954740000002
995    $0 0 $2 0 $4 0 $5 2015-06-11 $9 323672 $P 15.00 $b MED $c MED $e MED3A $f C0005711307 $h ACFRUZZ $k Doc./033 SAN $o 0 $p 15.00 $r PRETLIV $s DOC___033_000000000000000_SAN $w 36 $y 2023-04-02 $A 0

