01048njm a22003013  4500
001 275046
003 http://www.mediathequederoubaix.fr/ark:/20179/KH275046
071    $a 01/1 $b Tchicaboom
090    $a 275046
091    $a 1 $b 20240512 $c 0
099    $t DC $d 2024-05-12 $c 2015-03-18
100    $a 20150318d2005    u||y0frey50      ba
101    $a fre
200    $a Obrigada $b Enr. sonore $f Belles Agogô
210    $d P 2005
215    $a 1 d.c. $d 12 cm
327    $a Tanguez là $a Rhum Guadaloupé $a Rythme barbare $a Obrigada
606    $7 ba0yba0y $8 fre    $3 12524990 $9 2524 $a World music $x Disques $y France $y Lille (Nord) $2 rameau
679    $a 000 $c 2
702    $a Letellier $b Sylvie
702    $a Mazine $b Christiane
702    $a Pénicot $b Sophie
702    $a Hyvert $b Anne-Claire
702    $a Sonneville $b Magalie
710 02 $a Les Belles Agogô
801    $a FR $b 595126101 $c 20150318 $g AFNOR
339    $a m
995    $0 0 $2 0 $3 0 $4 0 $5 2015-03-18 $9 319416 $P 10.00 $b MED $c MED $e MED3A $f C0005914647 $h PENRSZZ $k FLRSON DC/2714 $o 2 $p 10.00 $r PRETSON $s FLRSON_DC2714 $w 0 $y 2015-03-18

