00835njm a22002293  4500
001 275172
003 http://www.mediathequederoubaix.fr/ark:/20179/KH275172
090    $a 275172
091    $a 1 $b 20240509 $c 0
099    $t DV $x 1 $d 2024-05-09 $c 2015-03-24
100    $a 20150324d1969    u||y0frey50      ba
101    $a fre
200    $a Echo $b Enr. sonore $f Dave Burrell, p
210    $d P 1969
215    $a 1 vinyl $c 33 t $d 30 cm
317    $a Don de la Médiathèque d'Arras
327    $a Face A : Echo (20:02) $a Face B : Peace (21:30)
679    $a 1
700    $7 ba0yba0y $8 fre    $7 ba0yba0y $8 fre    $a Burrell $b Dave $f 1940-....
801    $a FR $b 595126101 $c 20150324 $g AFNOR
339    $a m
995    $0 0 $2 0 $4 0 $5 2015-03-24 $9 319546 $P 10.00 $b MED $c MED $e MED1A $f C0005914708 $h AMV13ZZ $k DISQ 30/1  BUR $o 0 $p 10.00 $r PRETSON $s DISQ_30_100000000000000_BUR $w 1 $y 2015-06-13

