01993cam a2200445   4500
001 275317
003 http://www.mediathequederoubaix.fr/ark:/20179/KH275317
010    $a 978-2-5050-0826-2 $b br. $d 6,25 EUR
020    $a FR $b 01042758
033    $a http://catalogue.bnf.fr/ark:/12148/cb422382931
035    $a FRBNF422382930000000
073  0 $a 9782505008262
090    $a 275317
091    $b 20240512 $c 1 $a 2
099    $t LI $x 104 $d 2024-05-12 $c 2015-04-01
100    $a 20100713d2010    m  y0frey50      ba
101 1  $a fre $c jpn
102    $a BE
105    $a ||||t   00|a|
106    $a r
181  0 $6 01 $a i  $b xxxe   $a b  $b xb2e  
181    $6 02 $c txt $c sti $2 rdacontent
182  0 $6 01 $a n
182    $6 02 $c n $2 rdamedia
200 1  $a Bakuman $h 1 $b Texte imprimé $f Tsugumi Ohba $g [dessins de] Takeshi Obata
210    $a Bruxelles $a [Paris] $c Kana $d DL 2010 $e 27-Évreux $g Impr. Hérissey CPI
215    $a 1 vol. (194 p.) $c ill., couv. ill., jaquette ill. en coul. $d 18 cm
321    $a La Revue des livres pour enfants $x 0398-8384
329    $c Coup de coeur ! $d 20100922 $2 CNLJ $k Avis critique donné par le Centre national de la littérature pour la jeunesse
333    $a À partir de 11 ans $2 CNLJ $k Avis critique donné par le Centre national de la littérature pour la jeunesse
339    $a a
454  1 $t Bakuman
461  0 $0 42250417 $t Bakuman $v 1
608    $a Bandes dessinées $2 CNLJ $k Avis critique donné par le Centre national de la littérature pour la jeunesse
686    $a 805 $2 Cadre de classement de la Bibliographie nationale française
700    $3 15519265 $9 4561 $o ISNI0000000121376179 $a Ōba $b Tsugumi $4 070
701    $3 13324841 $9 66932 $o ISNI0000000084135666 $a Obata $b Takeshi $f 1969-.... $4 070
801  0 $a FR $b FR-751131015 $c 20100713 $g AFNOR $h FRBNF422382930000000 $2 intermrc
999    $a FRBNF422382930000000
995    $0 0 $2 0 $4 0 $5 2020-10-29 $9 416375 $P 6.85 $V 1 $b MED $c MED $e MED2A $f C2500019695 $h JBDMGZZ $k E BD/MANGAS $n 2024-06-13 $o 0 $p 6.85 $r PRETLIV $s E_BD_MANGAS $w 33 $y 2024-05-02 $A 0

