01576cam a2200397   4500
001 275443
003 http://www.mediathequederoubaix.fr/ark:/20179/KH275443
010    $a 978-2-35526-133-6 $b br. $d 14 EUR
020    $a FR $b 01502292
033    $a http://catalogue.bnf.fr/ark:/12148/cb44220913m
035    $a FRBNF442209130000001
073  0 $a 9782355261336
090    $a 275443
091    $b 20240512 $c 1 $a 2
099    $t LI $x 11 $d 2024-05-17 $c 2015-04-03
100    $a 20141110d2014    m  y0frey50      ba
101 0  $a fre
102    $a FR
105    $a ||||z   00|y|
106    $a r
181  0 $6 01 $a i  $b xxxe  
181    $6 02 $c txt $2 rdacontent
182  0 $6 01 $a n
182    $6 02 $c n $2 rdamedia
200 1  $a Les excès du genre $b Texte imprimé $e concept, image, nudité $f Geneviève Fraisse
210    $a [Paris] $c Lignes $d DL 2014 $e impr. en Bulgarie
215    $a 1 vol. (83 p.) $d 20 cm
339    $a m
606    $3 12386436 $9 39544 $a Identité sexuelle $3 11936842 $9 1650 $x Philosophie $2 rameau
606    $3 11932779 $9 16581 $a Rôle selon le sexe $3 11936842 $9 1650 $x Philosophie $2 rameau
676    $a 305.3 $v 23
686    $a 100 $2 Cadre de classement de la Bibliographie nationale française
700    $3 11903350 $9 6914 $o ISNI0000000374549736 $a Fraisse $b Geneviève $f 1948-.... $4 070
801  0 $a FR $b FR-751131015 $c 20141110 $g AFNOR $h FRBNF442209130000001 $2 intermrc
999    $a FRBNF442209130000001
995    $0 0 $2 0 $4 0 $5 2015-04-21 $9 320308 $P 14.00 $b MED $c MED $e MED3A $f C0005936403 $h ACFSSZZ $k Doc./305.4 FRA $n 2024-06-07 $o 0 $p 12.74 $r PRETLIV $s DOC___305_400000000000000_FRA $w 11 $y 2024-05-17 $A 0

