02032ngm0a22003251i 4500
001 275567
003 http://www.mediathequederoubaix.fr/ark:/20179/KH275567
010    $d 39,00 EUR
073  0 $a 3545020031834 $d 56,00 EUR
090    $a 275567
091    $a 1 $b 20240509 $c 0
099    $t VD $x 18 $d 2024-05-09 $c 2015-04-10
100    $a 20150410d1987    u  y0frey5003    ba
101    $a eng $j fre
200 1  $a Rita, Sue and Bob too ! $b DVD $f Alan Clarke, réal. $g Siobhan Finneran, George Costigan, Michelle Holmes... [et al.], act. $g Andrea Dunbar, scénario $g Michael Kamen, mus.
210    $c Potemkine Editions $d 2015
215    $a 1 DVD (1h 30min) PAL $c 16/9, Couleur, Stéréo
300    $a Autour de "Rita, Sue and Bob too !".
300    $a Prêt + Consultation
330    $a Dans leur petit lotissement du nord de l'Angleterre, Rita et Sue s'ennuient ferme. Elles gagnent un peu d'argent en faisant du baby-sitting chez un couple aisé. Un soir, le mari, Bob, raccompagne les deux jeunes filles en voiture. Il suggère un détour par la lande et leur propose le grand jeu. Rita et Sue acceptent aussi sec et avec joie cette proposition indécente. Libertin, mordant, aussi immoral que réjouissant, "Rita, Sue and Bob too!" fit grand bruit lors de sa sortie en salle. Bâti sur un certain art du mauvais goût et de la provocation, le film, d'une crudité surprenante, se révèle terriblement amusant, émouvant même car, chez Alan Clarke, le plus rock'n'roll des cinéastes britanniques, la tendresse n'est jamais loin.
333    $a Interdit aux moins de 16 ans
339    $a m
700  0 $4 370 $a Clarke $b Alan $f 1935-1990
702  0 $4 005 $a Costigan $b George
702  0 $4 690 $a Dunbar $b Andrea
702  0 $4 005 $a Finneran $b Siobhan
702  0 $4 005 $a Holmes $b Michelle
702    $7 ba0yba0y $8 fre    $a Kamen $b Michael $f 1948-2003 $3 13895833 $4 230 $9 8719
801  0 $a FR $b COLACO $c 20150410 $g AFNOR
995    $0 0 $2 0 $4 0 $5 2015-04-10 $9 320637 $P 39.00 $b MED $c MED $e MED3E $f C0005713035 $h AAPCIFI $k DVD/F CLA $o 0 $p 39.00 $r PRETDVD $s DVD_F_CLA $w 18 $y 2019-06-08 $A 0

