02401cam a2200469   4500
001 275706
003 http://www.mediathequederoubaix.fr/ark:/20179/KH275706
010    $a 978-2-7234-7469-6 $b br. $d 10,55 EUR
020    $a FR $b 01119519
033    $a http://catalogue.bnf.fr/ark:/12148/cb42381507z
035    $a FRBNF423815070000008
073  0 $a 9782723474696
090    $a 275706
091    $b 20240512 $c 1 $a 2
099    $t LI $x 79 $d 2024-05-12 $c 2015-04-11
100    $a 20110303d2010    m  y0frey50      ba
101 1  $a fre $c jpn
102    $a FR
105    $a ||||t   00|a|
106    $a r
181  0 $6 01 $a i  $b xxxe   $a b  $b xb2e  
181    $6 02 $c txt $c sti $2 rdacontent
182  0 $6 01 $a n
182    $6 02 $c n $2 rdamedia
200 1  $a Dr Slump $e ultimate edition $h 7 $b Texte imprimé $f Akira Toriyama
210    $a Grenoble $c Glénat $d impr. 2010 $e impr. en Italie
215    $a 1 vol. (233 p.) $c ill. en noir et en coul., couv. ill., jaquette ill. en coul. $d 21 cm
225    $a Shonen manga
321    $a La Revue des livres pour enfants. Sélection annuelle
329    $a Glénat poursuit sa réédition des grands succès de Toriyama. Il y a la Perfect edition de DragonBall, et aussi le premier grand succès de l'auteur, Dr Slump, dont il ne faut pas oublier la remarquable vista comique. Ce manga délirant annonce les actuels One Piece, avec son savant amoureux, son androïde Aralé aussi puissante que naïve, et son univers villageois totalement loufoque. Le rire est permanent, le dessin comique. Ce classique ne vieillit pas du tout. $d 20120314
333    $a À partir de 11 ans $2 CNLJ $k Avis critique donné par le Centre national de la littérature pour la jeunesse
339    $a a
410  0 $0 38992207 $t Shonen manga $x 1761-2268 $d 2010
454  1 $t Dokutā Suranpu
461  0 $0 42200130 $t Dr Slump $v 7
517 1  $a Docteur Slump
608    $a Bandes dessinées $2 CNLJ $k Avis critique donné par le Centre national de la littérature pour la jeunesse
686    $a 805 $2 Cadre de classement de la Bibliographie nationale française
700    $3 12336978 $9 26246 $o ISNI0000000084114806 $a Toriyama $b Akira $f 1955-2024 $4 070
801  0 $a FR $b FR-751131015 $c 20110303 $g AFNOR $h FRBNF423815070000008 $2 intermrc
999    $a FRBNF423815070000008
995    $0 0 $2 0 $4 0 $5 2015-04-15 $9 320856 $P 10.55 $b MED $c MED $e MED2A $f C0005717972 $h JBDMGZZ $k E BD/MANGAS $o 0 $p 10.55 $r PRETLIV $s E_BD_MANGAS $w 79 $y 2024-05-15

