02999cam a2200445   4500
001 275890
003 http://www.mediathequederoubaix.fr/ark:/20179/KH275890
010    $a 978-2-211-22188-7 $b rel. $d 8,50 EUR
020    $a FR $b 01519374
033    $a http://catalogue.bnf.fr/ark:/12148/cb44284553z
035    $a FRBNF442845530000005
073  0 $a 9782211221887
090    $a 275890
091    $b 20240512 $c 1 $a 2
099    $t LI $x 79 $d 2024-05-12 $c 2015-04-16
100    $a 20150224d2015    a  y0frey50      ba
101 0  $a fre
102    $a FR
105    $a ||||z   00|a|
106    $a r
181  0 $6 01 $a i  $b xxxe  
181    $6 02 $c txt $2 rdacontent
182  0 $6 01 $a n
182    $6 02 $c n $2 rdamedia
200 1  $a Le magicien d'os $b Texte imprimé $f Isabelle Gil
210    $a Paris $c l'École des loisirs-Loulou & Cie $d DL 2015 $e impr. en Allemagne
215    $a 1 vol. (non paginé [16] p.) $c ill. en coul. $d 16 x 21 cm
300    $a Livre cartonné
321    $a La Revue des livres pour enfants $x 0398-8384 $c 283
321    $a La Revue des livres pour enfants. Sélection annuelle $c 285
329    $c Bravo ! $a Isabelle Gil poursuit ses petites mises en scène photographiques dans un ouvrage plus léger et moins étrange que d'habitude, mais avec une bonne dose d'humour potache. Douglas, le petit chien en peluche, est représenté dans ses aventures de chercheur d'os : il cherche, il fouille, rassemble des spécimens dans son antre, tendance cabinet de curiosités. Les jeux de mots se mêlent à la bizarrerie des images pour un résultat savoureux. Un petit théâtre d'objets hautement scientifique, parfaitement farfelu et d'une cocasserie réjouissante. Voir Making of, p. 98. $d 20150601 $f MP $2 CNLJ $k Avis critique donné par le Centre national de la littérature pour la jeunesse
329    $a Isabelle Gil poursuit ses petites mises en scène photographiques, avec une bonne dose d'humour potache. Douglas, le petit chien en peluche, est représenté dans ses aventures de chercheur d'os : il cherche, il fouille, rassemble des spécimens dans son antre, tendance cabinet de curiosités. Les jeux de mots se mêlent à la bizarrerie des images pour un résultat savoureux. Un petit théâtre d'objets d'une cocasserie réjouissante. (Voir le « Making of », RLPE, n°283). $d 20151101
333    $a De 0 à 3 ans $2 CNLJ $k Avis critique donné par le Centre national de la littérature pour la jeunesse
339    $a a
608    $a Albums $2 CNLJ $k Avis critique donné par le Centre national de la littérature pour la jeunesse
686    $a 809 $2 Cadre de classement de la Bibliographie nationale française
700    $3 15502602 $9 105457 $o ISNI0000000010758107 $a Gil $b Isabelle $f 1964-.... $4 070
801  0 $a FR $b FR-751131015 $c 20150224 $g AFNOR $h FRBNF442845530000005 $2 intermrc
999    $a FRBNF442845530000005
995    $0 0 $2 0 $4 0 $5 2015-04-17 $9 321144 $P 8.50 $b MED $c MED $e MED2A $f C0005716524 $h JABPFEV $k PE A/GIL $o 0 $p 8.50 $r PRETLIV $s PE_A_GIL $u Réparation médiathèque 23/06/2023 $w 79 $y 2024-04-30

