01962cam a2200445   4500
001 276112
003 http://www.mediathequederoubaix.fr/ark:/20179/KH276112
010    $a 979-10-209-0141-5 $b br. $d 26 EUR
020    $a FR $b 01506314
033    $a http://catalogue.bnf.fr/ark:/12148/cb44215218d
035    $a FRBNF442152180000009
073  0 $a 9791020901415
090    $a 276112
091    $b 20240512 $c 1 $a 2
099    $t LI $x 25 $d 2024-05-12 $c 2015-04-28
100    $a 20141030d2014    m  y0frey50      ba
101 1  $a fre $c eng
102    $a FR
105    $a ||||z   00|y|
106    $a r
181  0 $6 01 $a i  $b xxxe  
181    $6 02 $c txt $2 rdacontent
182  0 $6 01 $a n
182    $6 02 $c n $2 rdamedia
200 1  $a La nouvelle société du coût marginal zéro $b Texte imprimé $e l'nternet des objets, l'émergence des communaux collaboratifs et l'éclipse du capitalisme $f Jeremy Rifkin $g traduit de l'anglais par Françoise et Paul Chemla
210    $a [Paris] $c Éditions les Liens qui libèrent $d DL 2014 $e 61-Lonrai $g Normandie roto impr.
215    $a 1 vol. (509 p.) $d 24 cm
300    $a Bibliogr. p. 461-467
339    $a m
454  1 $t The zero marginal cost society
606    $3 13318461 $9 21693 $a Changement social $3 12432924 $9 2858 $z 1990-2020 $2 rameau
606    $3 16940993 $9 120061 $a Économie collaborative $2 rameau
676    $a 384.3 $v 23
686    $a 330 $2 Cadre de classement de la Bibliographie nationale française
700    $3 12635065 $9 84155 $o ISNI0000000116781874 $a Rifkin $b Jeremy $f 1945-.... $4 070
702    $3 16169452 $9 105923 $o ISNI0000000074988657 $a Chemla $b Françoise $4 730
702    $3 11896505 $9 1488 $o ISNI0000000115670048 $a Chemla $b Paul $4 730
801  0 $a FR $b FR-751131015 $c 20141030 $g AFNOR $h FRBNF442152180000009 $2 intermrc
999    $a FRBNF442152180000009
995    $0 0 $2 0 $4 0 $5 2015-05-22 $9 322644 $P 26.00 $b MED $c MED $e MED3A $f C0005716951 $h ACFSSZZ $k Doc./333 ALT $o 0 $p 26.00 $r PRETLIV $s DOC___333_000000000000000_ALT $w 25 $y 2021-01-19 $7  $8  $A  $m  $z 

