01342njm0a22002532  4500
001 276259
003 http://www.mediathequederoubaix.fr/ark:/20179/KH276259
071 01 $a 88843037662 $b Okeh
073  1 $a 0888430376625 $d 25,78
090    $a 276259
091    $a 1 $b 20240509 $c 0
099    $t DC $x 11 $d 2024-05-09 $c 2015-05-07
100    $a 20150326d2014    u  y0frey5003    ba
101    $a fre
200    $a Rite of spring $b Enr. sonore $f The Bad Plus 
210    $d 2014
215    $a 1 cd $d 12 cm $e 1 Livret (n.p.; 12 cm)
323    $a The Bad Plus est composé : Reid Anderson, cb ; Ethan Iverson, p ; David King, batt.
327 1  $a  FIRST PART : Adoration of the earth: introduction (5:06) $a The augurs of spring (3:30) $a Ritual of abduction (1:23) $a Spring rounds (4:52) $a Games of the two rival tribes / Procession of the sage (3:04) $a The sage / Dance of the earth (1:48) $a SECOND PART : The sacrifice: introduction (4:00) $a Mystic circle of the young girls (3:02) $a Glorification of the chosen one (1:43) $a Evocation of the ancestors/ritual action of the ancestors (5:33) $a Sacrificial dance (5:22)
339    $a m
608  1 $a Jazz
710 02 $a Bad Plus (The)
801    $a FR $b cdmail $c 20150513 $g AFNOR
995    $0 0 $2 0 $4 0 $5 2015-05-07 $9 321753 $P 21.48 $b MED $c MED $e MED1A $f C0005910823 $h AMV13ZZ $k DC/1 BAD $o 0 $p 15.68 $r PRETSON $s DC_1_000000000000000_BAD $w 11 $y 2021-10-01

