02051ngm0a22003131i 4500
001 276409
003 http://www.mediathequederoubaix.fr/ark:/20179/KH276409
010    $d 61,00 EUR
073  0 $a 3770003227045 $d 88,00 EUR
090    $a 276409
091    $a 1 $b 20240512 $c 0
099    $t VD $x 1 $d 2024-05-12 $c 2015-05-12
100    $a 20150512d2012    u  y0frey5003    ba
101    $a fre $j fre $a eng $a ara $j eng $j ara
102    $a LB
200 1  $a The lebanese rocket society - L'étrange histoire de l'aventure spatiale libanaise $b DVD $f Joana Hadjithomas, réal. $g Khalil Joreige, réal. $g Joana Hadjithomas, Khalil Joreige, scénario $g Discipline, Nadim Mishlawi, Scrambled Eggs, mus.
210    $c Urban Distribution $d 2014
215    $a 1 DVD (1h 32) PAL $c 16/9, Couleur, Dolby Digital 5.1
300    $a A Los Angeles avec Manoug, John et Hampar, Sortie du film au Liban, Le projet artistique de la Lebanese Rocket Society, bande-annonce.
300    $a Prix du meilleur film documentaire au Festival Doha Tribeca, Qatar, 2012
300    $a Prêt + Consultation
330    $a Au tout début des années 60, durant la guerre froide et au temps du panarabisme, un groupe d'étudiants et de chercheurs libanais se lance dans la course vers l'espace et crée la "Lebanese Rocket Society". Les rêves peuvent-ils surmonter les tourments de l'Histoire ? Film sélectionné par la Commission nationale d'Images en bibliothèques (2014).
339    $a m
606    $2 rameau $3 11978275 $9 59456 $7 ba0yba0y $8 fre    $a Tramways $3 11931476 $9 109 $y France $3 11951853 $9 20670 $y Lille (Nord ; agglomération) $3 11976947 $9 1123 $z 1945-1970 $3 11975813 $9 580 $x Ouvrages illustrés
676    $a 388.460 9442 $v 22
686    $a 380 $2 Cadre de classement de la Bibliographie nationale française
700    $a Buisson $b Christian $3 16698034 $9 293012 $4 070
801  0 $a FR $b COLACO $c 20150512 $g AFNOR
995    $0 1 $2 0 $3 0 $4 0 $5 2015-05-12 $9 321979 $P 61.00 $b MED $c MED $e MED3A $f C0005940165 $h ACFSCZZ $k DVD/524 AER $l Contient un livret $o 4 $p 61.00 $r PRETDVD $s DVD_524_000000000000000_AER $u Contient 1 livret $w 1 $y 2015-07-04 $A 0

