00959nam a22002173  4500
001 276551
003 http://www.mediathequederoubaix.fr/ark:/20179/KH276551
090    $a 276551
091    $a 0
099    $t LI $d 2022-07-31
100    $a 20150513d2014    m||y0frey50      ba
101    $a fre
200    $a La Médiathèque de Roubaix fait peau neuve ! $e dossier presse $f Ville de Roubaix, Service communication
210    $a Roubaix $c Ville de Roubaix, Service communication $d [2014]
215    $a 7 f. $c ill. en coul., couv. ill. en coul. $d 30 cm
307    $a Verso des feuillets blanc
601    $3 11873703 $7 ba0yba0y $8 fre    $a Médiathèque municipale $c Roubaix, Nord $o ISNI0000000119457770 $9 264587
710    $9 131507 $a Roubaix $c Nord $c roubaisien $b Service communication
801    $a FR $b 595126101 $c 20150513 $g AFNOR
339    $a m
995    $0 0 $2 0 $4 0 $5 2015-05-13 $9 322079 $b MED $c MED $e MED3P $f C0005964598 $h PPEFGZZ $k RES 4/1432 $o 2 $r PRETLIV $s RES_41432_000000000000000 $w 0 $y 2015-05-13 $A 1

