01532cam a2200397   4500
001 276669
003 http://www.mediathequederoubaix.fr/ark:/20179/KH276669
010    $a 978-2-37102-029-0 $b br. $d 15 EUR
020    $a FR $b 01519317
033    $a http://catalogue.bnf.fr/ark:/12148/cb44274005h
035    $a FRBNF442740050000007
073  0 $a 9782371020290
090    $a 276669
091    $b 20240512 $c 1 $a 2
099    $t LI $x 28 $d 2024-05-12 $c 2015-05-21
100    $a 20150210d2015    a  y0frey50      ba
101 1  $a fre $c eng
102    $a FR
105    $a ||||z   00|a|
106    $a r
181  0 $6 01 $a i  $b xxxe  
181    $6 02 $c txt $2 rdacontent
182  0 $6 01 $a n
182    $6 02 $c n $2 rdamedia
200 1  $a Rébellion $b Texte imprimé $f Andrea Cremer $g traduit de l'anglais (États-Unis) par Mathilde Bouhon
210    $a [Paris] $c Lumen $d DL 2015 $e 86-Ligugé $g Aubin impr.
215    $a 1 vol. (406 p.) $c ill. $d 23 cm
225 19 $a Le secret de l'inventeur $v vol. 1
339    $a m
454  1 $t The inventor's secret
686    $a 809 $2 Cadre de classement de la Bibliographie nationale française
700    $3 16268093 $9 108427 $o ISNI0000000119384209 $a Cremer $b Andrea $f 1978-.... $4 070
702    $3 16190449 $9 43462 $o ISNI0000000077586514 $a Tamae-Bouhon $b Mathilde $4 730
801  0 $a FR $b FR-751131015 $c 20150210 $g AFNOR $h FRBNF442740050000007 $2 intermrc
999    $a FRBNF442740050000007
995    $0 0 $2 0 $4 0 $5 2015-05-22 $9 322631 $P 15.00 $b MED $c MED $e MED1A $f C0005517022 $h ALTROAD $k ADO R/CRE $o 0 $p 15.00 $r PRETLIV $s ADO_R_CRE $w 28 $y 2024-03-09

