01310cam a2200361   4500
001 276985
003 http://www.mediathequederoubaix.fr/ark:/20179/KH276985
010    $a 978-2-84626-932-2 $b br. $d 22 EUR
020    $a FR $b 01535049
033    $a http://catalogue.bnf.fr/ark:/12148/cb44298094b
035    $a FRBNF442980940000002
073  0 $a 9782846269322
090    $a 276985
091    $b 20240513 $c 1 $a 2
099    $t LI $x 23 $d 2024-05-13 $c 2015-05-26
100    $a 20150318d2015    m  y0frey50      ba
101 0  $a fre
102    $a FR
105    $a ||||z   00|a|
106    $a r
181  0 $6 01 $a i  $b xxxe  
181    $6 02 $c txt $2 rdacontent
182  0 $6 01 $a n
182    $6 02 $c n $2 rdamedia
200 1  $a La théorie de la tartine $b Texte imprimé $f Titiou Lecocq
210    $a Vauvert $c Au diable Vauvert $d impr. 2015 $e impr. en Italie
215    $a 1 vol. (441 p.) $d 20 cm
339    $a m
686    $a 803 $2 Cadre de classement de la Bibliographie nationale française
700    $3 16535799 $9 107758 $o ISNI0000000356332090 $a Lecoq $b Titiou $f 1980-.... $4 070
801  0 $a FR $b FR-751131015 $c 20150318 $g AFNOR $h FRBNF442980940000002 $2 intermrc
999    $a FRBNF442980940000002
995    $0 0 $2 0 $4 0 $5 2015-05-26 $9 322758 $P 22.00 $b MED $c MED $e MED1A $f C0005711246 $h ALTROZZ $k R/LEC $o 0 $p 22.00 $r PRETLIV $s RLEC $w 23 $y 2024-01-05 $A 0

