02549cim a2200517   4500
001 277152
003 http://www.mediathequederoubaix.fr/ark:/20179/KH277152
020    $a FR $b 71301486
033    $a http://catalogue.bnf.fr/ark:/12148/cb42705722d
035    $a FRBNF427057220000005
071 01 $b Frémeaux & associés $a FA 5508 $c boîte
073  0 $a 3561302550824
090    $a 277152
091    $b 20240513 $c 1 $a 2
099    $t LS $x 13 $d 2024-05-13 $c 2015-05-30
100    $a 20120709d2012    u  y0frey50      ba
101 0  $a fre
102    $a FR
126    $a aguxhxx||||||cd $b bex
181  0 $6 01 $a h  $b xxxa  
181    $6 02 $c spw $2 rdacontent
182  0 $6 01 $a a
182    $6 02 $c s $2 rdamedia
200 1  $a L'Antiquité grecque $b Enregistrement sonore $f un cours particulier de Carole Talon-Hugon
210    $a Vincennes $c Frémeaux & associés $d P 2012
215    $a 4 disques compacts $e 1 brochure ([8] p.) : ill. ; 12 cm $e 1 f. de pl.
225 1  $a Histoire philosophique des arts
305    $a Enregistrement : (France) Paris, Studio Kos & Co, 20111100
306    $a Prod. : Frémeaux & associés, P 2012
327 1  $a L'antiquité grecque : des idées et des oeuvres $a Significations du mot art $a A la naissance du théâtre : la tragédie $a La poésie $a Peinture et sculpture $a Les fonctions des images $a Evolution des arts de l'image $a L'imitation $a Pouvoirs des arts imitatifs $a La pensée aristotélicienne des arts $a La beauté
339    $a m
606    $3 11930972 $9 415 $a Art grec $2 rameau
606    $3 11934760 $9 17368 $a Art $x Philosophie $3 11931600 $9 6692 $y Grèce $3 11975677 $9 2729 $z Antiquité $2 rameau
606    $3 13178109 $9 46627 $a Philosophie et art $3 11931600 $9 6692 $y Grèce $3 11975677 $9 2729 $z Antiquité $2 rameau
608    $a enregistrement parlé $2 frTAV
608    $a édition phonographique $2 frTAV
608    $a cours, conférence $2 frTAV
620 31 $a fr $d Paris $e Studio Kos & Co $f 20111100
676    $a 709.38 $v 23
686    $a 109 $2 Cadre de classement de la Bibliographie nationale française
700    $3 14413370 $9 72675 $o ISNI0000000078402043 $a Talon-Hugon $b Carole $f 1959-.... $4 070
702    $3 14413370 $9 72675 $o ISNI0000000078402043 $a Talon-Hugon $b Carole $f 1959-.... $4 460
716    $3 13876186 $a Frémeaux & associés
801  0 $a FR $b FR-751131015 $c 20120709 $g AFNOR $h FRBNF427057220000005 $2 intermrc
999    $a FRBNF427057220000005
995    $0 0 $2 0 $4 0 $5 2015-05-30 $9 323214 $P 29.99 $b MED $c MED $e MED1A $f C0005931897 $h ALTLSZZ $k LA 710.2/ANT $o 0 $p 29.99 $r PRETLS $s LA_710_200000000000000_ANT $u CONTIENT 4 CD ET 1 LIVRET $w 13 $y 2024-04-02 $A 0

