02332njm0a22002532  4500
001 277276
003 http://www.mediathequederoubaix.fr/ark:/20179/KH277276
071 01 $a 932A755023 $b Trojan
073  1 $a 5414939918582 $d 15,47
090    $a 277276
091    $a 1 $b 20240509 $c 0
099    $t DC $x 14 $d 2024-05-09 $c 2015-06-05
100    $a 20150528d2015    u  y0frey5003    ba
101    $a fre
200    $a Mento & R&B  $b Enr. sonore $e 40 Roots of reggae classics $f Chin's Calypso Quintet, 
210    $d 2015
215    $a 2 cd $d 12 cm $e 1 Livret (n.p.; 12 cm)
327    $a CD 1 : Night food / Chin's Calypso Quintet $a Talking parrot / Count Lasher $a Strip tease / Lord Power $a Ethiopia / Lord Lebby $a Limbo / Lord Tickler $a Little sheila / Laurel Aitken $a Hoola hoop calypso / Count Owen $a We're gonna love / Wilfred "Jackie" Edwards $a Jamaica is the place to go / Charlie Binger $a One kiss for my baby / Lord Lebby $a Boogie in my bones / Laurel aitken $a Please let me go / Owen Gray $a Dumplin' / Byron Lee & The Dragonaires $a Tell me darling / Wilfred "Jackie" Edwards $a Far love / Owen Gray $a Little vilma / The Blues Busters $a Too-woo-up-to-woo / The Jiving Juniors $a Jenny Lee / Owen Gray $a Worried over you / Keith & Enid $a The wasp (aka schufflin') / The Bubbles $a CD 2 : Fat man / Derrick Morgan $a Jenny-v / Teddy Brown $a Album of memory  / The Magic Notes $a S-u-k-i-n- / Kes Chin & The Souvenirs $a Whenever there's moonlight / Wilfred "Jackie" Edwards $a Now we know / Derrick Morgan & Eric Morris $a Verona / Jimmy Sinclair $a Time-are-a-going / Martin & Derrick $a Ba ba black sheep / Cecil Byrd & Sir Dee's Group $a A thousand teardrops / The Rhythm Aces $a Girl's rush / Llyod Clarke $a Last night / Byron Lee & The Dragonaires $a Referendum calypso / Lord Laro $a You said  you loved me / Llyod Robinson $a I' m sorry / Jimmy Cliff $a My one desir / Owen Gray $a Independante jamaica calypso / Lord Creatur $a Sugar dandy / The Jiving Juniors $a Behold / The Blues Busters $a Come back my love (aka) i need your love) / Basil & Yvonne
339    $a m
606    $a Mento $x Disques $2 rameau
606    $a Musique $y Jamaïque $x Disques $2 rameau
679    $a 052.2
801    $a FR $b cdmail $c 20150701 $g AFNOR
995    $0 0 $2 0 $4 0 $5 2015-07-01 $9 323440 $P 15.47 $b MED $c MED $e MED1A $f C0005908066 $h AMV16ZZ $k DC/052.2 A REGGAE $l contient 2 DC $o 0 $p 11.29 $r PRETSON $s DC_052_200000000000000_A_REGGAE $w 14 $y 2023-08-04

