00939nam a2200241   4500
001 277444
003 http://www.mediathequederoubaix.fr/ark:/20179/KH277444
033    $a http://catalogue.bnf.fr/ark:/12148/cb33289119n
090    $a 277444
091    $a 0
099    $t LI
100    $a 20150609d    1828m||y0frey50      ba
101    $a fre
200    $a Causes criminelles célèbres du XIXe siècle, rédigées par une société d'avocats $h Tome premier
210    $a Paris $c H. Langlois fils  $d 1827
215    $a 420 p. $d 21 cm
300    $a Cachet de la Bibliothèque de la ville de Roubaix
300    $a Inventaire ENSAIT n° A 2009
317    $a Collection ENSAIT
606    $9 264067 $a Crimes et criminels $y France $z 19e siècle
801    $a FR $b 595126101 $c 20150609 $g AFNOR
339    $a m
995    $0 0 $2 0 $4 0 $5 2015-06-09 $9 323602 $b MED $c MED $e MED3T $f c0005729784 $h PPEFGZZ $k MAG L/P 8/117 172 $o 2 $r PRETLIV $s MAG_L_P_8_117000000000000_172 $w 0 $y 2015-06-09 $A 0

