01917cam2a22004091i 4500
001 277580
003 http://www.mediathequederoubaix.fr/ark:/20179/KH277580
005 20240517212007.0
010    $a 978-2-918771-24-1 $b cart. $d 9,95 EUR
073  0 $a 9782918771241
090    $a 277580
100    $a 20150612d2015    |  |0frey5003||||ba
101 0  $a fre
102    $a FR
105    $a         0||y|
106    $a r
200 1  $a The lapins crétins $b Texte imprimé $h 7 $i Crétin style $f scénario Thitaume $g dessin Romain Pujol
210    $a Paris $c les Deux royaumes $d 2015
211    $a 20150612
215    $a 1 vol. $c illustrations en couleur $d 30 x 23 cm
330    $a Des gags mettant en scène les personnages de jeux vidéo face aux pièges de la vie quotidienne. ­Electre 2015
345    $b 9782918771241
461  0 $6 306485 $t The lapins crétins $v 7
676    $a 741.56 $v 22
686    $a T090203 $2 electre
700    $6 11331623 $4 070 $3 16610376 $7 ba0yba0y $8 fre    $a Thitaume $9 108617
701    $6 11340990 $4 440 $3 16610377 $7 ba0yba0y $8 fre    $a Pujol $b Romain $9 28615
801  3 $a FR $b Electre $c 20150612 $g AFNOR
856 4  $u http://www.electre.com//GetBlob.ashx?Ean=9782918771241,0-2555349&Size=Original
903    $a Bandes dessinées - Bandes dessinées - Humour
947    $c 9.95
099    $t LI $x 388 $d 2024-05-17 $c 2015-06-19
339    $a a
091    $a 2 $b 20240513 $c 0 $s http://www.sudoc.fr/18630921X $m 3
995    $0 0 $2 0 $4 0 $5 2019-05-17 $9 393564 $b MED $c MED $e MED2A $f C2500013106 $h JBDSRZZ $k E BD/SERIES $n 2024-06-07 $o 0 $p 9.95 $r PRETLIV $s E_BD_SERIES $u Réparation médiathèque 15/06/2023 $w 74 $y 2024-05-17
995    $0 3 $2 1 $4 0 $5 2020-07-25 $9 412052 $P 9.95 $b MED $c MED $e MED2A $f C2500018370 $h JBDSRZZ $k E BD/SERIES $n 2022-07-06 $o 4 $p 9.95 $r PRETLIV $s E_BD_SERIES $w 24 $y 2022-06-15 $7  $8  $A  $m  $z 
995    $0 0 $2 0 $4 0 $5 2022-04-13 $9 442449 $P 9.95 $b MED $c MED $e MED0A $f C3500015508 $h JBDZZZZ $k EXT E BD/THI $o 0 $r PRETLIV $s EXT_E_BD_THI $w 1 $y 2023-06-13 $A 0

