02383cam a2200409   4500
001 277707
003 http://www.mediathequederoubaix.fr/ark:/20179/KH277707
010    $a 978-2-7560-3425-6 $b rel. $d 18,95 EUR
020    $a FR $b 01538838
033    $a http://catalogue.bnf.fr/ark:/12148/cb44329143p
035    $a FRBNF443291430000000
073  0 $a 9782756034256
090    $a 277707
091    $b 20240513 $c 1 $a 2
099    $t LI $x 15 $d 2024-05-13 $c 2015-06-24
100    $a 20150507d2015    m  y0frey50      ba
101 0  $a fre
102    $a FR
105    $a ||||t   00|a|
106    $a r
181  0 $6 01 $a i  $b xxxe   $a b  $b xb2e  
181    $6 02 $c txt $c sti $2 rdacontent
182  0 $6 01 $a n
182    $6 02 $c n $2 rdamedia
200 1  $a Roi Ours $b Texte imprimé $f scénario, dessin et couleur, Mobidic
210    $a [Paris] $c Delcourt $d DL 2015
215    $a 1 vol. (109 p.) $c ill. en coul. $d 30 cm
321    $a La Revue des livres pour enfants $x 0398-8384 $c 286
329    $c Bravo ! $a Xipil, fille de chaman, est attachée à un totem pour être sacrifiée à la déesse Caïman. Mais le Roi Ours la libère, et, après une suite de péripéties, l'épouse, ce qui n'est pas du goût des autres divinités de la forêt. Ce récit qui puise dans les légendes indiennes est très bien conté, et se marie parfaitement à un univers graphique à la fois doux et fort, dont les accords de couleurs et l'alliance entre la nature féerique et une sauvagerie empreinte de sensualité évoquent le Miyazaki de Princesse Mononoké. Ce premier album d'un jeune auteur belge est une belle découverte, dont la fin ouverte laisse espérer une possible suite. $d 20151201 $f MP $2 CNLJ $k Avis critique donné par le Centre national de la littérature pour la jeunesse
333    $a À partir de 13 ans $2 CNLJ $k Avis critique donné par le Centre national de la littérature pour la jeunesse
339    $a m
608    $a Bandes dessinées $2 CNLJ $k Avis critique donné par le Centre national de la littérature pour la jeunesse
686    $a 805 $2 Cadre de classement de la Bibliographie nationale française
700    $3 16974062 $9 120464 $a Mobidic $4 070
801  0 $a FR $b FR-751131015 $c 20150507 $g AFNOR $h FRBNF443291430000000 $2 intermrc
999    $a FRBNF443291430000000
995    $0 0 $2 0 $4 0 $5 2015-07-02 $9 324607 $P 18.95 $b MED $c MED $e MED0C $f C0005996919 $h AAPBDZZ $k BD/MOB $o 0 $p 18.95 $r PRETLIV $s BD_MOB $w 15 $y 2024-04-21

