01712cam a2200397   4500
001 277872
003 http://www.mediathequederoubaix.fr/ark:/20179/KH277872
010    $a 978-2-36890-287-5 $b br. $d 15 EUR
020    $a FR $b 01538733
033    $a http://catalogue.bnf.fr/ark:/12148/cb443108646
035    $a FRBNF443108640000004
073  0 $a 9782368902875
090    $a 277872
091    $b 20240514 $c 1 $a 2
099    $t LI $x 3 $d 2024-05-14 $c 2015-06-30
100    $a 20150410d2015    m  y0frey50      ba
101 0  $a fre
102    $a FR
105    $a ||||z   00|z|
106    $a r
181  0 $6 01 $a i  $b xxxe  
181    $6 02 $c txt $2 rdacontent
182  0 $6 01 $a n
182    $6 02 $c n $2 rdamedia
200 1  $a Avant la chair $b Texte imprimé $f Dominique Sampiero
210    $a [Paris] $c le Passeur éditeur $d DL 2015 $e 27-Mesnil-sur-l'Estrée $g Impr. CPI Firmin-Didot
215    $a 1 vol. (104 p.) $d 21 cm
225    $a Collection Hautes rives
330    $a Un recueil de poèmes qui traduit l'interrogation de l'auteur sur la signification et le sens de son enfance silencieuse. Des lecteurs de divers profils offrent leur regard sur cette oeuvre dans un carnet qui suit le recueil. ­Electre 2015
339    $a m
410  0 $0 44351857 $t Collection Hautes rives $x 2428-2421 $d 2015
686    $a 804 $2 Cadre de classement de la Bibliographie nationale française
700    $3 12058348 $9 19180 $o ISNI0000000114719102 $a Sampiero $b Dominique $f 1954-.... $4 070
801  0 $a FR $b FR-751131015 $c 20150410 $g AFNOR $h FRBNF443108640000004 $2 intermrc
999    $a FRBNF443108640000004
995    $0 0 $2 0 $4 0 $5 2015-07-01 $9 324561 $P 15.00 $b MED $c MED $e MED1A $f C0005708970 $h ALTPOZZ $k P/SAM $n 2024-06-04 $o 0 $p 15.00 $r PRETLIV $s P_SAM $w 3 $y 2024-04-23

