02186cam a2200457   4500
001 277997
003 http://www.mediathequederoubaix.fr/ark:/20179/KH277997
010    $a 978-2-226-25708-6 $b br. $d 14,90 EUR
020    $a FR $b 01440530
033    $a http://catalogue.bnf.fr/ark:/12148/cb43811085x
035    $a FRBNF438110850000007
073  0 $a 9782226257086
090    $a 277997
091    $b 20240514 $c 1 $a 2
099    $t LI $x 15 $d 2024-05-14 $c 2015-07-03
100    $a 20140428d2014    m  y0frey50      ba
101 0  $a fre
102    $a FR
105    $a ||||z   00|y|
106    $a r
181  0 $6 01 $a i  $b xxxe  
181    $6 02 $c txt $2 rdacontent
182  0 $6 01 $a n
182    $6 02 $c n $2 rdamedia
200 1  $a Modes de garde, mode d'emploi $b Texte imprimé $e à qui confier mon enfant ? $f Laure Leter
210    $a Paris $c A. Michel $d impr. 2014 $e 61-Lonrai $g Normandie roto impr.
215    $a 1 vol. (246 p.) $c couv. ill. en coul. $d 23 cm
300    $a En appendice, choix de documents
300    $a Notes bibliogr. et webliogr.
330    $a Présentation des différents types de garde d'enfant : à domicile, partagée, en crèche publique ou privée, en micro-crèche, en sortie d'école, au pair, etc. Avec des stratégies pour trouver la solution la plus adaptée, des conseils d'experts et de psychologues, des témoignages de parents et de baby-sitters, des bonnes adresses, des sites web, des applications, etc. ­Electre 2015
339    $a m
606    $3 12302524 $9 19441 $a Garde d'enfants $3 11931476 $9 109 $y France $2 rameau
606    $3 12146670 $9 80406 $a Personnel de la petite enfance $3 11931476 $9 109 $y France $2 rameau
608    $3 11975688 $9 1606 $a Guides pratiques $2 rameau
676    $a 362.712 0944 $v 23
676    $a 649.102 3 $v 23
686    $a 360 $2 Cadre de classement de la Bibliographie nationale française
700    $3 15962586 $9 38010 $o ISNI0000000058731675 $a Leter $b Laure $4 070
801  0 $a FR $b FR-751131015 $c 20140428 $g AFNOR $h FRBNF438110850000007 $2 intermrc
999    $a FRBNF438110850000007
995    $0 0 $2 0 $4 0 $5 2015-07-03 $9 324755 $P 14.90 $b MED $c MED $e MED2A $f C0005931477 $h AAPPLPA $k E FP 601 GAR $o 0 $p 14.90 $r PRETLS $s E_FP_601_000000000000000_GAR $w 15 $y 2023-04-15 $A 0

