02646cam a2200421   4500
001 278122
003 http://www.mediathequederoubaix.fr/ark:/20179/KH278122
010    $a 978-2-226-24238-9 $b rel. $d 13,90 EUR
020    $a FR $b 01471770
033    $a http://catalogue.bnf.fr/ark:/12148/cb43497233n
035    $a FRBNF434972330000007
039    $o ALS $a 1888277
073  0 $a 9782226242389
090    $a 278122
091    $a 2 $b 20240514 $c 1
099    $t LI $x 18 $d 2024-05-14 $c 2015-07-04
100    $a 20140610d2014    a  y0frey50      ba
101 0  $a fre
102    $a FR
105    $a ||||z   00|y|
106    $a r
181  0 $6 01 $a i  $b xxxe   $a e  $b xxxe  
181    $6 02 $c txt $c tdf $2 rdacontent
182  0 $6 01 $a n
182    $6 02 $c n $2 rdamedia
200 1  $a Bonjour au revoir $b Texte imprimé $f Delphine Chedru
210    $a Paris $c A. Michel jeunesse $d DL 2014 $e impr. en Chine
215    $a 1 vol. (non paginé [22] p.) $c ill. en coul., couv. ill. en coul. $d 29 cm $e lunettes
300    $a La couv. porte en plus : "les contraires dans un album magique"
321    $a La Revue des livres pour enfants $x 0398-8384 $c 280
329    $c Coup de coeur ! $a Vraiment magique ! Delphine Chedru aime surprendre et questionner ses lecteurs. Après les avoir entraînés à  « chercher la petite bête » dans des jeux de motifs, Delphine Chedru s'essaie à un nouvel exercice graphique, hautement ludique : l'anaglyphe. Constituées de deux dessins superposés, l'un en bleu, l'autre en orange, chacune des planches illustre une notion et son contraire. Impossible de deviner ce que cache l'image sans être muni du dispositif fourni par l'éditeur (un carton équipé de deux filtres, l'un rouge, l'autre bleu, qui permet d'isoler chaque couleur). Mais, une fois équipé, quel plaisir de découvrir le chien tout mouillé batifoler sous la pluie quand le chat, lui, reste bien au sec sous son parapluie ! Fantastique. Succès garanti ! $d 20141201 $f BA $2 CNLJ $k Avis critique donné par le Centre national de la littérature pour la jeunesse
333    $a À partir de 3 ans $2 CNLJ $k Avis critique donné par le Centre national de la littérature pour la jeunesse
339    $a a
686    $a 809 $2 Cadre de classement de la Bibliographie nationale française
700    $3 15577094 $9 36008 $o ISNI0000000073275006 $a Chedru $b Delphine $f 1971-.... $4 070
801  0 $a FR $b FR-751131015 $c 20140610 $g AFNOR $h FRBNF434972330000007 $2 intermrc
999    $a FRBNF434972330000007
995    $0 0 $2 0 $4 0 $5 2015-07-08 $9 325273 $P 13.90 $b MED $c MED $e MED2A $f C0005994670 $h JABLPZZ $k E POP $l Contient un cache $o 0 $p 13.90 $r PRETLIV $s E_POP $u Contient un cache / couvertures sales $w 18 $y 2019-12-12

