01887cam a2200433   4500
001 278520
003 http://www.mediathequederoubaix.fr/ark:/20179/KH278520
010    $a 978-2-03-591674-7 $b rel. $d 9,90 EUR
020    $a FR $b 01559886
033    $a http://catalogue.bnf.fr/ark:/12148/cb44403631c
035    $a FRBNF444036310000005
073  0 $a 9782035916747
090    $a 278520
091    $b 20240514 $c 1 $a 2
099    $t LI $x 6 $d 2024-05-14 $c 2015-07-28
100    $a 20150826d2015    m  y0frey50      ba
101 0  $a fre
102    $a FR
105    $a ||||z   00|y|
106    $a r
181  0 $6 01 $a i  $b xxxe  
181    $6 02 $c txt $2 rdacontent
182  0 $6 01 $a n
182    $6 02 $c n $2 rdamedia
200 1  $a Jeanne d'Arc $b Texte imprimé $e l'incroyable destin d'une héroïne éternelle $f Luc Mary
210    $a [Paris] $c Larousse $d DL 2015 $e impr. en Espagne
215    $a 1 vol. (95 p.) $c ill. en coul. $d 22 cm
225    $a Les dossiers de l'histoire
330    $a Une synthèse pédagogique sur la vie de Jeanne d'Arc, jeune bergère qui s'engagea dans la guerre contre l'Angleterre, au XVe siècle, et qui libéra Orléans en 1429, avant d'être brûlée vive en 1431. ­Electre 2015
339    $a m
410  0 $0 44419895 $t Les Dossiers de l'histoire (Paris. 2015) $x 2430-6754 $d 2015
600    $3 11945486 $9 19957 $a Jeanne d'Arc $f 1412-1431 $c sainte $2 rameau
608    $3 11935764 $9 107 $a Biographie $2 rameau
676    $a 944.026 092 $v 23
686    $a 920 $2 Cadre de classement de la Bibliographie nationale française
700    $3 12552848 $9 76052 $o ISNI0000000078348825 $a Mary $b Luc $f 1959-.... $4 070
801  0 $a FR $b FR-751131015 $c 20150826 $g AFNOR $h FRBNF444036310000005 $2 intermrc
999    $a FRBNF444036310000005
995    $0 0 $2 0 $4 0 $5 2015-09-24 $9 327330 $P 9.90 $b MED $c MED $e MED3A $f C1300000129 $h ACFHSZZ $k Doc./943.3 JEA $o 0 $p 9.90 $r PRETLIV $s DOC___943_300000000000000_JEA $w 6 $y 2023-06-17

