01464nas a2200265   4500
001 278681
003 http://www.mediathequederoubaix.fr/ark:/20179/KH278681
011    $a 2120-6996
033    $a http://catalogue.bnf.fr/ark:/12148/cb326916500
090    $a 278681
091    $a 0
099    $t PE
100    $a 20150806b1878    km|y0frey50      ba
101    $a fre
200    $a L'ami du progrès $e  journal quotidien politique, commercial, industriel et littéraire (1878) $e  journal quotidien politique, commercial, industriel et littéraire de Roubaix-Tourcoing (1879) $f réd. en chef Aug. Hazard
210    $a Roubaix $c Ami du progrès $d 1878
300    $a Ce titre est également présent à la médiathèque de Roubaix sous microforme
326    $a Hebdomadaire
339    $a m
606    $9 251675 $a Presse $y France $y Roubaix (Nord) $z 1870-1914
606    $9 264101 $a Presse $y France $y Tourcoing (Nord) $z 1870-1914
702    $9 200818 $4 651 $a Hazard $b Aug.
801    $a FR $b 595126101 $c 20150806 $g AFNOR $h FRBNF32691650
955    $r 1878 (1-16, 18-26, 28-47, 49-51, 54-57, 59-68, 71-78, 80-82, 
88-91, 96-109, 111-120, 122-135, 137-139, 142-144, 146-154,159, 164-204) ; 1879 (206, 1-12, 14-17, 19-30, 33-42, 46-64, 66-69, 71-89, 99-106, 109-112, 114, 116-117,119-129, 132, 134-139,141-148, 150-154, 156-157, 163, 166-169, 171-174, 176-178, 181, 183)
995    $0 0 $2 0 $4 0 $5 2015-08-06 $9 325871 $P 4.00 $V Archives 6-2-7-4 $b MED $c MED $f Archives 6-2-7-4 $h P17 $o 2 $p 4.00 $r PRETPER $w 0 $y 2015-08-06

