01953cam a2200421   4500
001 278790
003 http://www.mediathequederoubaix.fr/ark:/20179/KH278790
010    $a 978-2-7144-5865-0 $b br. $d 22 EUR
020    $a FR $b 01562029
033    $a http://catalogue.bnf.fr/ark:/12148/cb44406818f
035    $a FRBNF444068180000008
073  0 $a 9782714458650
090    $a 278790
091    $b 20240514 $c 1 $a 2
099    $t LI $x 11 $d 2024-05-14 $c 2015-09-04
100    $a 20150902d2015    m  y0frey50      ba
101 1  $a fre $c eng
102    $a FR
105    $a ||||z   00|a|
106    $a r
181  0 $6 01 $a i  $b xxxe  
181    $6 02 $c txt $2 rdacontent
182  0 $6 01 $a n
182    $6 02 $c n $2 rdamedia
200 1  $a Tout ce qui est solide se dissout dans l'air $b Texte imprimé $f Darragh McKeon $g traduit de l'anglais (Irlande) par Carine Chichereau
210    $a Paris $c Belfond $d DL 2015 $e 61-Lonrai $g Normandie roto  impr.
215    $a 1 vol. (423 p.) $d 23 cm
225    $a Littérature étrangère
330    $a Le 26 avril 1986, en URSS. Quatre personnages de divers horizons (un pianiste prodige de 9 ans, une ancienne dissidente devenue ouvrière à la chaîne, un chirurgien malheureux en ménage et un garçon de la campagne) voient leur vie bouleversée par la catastrophe de Tchernobyl. Premier roman
339    $a m
410  0 $0 34227256 $t Littératures étrangères (Paris) $x 0222-5387 $d 2015
454  1 $t All that is solid melts into air
686    $a 803 $2 Cadre de classement de la Bibliographie nationale française
700    $3 16998820 $9 120839 $o ISNI000000042020115X $a McKeon $b Darragh $f 1979-.... $4 070
702    $3 13336964 $9 44129 $o ISNI0000000066508967 $a Chichereau $b Carine $4 730
801  0 $a FR $b FR-751131015 $c 20150902 $g AFNOR $h FRBNF444068180000008 $2 intermrc
999    $a FRBNF444068180000008
995    $0 0 $2 0 $4 0 $5 2015-09-04 $9 326638 $P 22.00 $b MED $c MED $e MED1A $f C0005769162 $h ALTROZZ $k R/MAC $o 0 $p 22.00 $r PRETLIV $s R_MAC $w 11 $y 2020-11-14 $A 0

