01799cam a2200445   4500
001 278955
003 http://www.mediathequederoubaix.fr/ark:/20179/KH278955
010    $a 978-2-84597-519-4 $b br. $d 8 EUR
020    $a FR $b 01565696
033    $a http://catalogue.bnf.fr/ark:/12148/cb444392827
035    $a FRBNF444392820000000
073  0 $a 9782845975194
090    $a 278955
091    $b 20240514 $c 1 $a 2
099    $t LI $x 5 $d 2024-05-14 $c 2015-09-16
100    $a 20151026d2015    m  y0frey50      ba
101 0  $a fre
102    $a FR
105    $a ||||z   00|y|
106    $a r
181  0 $6 01 $a i  $b xxxe  
181    $6 02 $c txt $2 rdacontent
182  0 $6 01 $a n
182    $6 02 $c n $2 rdamedia
200 1  $a Identités, la bombe à retardement $b Texte imprimé $f Jean-Claude Kaufmann
205    $a Nouvelle éd.
210    $a Paris $c Textuel $d DL 2015 $e 61-Lonrai $g Normandie roto impr.
215    $a 1 vol. (79 p.) $d 19 cm
225    $a Petite encyclopédie critique
300    $a Bibliogr., 3 p.
330    $a Essai sur les contresens dans l'usage de la notion d'identité et sur les risques politiques qui en découlent. ­Electre 2015
339    $a m
410  0 $0 42194656 $t Petite encyclopédie critique $x 2105-9195 $d 2015
606    $3 12091777 $9 9610 $a Identité collective $3 12432924 $9 2858 $z 1990-2020 $2 rameau
676    $a 302 $v 23
686    $a 300 $2 Cadre de classement de la Bibliographie nationale française
700    $3 11909498 $9 14639 $o ISNI0000000122822206 $a Kaufmann $b Jean-Claude $f 1948-.... $4 070
801  0 $a FR $b FR-751131015 $c 20151026 $g AFNOR $h FRBNF444392820000000 $2 intermrc
999    $a FRBNF444392820000000
995    $0 0 $2 0 $4 0 $5 2015-10-13 $9 328857 $P 8.00 $b MED $c MED $e MED3A $f C1300000548 $h ACFSSZZ $k Doc./301.2 IND $o 0 $p 8.00 $r PRETLIV $s DOC___301_200000000000000_IND $w 5 $y 2018-03-10 $A 0

