02426ngm0a22004091i 4500
001 279087
003 http://www.mediathequederoubaix.fr/ark:/20179/KH279087
010    $d 34,00 EUR
073  0 $a 3388330032890 $d 49,00 EUR
090    $a 279087
091    $a 1 $b 20240514 $c 0
099    $t VD $x 20 $d 2024-05-14 $c 2015-09-23
100    $a 20150923d2007    u  y0frey5003    ba
101    $a fre
102    $a FR
200 1  $a Le scaphandre et le papillon $b DVD $f Julian Schnabel, réal. $g Mathieu Amalric, Niels Arestrup, Jean-Pierre Cassel... [et al.], act. $g Ronald Harwood, scénario $g Paul Cantelon, mus.
210    $c Fox Pathé Europa
215    $a 1 DVD (1h 47min) PAL $c 16/9 compatible 4/3, Couleur, Dolby Digital 5.1 et 2.0
300    $a Interview de Julian Schnabel par Laurent Weil, promo réel de Berlin, galerie photos.
300    $a Prêt
330    $a Atteint du locked-in syndrome après un accident vasculaire cérébral, le journaliste Jean-Dominique Bauby n'a d'autre possibilité pour communiquer que de cligner de l'oeil gauche. Il va apprendre ainsi à dicter des mots, des phrases, des pages entières, un livre dont il a mémorisé chaque phrase, reflet de son état d'esprit cynique, poétique, touchant... 
339    $a m
606    $2 rameau $a Cinéma $y France $z 1990-.... $x DVD
606    $2 rameau $7 ba0yba0y $8 fre    $a Films biographiques $x DVD $y France $3 11953281 $9 103035
700    $4 370 $3 12151051 $7 ba0yba0y $8 fre    $a Schnabel $b Julian $f 1951-.... $9 96196
702    $4 005 $3 13890861 $7 ba0yba0y $8 fre    $a Arestrup $b Niels $f 1949-.... $9 79032
702  0 $4 230 $3 15626665 $9 306198 $a Cantelon $b Paul
702    $4 005 $3 13524392 $7 ba0yba0y $8 fre    $a Cassel $b Jean-Pierre $f 1932-2007 $9 1067
702    $4 005 $3 13930815 $7 ba0yba0y $8 fre    $a Chesnais $b Patrick $f 1947-.... $9 74008
702    $4 005 $3 14655141 $7 ba0yba0y $8 fre    $a Consigny $b Anne $f 1963-.... $9 88172
702    $4 005 $3 14643891 $7 ba0yba0y $8 fre    $a Croze $b Marie-Josée $f 1970-.... $9 90753
702  0 $4 005 $a Lopez Garmendia $b Olatz
702    $4 005 $3 14001212 $7 ba0yba0y $8 fre    $a Seigner $b Emmanuelle $f 1966-.... $9 79031
702    $7 ba0yba0y $8 fre    $a Harwood $b Ronald $f 1934-2020 $4 690 $3 12314521 $9 89233
702    $7 ba0yba0y $8 fre    $a Amalric $b Mathieu $f 1965-.... $4 005 $3 14025516 $9 83549
801  0 $a FR $b COLACO $c 20150923 $g AFNOR
995    $0 0 $2 0 $4 0 $5 2015-09-23 $9 327191 $P 34.00 $b MED $c MED $e MED1A $f C2100000297 $h AAPCIFI $k DVD/F SCH $o 0 $p 34.00 $r PRETDVD $s DVD_F_SCH $w 20 $y 2022-10-22 $7  $8  $A  $m  $z 

