04122cam a2200565   4500
001 279226
003 http://www.mediathequederoubaix.fr/ark:/20179/KH279226
010    $a 2-7470-1439-8 $b rel. à spirale $d 15,90 EUR
010    $a 978-2-7470-5783-7 $b réimpr. 2015
020    $a FR $b 00513954
033    $a http://catalogue.bnf.fr/ark:/12148/cb39270311w
035    $a FRBNF392703110000000
073  0 $a 9782747014397 $2 ALS
073  0 $a 9782747057837 $b réimpr. 2015
090    $a 279226
091    $b 20240514 $c 1 $a 2
099    $t LI $x 28 $d 2024-05-14 $c 2015-09-25
100    $a 20041103d2004    a  y0frey50      ba
101 0  $a fre
102    $a FR
105    $a ||||z   00|y|
106    $a r
181  0 $6 01 $a i  $b xxxe  
181    $6 02 $c txt $2 rdacontent
182  0 $6 01 $a n
182    $6 02 $c n $2 rdamedia
200 1  $a 100% labo $b Texte imprimé $f expériences, Marc Beynié $g ill., Matthieu Roussel
210    $a [Paris] $c Bayard jeunesse $d 2004 $e impr. en Malaisie
215    $a 118 p. $c ill. en coul., couv. ill. en coul. $d 30 cm
300    $a Adaptation de la rubrique La manip sciences parue dans le magazine "Images doc"
321    $a La Revue des livres pour enfants $x 0398-8384
321    $a Escales en littérature de jeunesse
329    $c Intéressant $a Ce livre-chevalet, muni d'une reliure en spirale, est une adaptation de la rubrique " La manip sciences " parue dans la revue Images Doc. Il réunit les expériences en six thèmes : la terre, l'eau, la nature, le corps, l'homme fabrique, le ciel. Chaque manipulation utilise une page recto verso. D'abord son titre, la liste du matériel et les étapes à suivre. Au dos, trois rubriques : " Que s'est-il passé " pour comprendre le résultat obtenu une fois l'expérience réalisée, "Une expé pour aller plus loin " est une variante de cette expérience et " Info plus " qui donne un complément d'information. Pour rendre la lecture plus amusante, Zoé (la libellule assistante) et Bidulon (le robot savant) participent aux explications en dialoguant. Les expériences sont dans l'ensemble faciles à réaliser et peu coûteuses. Toutefois, celles avec une baignoire remplie d'eau incite au gaspillage. $d 20050722 $f NED $2 CNLJ $k Avis critique donné par le Centre national de la littérature pour la jeunesse
329    $a Ce livre-chevalet est une adaptation de la rubrique " La manip sciences " parue dans la revue Images Doc. Il réunit les expériences en six thèmes : la terre, l'eau, la nature, le corps, l'homme fabrique, le ciel. Les expériences sont dans l'ensemble faciles à réaliser et peu coûteuses. $d 20070821 $f CR
330    $a De l'infiniment petit à l'infiniment grand, 53 manipulations à effectuer à la maison dans des domaines scientifiques très différents : la géologie, la physique, la biologie, la paléontologie, l'astronomie, la chimie, la botanique. ­Electre 2015
333    $a À partir de 11 ans $2 CNLJ $k Avis critique donné par le Centre national de la littérature pour la jeunesse
339    $a a
517 1  $a Cent pour cent labo
606    $3 12081574 $9 54500 $a Sciences $x Expériences $2 rameau
608    $3 12042408 $9 314947 $a Ouvrages pour la jeunesse $2 rameau
608    $a Documentaires : sciences et techniques $2 CNLJ $k Avis critique donné par le Centre national de la littérature pour la jeunesse
610 0  $a sciences -- expériences -- ouvrages pour la jeunesse (ALS)
676    $a 500.83 $v 23
686    $a 500 $2 Cadre de classement de la Bibliographie nationale française
700    $3 12348926 $9 18175 $o ISNI0000000362705439 $a Beynié $b Marc $f 1954-.... $4 070
702    $3 13087761 $9 71835 $o ISNI000000000784408X $a Roussel $b Matthieu $f 1964-.... $4 440
801  0 $a FR $b FR-751131015 $c 20041103 $g AFNOR $h FRBNF392703110000000 $2 intermrc
999    $a FRBNF392703110000000
995    $0 0 $2 0 $4 0 $5 2015-09-25 $9 327430 $P 16.90 $b MED $c MED $e MED0A $f C1300000071 $h JDT50ZZ $k EXT E/500 EXP $o 0 $p 16.90 $r PRETLIV $s EXT_E_500_000000000000000_EXP $w 5 $y 2023-07-04
995    $0 0 $2 0 $4 0 $5 2015-10-22 $9 329427 $P 16.90 $b MED $c MED $e MED2A $f C1300000631 $h JDT50ZZ $k E/500 EXP $o 0 $p 16.90 $r PRETLIV $s E_500_000000000000000_EXP $w 23 $y 2024-01-24 $A 0

