02837cam a2200373   4500
001 279392
003 http://www.mediathequederoubaix.fr/ark:/20179/KH279392
010    $a 978-2-02-118306-1 $b br. $d 21 EUR
020    $a FR $b 01570365
033    $a http://catalogue.bnf.fr/ark:/12148/cb44450504h
035    $a FRBNF444505040000007
073  0 $a 9782021183061
090    $a 279392
091    $b 20240514 $c 1 $a 2
099    $t LI $x 31 $d 2024-05-14 $c 2015-10-01
100    $a 20151112d2015    m  y0frey50      ba
101 0  $a fre
102    $a FR
105    $a ||||z   00|a|
106    $a r
181  0 $6 01 $a i  $b xxxe  
181    $6 02 $c txt $2 rdacontent
182  0 $6 01 $a n
182    $6 02 $c n $2 rdamedia
200 1  $a Marie Curie prend un amant $b Texte imprimé $f Irène Frain
210    $a Paris $c Éditions du Seuil $d DL 2015
215    $a 1 vol. (357 p.) $d 22 cm
330    $a Le 4 novembre 1911, un journal parisien à grand tirage livre à l?opinion cette nouvelle extravagante : « Marie Curie a un amant. »À l?époque, Pierre, son mari, le savant avec lequel elle a eu son premier prix Nobel en 1903, est mort depuis cinq ans. Mais Marie a le tort d?être femme, d?être célèbre, d?être une « étrangère » (elle est d?origine polonaise), d?être « juive » à en croire certains de ses pourfendeurs (ce qui n?est pas le cas).Comme le capitaine Dreyfus vingt ans plus tôt, il faut l?abattre. Et peu importe que la célèbre veuve, qui s?apprête à recevoir son deuxième prix Nobel, soit une icône de la science mondiale.Son amant, c?est Paul Langevin, ami d?Einstein, lui aussi savant d?exception, familier des Curie aux temps héroïques. Mais Paul est marié. Et l?adultère excite la presse à scandale.Pour percer le secret qui attacha si fort Marie Curie à cet homme, au risque d?y perdre sa réputation et d?y laisser la vie, Irène Frain a interrogé des lieux méconnus, des archives négligées, des photos oubliées.Et c?est une bouleversante et inédite histoire d?amour qu?elle nous donne à lire dans ce « thriller médiatique » d?une terrible modernité.Irène Frain est écrivain. Parmi ses romans les plus connus : Le Nabab (Lattès, 1982), Secret de famille (Fayard, 1989), Devi (Fayard, 1993), L?Homme fatal (Fayard, 1995), Les Naufragés de l?île Tromelin (Michel Lafon, 2009). Le Seuil a publié d?elle, en 2013, un récit très personnel : Sorti de rien
339    $a m
686    $a 803 $2 Cadre de classement de la Bibliographie nationale française
700    $3 11903346 $9 20254 $o ISNI0000000081798333 $a Frain $b Irène $f 1950-.... $4 070
801  0 $a FR $b FR-751131015 $c 20151112 $g AFNOR $h FRBNF444505040000007 $2 intermrc
999    $a FRBNF444505040000007
995    $0 0 $2 0 $4 0 $5 2015-10-01 $9 327729 $P 21.00 $b MED $c MED $e MED1A $f C2100000772 $h ALTROBI $k RB/FRA $n 2024-06-15 $o 0 $p 21.00 $r PRETLIV $s RB_FRA $w 31 $y 2024-05-04 $A 0

