01505cam a2200397   4500
001 279614
003 http://www.mediathequederoubaix.fr/ark:/20179/KH279614
010    $a 978-2-8097-1110-3 $b br. $d 23,50 EUR
020    $a FR $b 01550943
033    $a http://catalogue.bnf.fr/ark:/12148/cb44369606p
035    $a FRBNF443696060000009
039    $o OPP $a 44403167 $d 20160429
073  0 $a 9782809711103
090    $a 279614
091    $b 20240514 $c 1 $a 2
099    $t LI $x 12 $d 2024-05-14 $c 2015-10-06
100    $a 20150703d2015    m  y0frey50      ba
101 1  $a fre $c jpn
102    $a FR
105    $a ||||z   00|a|
106    $a r
181  0 $6 01 $a i  $b xxxe  
181    $6 02 $c txt $2 rdacontent
182  0 $6 01 $a n
182    $6 02 $c n $2 rdamedia
200 1  $a Soundtrack $b Texte imprimé $f Furukawa Hideo $g traduit du japonais par Patrick Honnoré...
210    $a Arles $c Éditions Philippe Picquier $d DL 2015 $e impr. en Espagne
215    $a 1 vol. (618 p.) $d 21 cm
339    $a m
454  1 $t Soundtrack
686    $a 803 $2 Cadre de classement de la Bibliographie nationale française
700    $3 16567693 $9 121175 $o ISNI0000000084774505 $a Furukawa $b Hideo $f 1966-.... $4 070
702    $3 14472553 $9 77315 $o ISNI0000000121284020 $a Honnoré $b Patrick $4 440
801  0 $a FR $b FR-751131015 $c 20150703 $g AFNOR $h FRBNF443696060000009 $2 intermrc
999    $a FRBNF443696060000009
995    $0 0 $2 0 $3 0 $4 0 $5 2015-10-06 $9 328187 $P 23.50 $b MED $c MED $e MED1A $f C2100000525 $h ALTROZZ $k R/FUR $o 0 $p 23.50 $r PRETLIV $s RFUR $w 12 $y 2019-12-28 $A 0

