01101njm0a22002412  4500
001 279744
003 http://www.mediathequederoubaix.fr/ark:/20179/KH279744
071 01 $a 88883748792 $b Jive
073  1 $a 0888837487924 $d 25,78
090    $a 279744
091    $a 1 $b 20240514 $c 0
099    $t DC $x 13 $d 2024-05-14 $c 2015-10-06
100    $a 20150917d2015    u  y0frey5003    ba
101    $a fre
200    $a Mandarine $b Enr. sonore $f Les Innocents 
210    $d 2015
215    $a 1 cd $d 12 cm $e 1 Livret (n.p.; 12 cm)
327 1  $a Les philharmonies martiennes (3:59) $a Love qui peut (3:43) $a Les souvenirs devant nous (5:25) $a Harry nilsson (2:53) $a Petite voix (4:13) $a Floués du banjo (3:49) $a J'ai couru (3:07) $a Erretegia (3:02) $a Oublier waterloo (2:59) $a Sherpa (4:42)
679    $a 099.2
710    $3 13904113 $7 ba0yba0y $8 fre    $a Les Innocents $c Groupe de musique pop) $9 627
801    $a FR $b cdmail $c 20151014 $g AFNOR
339    $a m
995    $0 0 $2 0 $4 0 $5 2015-10-06 $9 328252 $P 21.48 $b MED $c MED $e MED1A $f C3100000175 $h AMV80ZZ $k DC/099.2 INN $l contient 1 DC + 1 livret $o 0 $p 15.68 $r PRETSON $s DC_099_200000000000000_INN $w 13 $y 2022-05-03

