01661cam a2200409   4500
001 279890
003 http://www.mediathequederoubaix.fr/ark:/20179/KH279890
010    $a 978-2-36577-699-8 $b rel. $d 17,50 EUR
020    $a FR $b 01553846
033    $a http://catalogue.bnf.fr/ark:/12148/cb44383694r
035    $a FRBNF443836940000001
073  0 $a 9782365776998
090    $a 279890
091    $b 20240514 $c 1 $a 2
099    $t LI $x 43 $d 2024-05-14 $c 2015-10-08
100    $a 20150723d2015    m  y0frey50      ba
101 1  $a fre $c eng
102    $a FR
105    $a ||||t   00|a|
106    $a r
181  0 $6 01 $a i  $b xxxe   $a b  $b xb2e  
181    $6 02 $c txt $c sti $2 rdacontent
182  0 $6 01 $a n
182    $6 02 $c n $2 rdamedia
200 1  $a Passé, présent, futur $b Texte imprimé $f scénario, Scott Snyder, James Tynion IV, Marguerite Bennett... [et al.] $g dessin, Greg Capullo, Andy Kubert, Alex Mallev... [et al.]
210    $a [Paris] $c Urban comics $d DL 2015 $e impr. en Roumanie
215    $a 1 vol. (161 p.) $c ill. en coul. $d 27 cm
225 19 $a Batman $v 6
225    $a DC renaissance
339    $a m
410  0 $0 42694158 $t DC renaissance $x 2260-7013 $d 2015
461  0 $0 42707071 $t Batman $v 6
608    $a Bandes dessinées $2 CNLJ $k Avis critique donné par le Centre national de la littérature pour la jeunesse
686    $a 805 $2 Cadre de classement de la Bibliographie nationale française
801  0 $a FR $b FR-751131015 $c 20150723 $g AFNOR $h FRBNF443836940000001 $2 intermrc
999    $a FRBNF443836940000001
995    $0 0 $2 2 $4 0 $5 2022-01-08 $9 438210 $P 18.00 $b MED $c MED $e MED0C $f C2300012576 $h AAPBDCM $k BD COMICS/BAT $o 4 $p 18.00 $r PRETLIV $s BD_COMICS_BAT $w 8 $y 2023-05-16

