02482cam a2200469   4500
001 280059
003 http://www.mediathequederoubaix.fr/ark:/20179/KH280059
010    $a 979-10-235-0492-7 $b rel. $d 16 EUR
020    $a FR $b 01567990
033    $a http://catalogue.bnf.fr/ark:/12148/cb444175182
035    $a FRBNF44417518000000X
073  0 $a 9791023504927
090    $a 280059
091    $b 20240514 $c 1 $a 2
099    $t LI $x 114 $d 2024-05-14 $c 2015-10-09
100    $a 20150918d2015    a  y0frey50      ba
101 0  $a fre
102    $a FR
105    $a ||||z   00|a|
106    $a r
181  0 $6 01 $a i  $b xxxe  
181    $6 02 $c txt $2 rdacontent
182  0 $6 01 $a n
182    $6 02 $c n $2 rdamedia
200 1  $a Winston & George $b Texte imprimé $f texte de John Miller $g illustrations de Giuliano Cucco
210    $a [Paris] $c Seuil jeunesse $d DL 2015 $e impr. en Chine
215    $a 1 vol. (non paginé [44] p.) $c ill. en coul. $d 22 x 35 cm
329    $c Pourquoi pas ? $2 CNLJ $k Avis critique donné par le Centre national de la littérature pour la jeunesse
333    $a À partir de 3 ans $2 CNLJ $k Avis critique donné par le Centre national de la littérature pour la jeunesse
339    $a a
517 1  $a Winston et George
608    $a Albums $2 CNLJ $k Avis critique donné par le Centre national de la littérature pour la jeunesse
686    $a 809 $2 Cadre de classement de la Bibliographie nationale française
700    $3 17001995 $9 121297 $a Miller $b John $f 1934-.... $4 070
702    $3 17001990 $9 121298 $o ISNI0000000424869456 $a Cucco $b Giuliano $f 1929-2006 $4 440
801  0 $a FR $b FR-751131015 $c 20150918 $g AFNOR $h FRBNF44417518000000X $2 intermrc
999    $a FRBNF44417518000000X
995    $0 0 $2 0 $4 0 $5 2015-12-02 $9 332060 $P 16.00 $b MED $c MED $e MED0A $f C1300001013 $h JABEFAE $k EXT E A/MIL $o 0 $p 16.00 $r PRETLIV $s EXT_E_A_MIL $w 34 $y 2024-03-15 $8 MA068
995    $0 0 $2 0 $4 0 $5 2015-12-02 $9 332062 $P 16.00 $b MED $c MED $e MED0A $f C1300001002 $h JABEFAE $k EXT E A/MIL $n 2024-07-11 $o 0 $p 16.00 $r PRETLIV $s EXT_E_AMIL $w 6 $y 2023-09-20
995    $0 0 $2 1 $4 0 $5 2015-12-02 $9 332063 $P 16.00 $b MED $c MED $e MED0A $f C1300001003 $h JABEFAE $k EXT E A/MIL $n 2019-06-30 $o 0 $p 16.00 $r PRETLIV $s EXT_E_AMIL $w 3 $y 2017-09-30
995    $0 0 $2 0 $4 0 $5 2015-12-02 $9 332064 $P 16.00 $b MED $c MED $e MED0A $f C1300001004 $h JABEFAE $k EXT E A/MIL $n 2024-07-11 $o 0 $p 16.00 $r PRETLIV $s EXT_E_A_MIL $w 7 $y 2023-09-22
995    $0 0 $2 0 $4 0 $5 2015-12-02 $9 332065 $P 16.00 $b MED $c MED $e MED0A $f C1300001007 $h JABEFAE $k EXT E A/MIL $n 2024-06-27 $o 0 $p 16.00 $r PRETLIV $s EXT_E_A_MIL $w 20 $y 2024-04-26

