01731cam a2200409   4500
001 280170
003 http://www.mediathequederoubaix.fr/ark:/20179/KH280170
010    $a 978-2-205-07405-5 $b rel. $d 10,60 EUR
020    $a FR $b 01604991
033    $a http://catalogue.bnf.fr/ark:/12148/cb44474653c
035    $a FRBNF444746530000002
073  0 $a 9782205074055
090    $a 280170
091    $b 20240514 $c 1 $a 2
099    $t LI $x 82 $d 2024-05-14 $c 2015-10-09
100    $a 20151217d2015    a  y0frey50      ba
101 0  $a fre
102    $a FR
105    $a ||||t   00|a|
106    $a r
181  0 $6 01 $a i  $b xxxe   $a b  $b xb2e  
181    $6 02 $c txt $c sti $2 rdacontent
182  0 $6 01 $a n
182    $6 02 $c n $2 rdamedia
200 1  $a Cap vers le futur $b Texte imprimé $f texte et dessin de Bérik $g couleur de Véronique Bergèse
210    $a Paris $a Barcelone $a Bruxelles [etc] $c Dargaud $d DL 2015 $e impr. en Belgique
215    $a 1 vol. (46 p.) $c ill. en coul. $d 30 cm
225 19 $a Sylvain et Sylvette $v 61
330    $a Le savant fou du château de Catsel-Bobèche est de retour. ­Electre 2015
339    $a a
461  0 $6 65586 $t Sylvain et Sylvette $v 61
686    $a 805 $2 Cadre de classement de la Bibliographie nationale française
700    $3 13757072 $9 77451 $a Bérik $f 1967-.... $4 070
801  0 $a FR $b FR-751131015 $c 20151217 $g AFNOR $h FRBNF444746530000002 $2 intermrc
999    $a FRBNF444746530000002
995    $0 0 $2 0 $4 0 $5 2015-10-09 $9 328676 $P 10.60 $b MED $c MED $e MED0A $f C2100000466 $h JBDZZZZ $k EXT E BD/BER $n 2024-07-11 $o 0 $p 10.60 $r PRETLIV $s EXT_E_BD_BER $w 11 $y 2023-09-26
995    $0 0 $2 0 $4 0 $5 2015-10-14 $9 328932 $P 10.60 $b MED $c MED $e MED2A $f C1300000582 $h JBDSRZZ $k E BD/SERIES $n 2024-05-23 $o 0 $p 10.60 $r PRETLIV $s E_BD_SERIES $w 71 $y 2024-05-02

