01677cam a2200433   4500
001 280353
003 http://www.mediathequederoubaix.fr/ark:/20179/KH280353
010    $a 978-2-200-24333-3 $b br. $d 22 EUR
020    $a FR $b 01539334
033    $a http://catalogue.bnf.fr/ark:/12148/cb44339000b
035    $a FRBNF443390000000001
073  0 $a 9782200243333
090    $a 280353
091    $b 20240514 $c 1 $a 2
099    $t LI $x 13 $d 2024-05-14 $c 2015-10-16
100    $a 20150526d2015    m  y0frey50      ba
101 0  $a fre
102    $a FR
105    $a ||||z   00|y|
106    $a r
181  0 $6 01 $a i  $b xxxe  
181    $6 02 $c txt $2 rdacontent
182  0 $6 01 $a n
182    $6 02 $c n $2 rdamedia
200 1  $a De Gaulle $b Texte imprimé $e la passion de la France $f Chantal Morelle
210    $a Paris $c Armand Colin $d DL 2015 $e 53-Mayenne $g Impr. Jouve
215    $a 1 vol. (287 p.) $d 24 cm
225    $a Nouvelles biographies historiques
300    $a Bibliogr. p. 267-276. Index
339    $a m
410  0 $0 42282106 $t Nouvelles biographies historiques $x 2111-0018 $d 2015
600    $3 11904345 $9 5501 $a Gaulle $b Charles de $f 1890-1970 $2 rameau
608    $3 11935764 $9 107 $a Biographie $2 rameau
676    $a 944.081 092 $v 23
686    $a 920 $2 Cadre de classement de la Bibliographie nationale française
700    $3 13342447 $9 103912 $o ISNI0000000121354690 $a Morelle $b Chantal $f 1953-.... $4 070
801  0 $a FR $b FR-751131015 $c 20150526 $g AFNOR $h FRBNF443390000000001 $2 intermrc
999    $a FRBNF443390000000001
995    $0 0 $2 0 $4 0 $5 2015-10-31 $9 329893 $P 22.00 $b MED $c MED $e MED3A $f C2100001340 $h ACFHSZZ $k Doc./947 CDG $o 0 $p 22.00 $r PRETLIV $s DOC___947_000000000000000_CDG $w 13 $y 2023-10-06 $A 0

