01679cam a2200409   4500
001 280480
003 http://www.mediathequederoubaix.fr/ark:/20179/KH280480
010    $a 978-2-302-04753-2 $b rel. $d 10,95 EUR
020    $a FR $b 01556401
033    $a http://catalogue.bnf.fr/ark:/12148/cb44412431s
035    $a FRBNF444124310000003
073  0 $a 9782302047532
090    $a 280480
091    $b 20240514 $c 1 $a 2
099    $t LI $x 83 $d 2024-05-14 $c 2015-10-17
100    $a 20150910d2015    m  y0frey50      ba
101 0  $a fre
102    $a FR
105    $a ||||t   00|a|
106    $a r
181  0 $6 01 $a i  $b xxxe   $a b  $b xb2e  
181    $6 02 $c txt $c sti $2 rdacontent
182  0 $6 01 $a n
182    $6 02 $c n $2 rdamedia
200 1  $a C'est pas moi ! $b Texte imprimé $f scénario, Audrey Alwett $g dessin, Benjamin Jurdic $g couleur, Marina Duclos
210    $a Toulon $a Paris $c Soleil $d DL 2015
215    $a 1 vol. (47 p.) $c ill. en coul. $d 30 cm
225 19 $a Zoé, baby-sitter $v 1
339    $a a
461  0 $0 44426314 $t Zoé, baby-sitter $v 1
608    $a Bandes dessinées $2 CNLJ $k Avis critique donné par le Centre national de la littérature pour la jeunesse
686    $a 805 $2 Cadre de classement de la Bibliographie nationale française
700    $3 15761314 $9 97510 $o ISNI0000000121205388 $a Alwett $b Audrey $f 1982-.... $4 070
702    $3 16134858 $9 120443 $o ISNI000000007112743X $a Jurdic $b Benjamin $f 1984-.... $4 440
801  0 $a FR $b FR-751131015 $c 20150910 $g AFNOR $h FRBNF444124310000003 $2 intermrc
999    $a FRBNF444124310000003
995    $0 0 $2 1 $4 0 $5 2017-06-29 $9 362500 $b MED $c MED $e MED0A $f C2500003681 $h JBDZZZZ $k EXT E BD/ALW $n 2021-07-03 $o 0 $p 10.95 $r PRETLIV $s EXT_E_BDALW $w 1 $y 2017-09-06

