02454ngm0a22003491i 4500
001 280643
003 http://www.mediathequederoubaix.fr/ark:/20179/KH280643
010    $d 41,00 EUR
073  0 $a 3770002625217 $d 58,00 EUR
090    $a 280643
091    $a 1 $b 20240514 $c 0
099    $t VD $x 40 $d 2024-05-14 $c 2015-10-21
100    $a 20151021d2014    u  y0frey5003    ba
101    $a fre $j eng $j por
102    $a FR
200 1  $a L'astragale $b DVD $f Brigitte Sy, réal. $g Leïla Bekhti, Reda Kateb, Esther Garrel... [et al.], act. $g Serge Le Péron, Brigitte Sy, scénario $g Béatrice Thiriet, mus.
210    $c Alfama Films $d 2015
215    $a 1 DVD (1h 32min) PAL $c 16/9 compatible 4/3, Couleur, Dolby Digital 5.1
300    $a Emission Panorama : Les menottes et la plume, Lecture pour tous (émission du 7 décembre 1966), Dim dam dom (émission du 28 janvier 1966), De soleil et d'azur (émission du 19 janvier 1967), JT Montpellier : Julien Sarrazin poursuit l'enquête pour éclaicir la mort de sa femme Albertine.
300    $a Prêt + Consultation
330    $a Une nuit d'avril 1957. Albertine, 19 ans, saute du mur de la prison où elle purge une peine pour hold-up. Dans sa chute, elle se brise l'os du pied : l'astragale. Elle est secourue par Julien, repris de justice, qui l'emmène et la cache chez une amie à Paris. Pendant qu'il mène sa vie de malfrat en Province, elle réapprend à marcher dans la capitale. Julien est arrêté et emprisonné. Seule et recherchée par la police, elle se prostitue pour survivre et, de planque en planque, de rencontre en rencontre, lutte au prix de toutes les audaces pour sa fragile liberté et pour supporter la douloureuse absence de Julien... 
339    $a m
606    $2 rameau $a Cinéma $y France $z 1990-.... $x DVD
606    $2 rameau $a Drames (cinéma) $x DVD $y France
700    $4 370 $4 690 $3 15573194 $7 ba0yba0y $8 fre    $a Sy $b Brigitte $f 1956-.... $9 121519
702  0 $4 005 $a Garrel $b Esther
702    $4 005 $3 14685478 $7 ba0yba0y $8 fre    $a Kateb $b Réda $f 1977-.... $9 11783
702  0 $7 ba0yba0y $8 fre    $a   $b Béatrice $f 1960-.... $4 230 $3 14002398 $9 90984
702    $7 ba0yba0y $8 fre    $a Le Péron $b Serge $f 1948-.... $4 690 $3 14659469 $9 25285
702    $7 ba0yba0y $8 fre    $a Bekhti $b Leïla $f 1984-.... $4 005 $3 15531172 $9 36046
801  0 $a FR $b COLACO $c 20151021 $g AFNOR
995    $0 0 $2 0 $4 0 $5 2015-12-17 $9 333244 $P 41.00 $b MED $c MED $e MED1A $f C2200000618 $h AAPCIFI $k DVD/F SY $n 2024-05-28 $o 0 $p 41.00 $r PRETDVD $s DVD_F_SY $w 41 $y 2024-04-16

