02001cam a2200469   4500
001 280858
003 http://www.mediathequederoubaix.fr/ark:/20179/KH280858
010    $a 979-10-91281-58-4 $b br. $d 22 EUR
020    $a FR $b 01557267
033    $a http://catalogue.bnf.fr/ark:/12148/cb444135617
035    $a FRBNF444135610000002
039    $o OPP $a 44414118 $d 20151016
039    $o OPP $a 44415289 $d 20151016
073  0 $a 9791091281584
090    $a 280858
091    $b 20240514 $c 1 $a 2
099    $t LI $x 13 $d 2024-05-14 $c 2015-10-28
100    $a 20150911d2015    m  h0frey50      ba
101 0  $a fre
102    $a FR
105    $a ||||z   00|y|
106    $a r
181  0 $6 01 $a i  $b xxxe  
181    $6 02 $c txt $2 rdacontent
182  0 $6 01 $a n
182    $6 02 $c n $2 rdamedia
200 1  $a Construire des pratiques participatives dans les bibliothèques $b Texte imprimé $f sous la direction de Raphaëlle Bats
210    $a Villeurbanne $c Presses de l'Enssib $d DL 2015 $e 54-Nancy $g Impr. Bialec
215    $a 1 vol. (157 p.) $d 21 cm
225    $a La boîte à outils $x 1259-4857 $v 33
300    $a Bibliogr. p. 153-154. Glossaire
339    $a m
410  0 $0 34285355 $t Collection La Boîte à outils $x 1259-4857 $v 33
606    $3 13318325 $9 822 $a Bibliothèques $3 11954263 $9 70169 $x Participation des citoyens $2 rameau
606    $3 12307667 $9 36735 $a Bibliothèques $x Relations publiques $3 12432924 $9 2858 $z 1990-2020 $2 rameau
606    $3 11965522 $9 13623 $a Bibliothèques $x Administration $3 12432924 $9 2858 $z 1990-2020 $2 rameau
676    $a 026.65 $v 23
686    $a 020 $2 Cadre de classement de la Bibliographie nationale française
702    $3 16561480 $9 108878 $o ISNI0000000385383495 $a Bats $b Raphaëlle $4 651
801  0 $a FR $b FR-751131015 $c 20150911 $g AFNOR $h FRBNF444135610000002 $2 intermrc
999    $a FRBNF444135610000002
995    $0 0 $2 0 $4 0 $5 2015-12-01 $9 331797 $P 13.00 $b MED $c MED $e MED3D $f C3200000361 $h ACFBPZZ $k BIB PROF/1.45 BAT $n 2024-05-09 $o 0 $p 13.00 $r PRETLIV $s BIB_PROF1_45_000000000000000_B $w 13 $y 2024-04-18

