01919cam a2200457   4500
001 280997
003 http://www.mediathequederoubaix.fr/ark:/20179/KH280997
010    $a 2-7002-3174-0 $b br. $d 4,80 EUR
020    $a FR $b 00611668
033    $a http://catalogue.bnf.fr/ark:/12148/cb40116220g
035    $a FRBNF401162200000001
073  0 $a 9782700231748
090    $a 280997
091    $b 20240514 $c 1 $a 2
099    $t LI $x 47 $d 2024-05-14 $c 2015-11-03
100    $a 20060222d2006    a  y0frey50      ba
101 0  $a fre
102    $a FR
105    $a ||||z   00|a|
106    $a r
181  0 $6 01 $a i  $b xxxe  
181    $6 02 $c txt $2 rdacontent
182  0 $6 01 $a n
182    $6 02 $c n $2 rdamedia
200 1  $a Vive le cirque de Hugo ! $b Texte imprimé $f texte de Pakita $g images de J.-P. Chabot
210    $a Paris $c Rageot $d impr. 2006 $e 25-Baume-les-Dames $g Impr. IME
215    $a 1 vol. (28 p.) $c ill. en coul., couv. ill. en coul. $d 19 cm
225 19 $a L'école d'Agathe $v 42
225    $a Cascade $e arc-en-ciel $x 1142-8252
339    $a a
410  0 $0 34252991 $t Cascade (Paris. 1989) $x 1142-8252 $d 2006
461  0 $0 37135456 $t L'école d'Agathe $v 42
608    $a Premières lectures $2 CNLJ $k Avis critique donné par le Centre national de la littérature pour la jeunesse
608    $a Romans $2 CNLJ $k Avis critique donné par le Centre national de la littérature pour la jeunesse
676    $a 811.5 $v 23
686    $a 809 $2 Cadre de classement de la Bibliographie nationale française
700    $3 13602118 $9 308582 $o ISNI0000000003374105 $a Pakita $f 1959-.... $4 070
702    $3 12238647 $9 5777 $o ISNI0000000121281831 $a Chabot $b Jean-Philippe $f 1966-.... $4 440
801  0 $a FR $b FR-751131015 $c 20060222 $g AFNOR $h FRBNF401162200000001 $2 intermrc
999    $a FRBNF401162200000001
995    $0 0 $2 0 $4 0 $5 2015-11-03 $9 329978 $P 4.80 $b MED $c MED $e MED2A $f C2100001229 $h JRORMZZ $k PRE R/PAK $o 0 $p 4.80 $r PRETLIV $s PRE_R_PAK $w 39 $y 2024-04-14 $A 0

