01645cam a2200409   4500
001 281276
003 http://www.mediathequederoubaix.fr/ark:/20179/KH281276
010    $a 978-2-253-17670-1 $b br. $d 7,10 EUR
020    $a FR $b 01403856
033    $a http://catalogue.bnf.fr/ark:/12148/cb437380161
035    $a FRBNF437380160000006
073  0 $a 9782253176701
090    $a 281276
091    $b 20240514 $c 1 $a 2
099    $t LI $x 15 $d 2024-05-14 $c 2015-11-06
100    $a 20140106d2013    m  y0frey50      ba
101 1  $a fre $c eng
102    $a FR
105    $a ||||z   00|a|
106    $a r
181  0 $6 01 $a i  $b xxxe  
181    $6 02 $c txt $2 rdacontent
182  0 $6 01 $a n
182    $6 02 $c n $2 rdamedia
200 1  $a Le bouc émissaire $b Texte imprimé $e roman $f Daphné Du Maurier $g traduit de l'anglais par Denise Van Moppès
210    $a Paris $c Librairie générale française $d impr. 2013 $e 72-La Flèche $g Impr. CPI Brodard et Taupin
215    $a 1 vol. (478 p.) $c couv. ill. $d 18 cm
225    $a Le livre de poche $v 33227
339    $a m
410  0 $0 34228560 $t Le Livre de poche $x 0248-3653 $v 33227
454  1 $t The scapegoat
686    $a 803 $2 Cadre de classement de la Bibliographie nationale française
700    $3 11900717 $9 3151 $o ISNI0000000121244061 $a Du Maurier $b Daphne $f 1907-1989 $4 070
702    $3 11927610 $9 290230 $o ISNI0000000066329555 $a Van Moppès $b Denise $f 1902-1968 $4 730
801  0 $a FR $b FR-751131015 $c 20140106 $g AFNOR $h FRBNF437380160000006 $2 intermrc
999    $a FRBNF437380160000006
995    $0 0 $2 0 $4 0 $5 2015-11-21 $9 331020 $P 7.10 $b MED $c MED $e MED1A $f C2100002008 $h ALTROZZ $k R/DUM $o 0 $p 7.10 $r PRETLIV $s R_DUM $w 15 $y 2023-04-19 $A 0

