01543cam a2200373   4500
001 281392
003 http://www.mediathequederoubaix.fr/ark:/20179/KH281392
010    $a 978-2-07-011448-1 $b br. $d 11 EUR
020    $a FR $b 01602168
033    $a http://catalogue.bnf.fr/ark:/12148/cb444461577
035    $a FRBNF444461570000002
073  0 $a 9782070114481
090    $a 281392
091    $b 20240514 $c 1 $a 2
099    $t LI $x 15 $d 2024-05-14 $c 2015-11-06
100    $a 20151105d2015    m  y0frey50      ba
101 0  $a fre
102    $a FR
105    $a ||||z   00|y|
106    $a r
181  0 $6 01 $a i  $b xxxe  
181    $6 02 $c txt $2 rdacontent
182  0 $6 01 $a n
182    $6 02 $c n $2 rdamedia
200 1  $a Noireclaire $b Texte imprimé $f Christian Bobin
210    $a [Paris] $c Gallimard $d DL 2015 $e 53-Mayenne $g Impr. Floch
215    $a 1 vol. (74 p.) $d 24 cm
330    $a Le narrateur rend hommage à une femme qu'il a aimée, disparue vingt ans auparavant. Evoquant tour à tour le visage de son père, la mort de Kafka, un poète chinois du IVe siècle, il décrit cet amour disparu. ­Electre 2015
339    $a m
686    $a 804 $2 Cadre de classement de la Bibliographie nationale française
700    $3 11892471 $9 1699 $o ISNI0000000108893163 $a Bobin $b Christian $f 1951-2022 $4 070
801  0 $a FR $b FR-751131015 $c 20151105 $g AFNOR $h FRBNF444461570000002 $2 intermrc
999    $a FRBNF444461570000002
995    $0 0 $2 0 $3 0 $4 0 $5 2015-11-06 $9 330419 $P 11.00 $b MED $c MED $e MED1A $f C2200000114 $h ALTROZZ $k R/BOB $o 0 $p 11.00 $r PRETLIV $s RBOB $w 15 $y 2023-08-19 $A 0

