01608cam a2200421   4500
001 281537
003 http://www.mediathequederoubaix.fr/ark:/20179/KH281537
010    $a 978-2-84666-955-9 $b br. $d 22 EUR
020    $a FR $b 01555835
033    $a http://catalogue.bnf.fr/ark:/12148/cb444168446
035    $a FRBNF444168440000001
073  0 $a 9782846669559
090    $a 281537
091    $b 20240514 $c 1 $a 2
099    $t LG $x 18 $d 2024-05-14 $c 2015-11-12
100    $a 20150917d2015    m  y0frey50      ba
101 0  $a fre
102    $a FR
105    $a ||||z   00|a|
106    $a d
181  0 $6 01 $a i  $b xxxe  
181    $6 02 $c txt $2 rdacontent
182  0 $6 01 $a n
182    $6 02 $c n $2 rdamedia
200 1  $a Humeur noire à Venise $b Texte imprimé $f Olivier Barde-Cabuçon
205    $a [Éd. en gros caractères]
210    $a Cergy-Pontoise $c À vue d'oeil $d DL 2015 $e 63-Clermont-Ferrand $g Impr. la Source d'or
215    $a 1 vol. (452 p.) $d 24 cm
225 19 $a Une enquête du commissaire aux morts étranges
225    $a 16-17 $e suspense
339    $a m
410  0 $0 41366923 $t 16-17 $x 1968-5068 $d 2015
461  0 $0 44204838 $t Une enquête du commissaire aux morts étranges
686    $a 803 $2 Cadre de classement de la Bibliographie nationale française
700    $3 15069910 $9 87545 $o ISNI0000000012084089 $a Barde-Cabuçon $b Olivier $4 070
801  0 $a FR $b FR-751131015 $c 20150917 $g AFNOR $h FRBNF444168440000001 $2 intermrc
999    $a FRBNF444168440000001
995    $0 0 $2 0 $4 0 $5 2015-11-17 $9 330707 $P 22.00 $b MED $c MED $e MED1A $f C2100001583 $h ALTLVZZ $k LV RP/BAR $o 0 $p 22.00 $r PRETLIV $s LV_RP_BAR $w 18 $y 2022-10-01

