02290cam a22004333  4500
001 281676
003 http://www.mediathequederoubaix.fr/ark:/20179/KH281676
010    $a 978-2-7118-6266-5 $b rel.
033    $a http://catalogue.bnf.fr/ark:/12148/cb44414119k
035    $a FRBNF444141190000001
090    $a 281676
091    $a 2 $b 20240509 $c 1
099    $t LI $x 6 $d 2024-05-09 $c 2015-11-17
100    $a 20150914d2015    m  y0frey50      ba
101 0  $a fre
102    $a FR
105    $a ||||z   00|||
106    $a r
181  0 $6 01 $a i  $b xxxe  
181    $6 02 $c txt $2 rdacontent
182  0 $6 01 $a n
182    $6 02 $c n $2 rdamedia
200 1  $a Picasso. mania $b Texte imprimé $e [exposition] Paris, Grand Palais, Galeries nationales, 7 octobre 2015 - 29 février 2016 $f [Commissariat général Didier Ottinger] $g [Commissariat Diana Widmaier-Picasso, Emilie Bouvard]
210    $a Paris $c RMN-Grand Palais $d DL 2015
215    $a 1 vol. (339 p.) $c ill. en noir et en coul. $d 30 cm
300    $a Bibliogr. p. 313-319
330    $a Exposition consacrée à la réception critique et artistique des oeuvres de Picasso par les artistes contemporains ainsi qu'à l'influence du peintre espagnol sur leur production, avec une présentation des peintures du maître mises en parallèle avec les oeuvres modernes de Lichtenstein, Hockney, Warhol ou Jeff Koons. ­Electre 2015
339    $a m
503 1  $a Exposition $m Paris $n Galeries nationales du Grand Palais $j 2015 $j 2016
600    $3 11919660 $9 18128 $a Picasso $b Pablo $f 1881-1973 $3 11975790 $9 3575 $x Influence $2 rameau
606    $3 11934767 $9 3576 $a Art $z 20e siècle $2 rameau
606    $3 16695331 $9 300091 $a Art $z 21e siècle $2 rameau
608    $3 11938837 $9 136 $a Catalogues d'exposition $2 rameau
702    $3 12167203 $9 16328 $o ISNI0000000121245347 $a Ottinger $b Didier $f 1957-.... $4 273
702    $3 15065889 $9 121874 $o ISNI0000000120279764 $a Widmaier-Ruiz-Picasso $b Diana $f 1974-.... $4 273
702    $3 16701021 $9 96156 $o ISNI0000000427599199 $a Bouvard $b Émilie $f 1980-.... $4 273
801  0 $a FR $b FR-751131015 $c 20150914 $g AFNOR $h FRBNF444141190000001 $2 intermrc
999    $a FRBNF444141190000001
995    $0 0 $2 0 $4 0 $5 2015-11-19 $9 330879 $P 49.00 $b MED $c MED $e MED1A $f C1300000790 $h AAPATAP $k Doc./751 PIC $o 0 $p 49.00 $r PRETLIV $s DOC__751_000000000000000_PIC $w 6 $y 2024-03-02

