01502cam a2200409   4500
001 281802
003 http://www.mediathequederoubaix.fr/ark:/20179/KH281802
010    $a 978-2-36360-314-2 $b br. $d 20,50 EUR
020    $a FR $b 01559216
033    $a http://catalogue.bnf.fr/ark:/12148/cb444184797
035    $a FRBNF444184790000004
073  0 $a 9782363603142
090    $a 281802
091    $b 20240514 $c 1 $a 2
099    $t LG $x 17 $d 2024-05-14 $c 2015-11-20
100    $a 20150921d2015    m  y0frey50      ba
101 0  $a fre
102    $a FR
105    $a ||||z   00|a|
106    $a d
181  0 $6 01 $a i  $b xxxe  
181    $6 02 $c txt $2 rdacontent
182  0 $6 01 $a n
182    $6 02 $c n $2 rdamedia
200 1  $a L'étrangère $b Texte imprimé $f Valérie Toranian
205    $a [Éd.] en gros caractères
210    $a Versailles $c Feryane $d DL 2015 $e 14-Condé-sur-Noireau $g Impr. Corlet numérique
215    $a 1 vol. (304 p.) $d 22 cm
225    $a Roman
300    $a Bibliogr., webliogr. 5 p.
339    $a m
410  0 $0 34289344 $t Roman (Versailles) $x 1959-3287 $d 2015
686    $a 803 $2 Cadre de classement de la Bibliographie nationale française
700    $3 14587522 $9 2692 $o ISNI0000000049736087 $a Toranian $b Valérie $f 1962-.... $4 070
801  0 $a FR $b FR-751131015 $c 20150921 $g AFNOR $h FRBNF444184790000004 $2 intermrc
999    $a FRBNF444184790000004
995    $0 0 $2 0 $4 0 $5 2015-11-20 $9 330954 $P 20.50 $b MED $c MED $e MED1A $f C2200000129 $h ALTLVZZ $k LV R/TOR $o 0 $p 20.50 $r PRETLIV $s LV_R_TOR $w 17 $y 2019-08-30

