01642njm0a22003372  4500
001 281940
003 http://www.mediathequederoubaix.fr/ark:/20179/KH281940
071 01 $a 4795315 $b Decca
073  1 $a 0028947953159 $d 50,12
090    $a 281940
091    $a 1 $b 20240510 $c 0
099    $t DC $x 5 $d 2024-05-10 $c 2015-11-21
100    $a 20151116d2015    u  y0frey5003    ba
101    $a fre
200    $a Orfeo ed Euridice $b Enr. sonore $f Christoph Willibald Gluck, comp. $g Franco Fagioli, CT $g Malin Hartelius, S $g Emmanuelle De Negri, S $g Insula Orchestra $g Accentus $g Laurence Equilbey, dir.
210    $d 2015
215    $a 3 cd $d 12 cm $e 1 Livret (67 p.; 12 cm)
327    $a CD1 : Orphéo - Highlight of the versions for Vienne (1762) and Paris (1774) $a CD 2 : Orphéo ed Euridice - Complete recording of the original version (Vienna 1762) $a CD 3 : Orphéo ed Euridice - Complete recording of the original version (Vienna 1762)
606    $2 rameau $a Opéras $x Disques
608  1 $a Opéra (intégrale), festa teatrale
679    $a 3 $c 35
700  1 $a Gluck $b Christoph Willibald von $f 1714-1787
702  1 $a Hartelius $b Malin $f 1961-.... $3 14041197 $9 293194
702  1 $a De Negri $b Emmanuelle
702    $7 ba0yba0y $8 fre    $a Équilbey $b Laurence $f 1962-.... $3 13965841 $9 40410
712 02 $a Insula Orchestra
712 02 $a Accentus
702    $7 ba0yba0y $8 fre    $a Fagioli $b Franco $f 1981-.... $3 15014205 $9 38932
801    $a FR $b cdmail $c 20151229 $g AFNOR
339    $a m
995    $0 0 $2 0 $4 0 $5 2015-12-29 $9 333731 $P 36.59 $b MED $c MED $e MED1A $f C3100000583 $h AMV30ZZ $k DC/3 GLU OPERA $l contient 3 DC + 1 livret $o 0 $p 36.59 $r PRETSON $s DC_3_000000000000000_GLU_OPERA $w 5 $y 2023-12-12

