01712cam a2200313   4500
001 282076
003 http://www.mediathequederoubaix.fr/ark:/20179/KH282076
010    $a 978-2-0706-6549-5 $d 10,50 EUR
090    $a 282076
091    $a 0 $b 20220403 $c 0
099    $t LI $x 178 $d 2024-04-23 $c 2015-11-25
100    $a 20151110d2015    a  y0frey50      ba
101 0  $a fre
102    $a FR
105    $a ||||z   00|||
106    $a r
200 1  $a Akissi $b Texte imprimé $h 6 $i Sans amis
210    $c Gallimard - Bande dessinée $d 2015
225 19 $a Akissi $v 6
339    $a a
700    $3 15035725 $4 070 $7 ba0yba0y $8 fre    $a Abouet $b Marguerite $f 1971-.... $9 85828
701    $3 14406892 $4 070 $7 ba0yba0y $8 fre    $a Sapin $b Mathieu $f 1974-.... $9 66229
702    $3 12387867 $4 100 $7 ba0yba0y $8 fre    $a Oubrerie $b Clément $f 1966-.... $9 27734
801  0 $a FR $b FR-751131015 $c 20151110 $g AFNOR $h FRBNF44449753000000X $2 intermrc
995    $0 3 $2 1 $4 0 $5 2015-12-04 $9 332404 $P 10.50 $b MED $c MED $e MED2A $f C2100001864 $h JBDSRZZ $k E BD/SERIES $n 2018-10-03 $o 4 $p 10.50 $r PRETLIV $s E_BD_SERIES $w 40 $y 2018-09-12
995    $0 0 $2 0 $4 0 $5 2015-12-09 $9 332703 $P 10.50 $b MED $c MED $e MED0A $f C1300001056 $h JBDZZZZ $k EXT E BD/ABO $n 2024-07-10 $o 0 $p 10.50 $r PRETLIV $s EXT_E_BD_ABO $w 6 $y 2023-09-21
995    $0 0 $2 0 $4 0 $5 2016-06-10 $9 342763 $P 10.50 $b MED $c MED $e MED0A $f C2100006348 $h JBDZZZZ $k EXT E BD/ABO $n 2024-07-13 $o 0 $p 10.50 $r PRETLIV $s EXT_E_BD_ABO $w 7 $y 2023-09-14
995    $0 0 $2 0 $4 0 $5 2016-09-13 $9 347980 $P 10.50 $V 6 $b BUS $c BUS $e BUS1A $f C2200003314 $h JBDSRZZ $k BUS E BD/AKI $o 0 $p 10.50 $r PRETLIV $s BUS_E_BD_AKI $u Dernières pages gribouillées $w 72 $y 2024-01-03
995    $0 0 $2 0 $4 0 $5 2022-02-24 $9 440139 $P 10.50 $b MED $c MED $e MED2A $f C2500026703 $h JBDSRZZ $k E BD/SERIES $o 0 $p 10.50 $r PRETLIV $s E_BD_SERIES $w 41 $y 2024-05-16

