01452cam a2200385   4500
001 282216
003 http://www.mediathequederoubaix.fr/ark:/20179/KH282216
010    $a 978-2-08-125053-6 $b br. $d 19 EUR
020    $a FR $b 01109720
033    $a http://catalogue.bnf.fr/ark:/12148/cb423703654
035    $a FRBNF423703650000002
073  0 $a 9782081250536
090    $a 282216
091    $b 20240514 $c 1 $a 2
099    $t LI $d 2024-05-14 $c 2015-11-27
100    $a 20110216d2011    m  y0frey50      ba
101 0  $a fre
102    $a FR
105    $a ||||z   00|a|
106    $a r
181  0 $6 01 $a i  $b xxxe  
181    $6 02 $c txt $2 rdacontent
182  0 $6 01 $a n
182    $6 02 $c n $2 rdamedia
200 1  $a Poésies premières $b Texte imprimé $e 1997-2000 $f Philippe Beck... $g postface inédite de l'auteur
210    $a Paris $c Flammarion $d impr. 2011 $e 53-Mayenne $g Impr. Floch
215    $a 1 vol. (280 p.) $c couv. ill. $d 20 cm
225    $a Poésie-Flammarion
339    $a m
410  0 $0 34234570 $t Poésie (Paris. 1966) $x 0768-1038 $d 2011
686    $a 801 $2 Cadre de classement de la Bibliographie nationale française
700    $3 12508477 $9 51624 $o ISNI0000000078260970 $a Beck $b Philippe $f 1963-.... $4 070
801  0 $a FR $b FR-751131015 $c 20110216 $g AFNOR $h FRBNF423703650000002 $2 intermrc
999    $a FRBNF423703650000002
995    $0 0 $2 0 $4 0 $5 2015-11-27 $9 331565 $P 19.00 $b MED $c MED $e MED1A $f C2200000447 $h ALTPOZZ $k P/BEC $o 0 $p 19.00 $r PRETLIV $s PBEC $w 0 $y 2015-12-12

