01954cam a2200433   4500
001 282331
003 http://www.mediathequederoubaix.fr/ark:/20179/KH282331
010    $a 978-2-37102-035-1 $b br. $d 15 EUR
020    $a FR $b 01525368
033    $a http://catalogue.bnf.fr/ark:/12148/cb442907930
035    $a FRBNF442907930000007
073  0 $a 9782371020351
090    $a 282331
091    $b 20240514 $c 1 $a 2
099    $t LI $x 89 $d 2024-05-14 $c 2015-12-02
100    $a 20150306d2015    a  y0frey50      ba
101 1  $a fre $c eng
102    $a FR
105    $a ||||z   00|a|
106    $a r
181  0 $6 01 $a i  $b xxxe  
181    $6 02 $c txt $2 rdacontent
182  0 $6 01 $a n
182    $6 02 $c n $2 rdamedia
200 1  $a The book of Ivy $b Texte imprimé $f Amy Engel $g traduit de l'anglais (États-Unis) par Anaïs Goacolou
210    $a [Paris] $c Lumen $d DL 2015 $e 86-Ligugé $g Aubin impr.
215    $a 1 vol. (341 p.) $d 23 cm
329    $c Pourquoi pas ? $2 CNLJ $k Avis critique donné par le Centre national de la littérature pour la jeunesse
333    $a À partir de 13 ans $2 CNLJ $k Avis critique donné par le Centre national de la littérature pour la jeunesse
339    $a m
454  1 $t The book of Ivy
608    $a Romans $2 CNLJ $k Avis critique donné par le Centre national de la littérature pour la jeunesse
686    $a 809 $2 Cadre de classement de la Bibliographie nationale française
700    $3 16959788 $9 122009 $o ISNI0000000444385002 $a Engel $b Amy $4 070
702    $3 16215923 $9 118198 $o ISNI000000008695303X $a Goacolou $b Anaïs $4 730
801  0 $a FR $b FR-751131015 $c 20150306 $g AFNOR $h FRBNF442907930000007 $2 intermrc
999    $a FRBNF442907930000007
995    $0 0 $2 0 $4 0 $5 2018-11-29 $9 385527 $b MED $c MED $e MED1A $f C2500011013 $h ALTROAD $k ADO + R/ENG $o -3 $p 15.00 $r PRETLIV $s ADO__R_ENG $u double $w 8 $y 2022-01-08 $A 0
995    $0 0 $2 0 $4 0 $5 2021-12-21 $9 437302 $b MED $c MED $e MED1A $f C1400012131 $h ALTROAD $k ADO+ R/ENG $o 0 $p 6.95 $r PRETLIV $s ADO__R_ENG $w 11 $y 2024-04-18 $A 0

