01932ngm0a22003491i 4500
001 282469
003 http://www.mediathequederoubaix.fr/ark:/20179/KH282469
010    $d 43,00 EUR
073  0 $a 3545020038949 $d 61,00 EUR
090    $a 282469
091    $a 1 $b 20240510 $c 0
099    $t VD $x 26 $d 2024-05-10 $c 2015-12-03
100    $a 20151203d2015    u  y0frey5003    ba
101    $a eng $j fre
102    $a NL
200 1  $a Que viva Eisenstein ! $b DVD $f Peter Greenaway, réal. $g Maya Zapata, Elmer Bäck, Luis Alberti... [et al.], act. $g Peter Greenaway, scénario
210    $c Pyramide Vidéo $d 2015
215    $a 1 DVD (100 min) PAL $c 16/9 compatible 4/3, Couleur, Dolby Digital 2.0, 5.1
300    $a Prêt + Consultation
300    $a Que viva Greenaway ! : entretien avec le réalisateur.
330    $a En 1931, fraîchement éconduit par Hollywood et sommé de rentrer en URSS, le cinéaste Sergueï Eisenstein se rend à Guanajuato, au Mexique, pour y tourner son nouveau film, "Que viva Mexico !". Chaperonné par son guide Palomino Cañedo, il se brûle au contact d'Eros et de Thanatos. Son génie créatif s'en trouve exacerbé et son intimité fortement troublée. Confronté aux désirs et aux peurs inhérents à l'amour, au sexe et à la mort, Eisenstein vit à Guanajuato dix jours passionnés qui vont bouleverser le reste de sa vie. 
333    $a Accord parental
510 1  $a Eisenstein in Guanajuato
606    $a Cinéma $y Mexique $z 1990-.... $x DVD $2 rameau
606    $a Films biographiques $x DVD $y Mexique $2 rameau
702  0 $a Alberti $b Luis $f 1981-.... $4 005
702  0 $a Bäck $b Elmer $f 1981-.... $4 005
702  0 $a Zapata $b Maya $f 1981-.... $4 005
700  0 $7 ba0yba0y $8 fre    $a Greenaway $b Peter $f 1942-.... $4 370 $4 690
801  0 $a FR $b COLACO $c 20151203 $g AFNOR
339    $a m
995    $0 0 $2 0 $4 0 $5 2015-12-15 $9 333164 $P 43.00 $b MED $c MED $e MED1A $f C2200000525 $h AAPCIFI $k DVD/F GRE $o 0 $p 43.00 $r PRETDVD $s DVD_F_GRE $w 26 $y 2024-05-04

