01577cam a2200385   4500
001 282602
003 http://www.mediathequederoubaix.fr/ark:/20179/KH282602
010    $a 978-2-344-00677-1 $b rel. $d 13,90 EUR
020    $a FR $b 01567764
033    $a http://catalogue.bnf.fr/ark:/12148/cb44440998k
035    $a FRBNF444409980000001
073  0 $a 9782344006771
090    $a 282602
091    $b 20240514 $c 1 $a 2
099    $t LI $x 22 $d 2024-05-14 $c 2015-12-05
100    $a 20151028d2015    m  y0frey50      ba
101 0  $a fre
102    $a FR
105    $a ||||t   00|a|
106    $a r
181  0 $6 01 $a i  $b xxxe   $a b  $b xb2e  
181    $6 02 $c txt $c sti $2 rdacontent
182  0 $6 01 $a n
182    $6 02 $c n $2 rdamedia
200 1  $a Hyver 1709 $h Livre 1 $b Texte imprimé $f scénario, Nathalie Sergeef $g dessin & scénario, Philippe Xavier $g couleurs, Jean-Jacques Chagnaud $g sur une idée originale de Philippe Xavier
210    $a Grenoble $c Glénat $d DL 2015 $e impr. en Belgique
215    $a 1 vol. (50 p.) $c ill. en coul. $d 32 cm
339    $a m
461  0 $0 44460506 $t Hyver 1709 $v 1
686    $a 805 $2 Cadre de classement de la Bibliographie nationale française
700    $3 16625672 $9 12276 $o ISNI0000000382829332 $a Sergeef $b Nathalie $4 070
702    $3 14528453 $9 89170 $o ISNI0000000059418592 $a Xavier $b Philippe $f 1969-.... $4 440
801  0 $a FR $b FR-751131015 $c 20151028 $g AFNOR $h FRBNF444409980000001 $2 intermrc
999    $a FRBNF444409980000001
995    $0 0 $2 0 $4 0 $5 2015-12-11 $9 332828 $P 13.90 $b MED $c MED $e MED0C $f C2100002473 $h AAPBDZZ $k BD/SER $o 0 $p 13.90 $r PRETLIV $s BD_SER $w 22 $y 2023-04-25

