01516cam a2200385   4500
001 282745
003 http://www.mediathequederoubaix.fr/ark:/20179/KH282745
010    $a 978-2-226-31511-3 $b br. $d 14,50 EUR
020    $a FR $b 01568477
033    $a http://catalogue.bnf.fr/ark:/12148/cb44443371m
035    $a FRBNF444433710000009
073  0 $a 9782226315113
090    $a 282745
091    $b 20240515 $c 1 $a 2
099    $t LI $x 9 $d 2024-05-15 $c 2015-12-10
100    $a 20151102d2015    m  y0frey50      ba
101 0  $a fre
102    $a FR
105    $a ||||z   00|y|
106    $a r
181  0 $6 01 $a i  $b xxxe  
181    $6 02 $c txt $2 rdacontent
182  0 $6 01 $a n
182    $6 02 $c n $2 rdamedia
200 1  $a Palmyre $b Texte imprimé $e l'irremplaçable trésor $f Paul Veyne
210    $a Paris $c Albin Michel $d DL 2015 $e 18-Saint-Amand-Montrond $g Impr. CPI Bussière
215    $a 1 vol. (140 p.-[8] p. de pl. ) $c ill. en coul. $d 19 cm
339    $a m
607    $3 11945601 $9 66904 $a Palmyre (Syrie ; ville ancienne) $3 11934444 $9 494 $x Histoire $2 rameau
676    $a 939.43 $v 23
686    $a 930 $2 Cadre de classement de la Bibliographie nationale française
700    $3 11928105 $9 4853 $o ISNI0000000121468866 $a Veyne $b Paul $f 1930-2022 $4 070
801  0 $a FR $b FR-751131015 $c 20151102 $g AFNOR $h FRBNF444433710000009 $2 intermrc
999    $a FRBNF444433710000009
995    $0 0 $2 0 $4 0 $5 2015-12-10 $9 332779 $P 14.50 $b MED $c MED $e MED3A $f C2100002543 $h ACFHSZZ $k Doc./929 XYZ $o 0 $p 14.50 $r PRETLIV $s DOC___929_000000000000000_XYZ $w 9 $y 2022-01-11

