01346nam a2200277   4500
001 282861
003 http://www.mediathequederoubaix.fr/ark:/20179/KH282861
090    $a 282861
091    $a 0
099    $t LI $d 2022-08-27
100    $a 20151201d    1861u||y0frey50      ba
101    $a fre
200    $a Histoire universelle de l'Église catholique $h Tome vingt-cinquième $f par l'abbé Rohrbacher $g augmentée de notes inédites de l'auteur colligées par A. Murcier,... $c précédée d'une Notice biographique et littéraire $f par Charles Sainte-Foi $c et suivie d'un atlas géographique spécialement dressé pour l'ouvrage $f par A. H. Dufour
205    $a 3e éd.
210    $a Paris $c Gaume frères et J. Duprey $d 1859
215    $a 696 p. $d 23 cm
300    $a Cachet de la Bibliothèque de la ville de Roubaix
304    $a Prénom des auteurs d'après BN Opale +
606    $7 ba0yba0y $8 fre    $a Église catholique $x Histoire $9 23628
700    $9 234861 $a Rohrbacher $b René François $f 1789-1856
702    $9 234862 $4 570 $a Murcier $b A. 
702    $9 234863 $4 570 $a Sainte-Foi $b Charles 
702    $9 234864 $a Dufour $b Auguste-Henri $f 1798-1865
801    $a FR $b 595126101 $c 20151201 $g AFNOR
339    $a m
995    $0 0 $2 0 $4 0 $5 2015-12-12 $9 333068 $b MED $c MED $e MED3I $f c0005783052 $h PPEFGZZ $k MAG L/P 8/ 117 299 $o 2 $r PRETLIV $s MAG_LP_8_117000000000000_299 $w 0 $y 2015-12-12

