01534njm0a22002892  4500
001 282992
003 http://www.mediathequederoubaix.fr/ark:/20179/KH282992
071 01 $a LDV24 $b La Dolce Volta
073  1 $a 3770001901435 $d 25,64
090    $a 282992
091    $a 2 $b 20240515 $c 0
099    $t LS $x 14 $d 2024-05-15 $c 2015-12-17
100    $a 20151215d2015    u  y0frey5003    ba
101    $a fre
200    $a Babar et le père Noël $b Enr. sonore $f  Jean De Brunhoff, comp. $g Natalie Dessay, narratrice $g Shani Diluka, p
210    $d 2015
215    $a 1 cd $d 12 cm $e 1 Livre-collé (57 p.;19 cm)
327    $a La lettre au père Noël (5:30) $a Babar part à la recherche du père Noël (4:29) $a Rencontre avec les souris (3:33) $a Rencontre avec les moineaux (5:25) $a Enfin une bonne piste : la bohème (2:56) $a Rencontre avec Duck (8:41) $a La caverne du père Noël (3:52) $a Le père Noël au pays des éléphants (2:02) $a Un beau Noël (4:51)
606    $2 rameau $a Contes musicaux $x Disques $3 12426850 $9 2262
606    $2 rameau $a Noëls $x Enregistrements sonore pour la jeunesse
679    $a 752
700    $7 ba0yba0y $8 fre    $a Brunhoff $b Jean de $f 1899-1937 $3 11894365 $9 309560
702    $3 13968987 $7 ba0yba0y $8 fre    $a Dessay $b Natalie $f 1965-.... $9 34575
702    $7 ba0yba0y $8 fre    $a Diluka $b Shani $f 1976-.... $3 15885861 $9 92193
801    $a FR $b cdmail $c 20151217 $g AFNOR
339    $a a
995    $0 0 $2 0 $4 0 $5 2015-12-17 $9 333292 $P 18.72 $b MED $c MED $e MED2C $f C3100000678 $h JABHLZZ $k E LS C/BRU $l contient 1 DC + 1 livre $o 0 $p 18.72 $r PRETLIV $s E_LS_C_BRU $w 14 $y 2024-01-13

