02481cam a2200505   4500
001 283135
003 http://www.mediathequederoubaix.fr/ark:/20179/KH283135
010    $a 978-2-7459-7475-4 $b rel. $d 7,40 EUR
020    $a FR $b 01572730
033    $a http://catalogue.bnf.fr/ark:/12148/cb44411235c
035    $a FRBNF444112350000007
073  0 $a 9782745974754
090    $a 283135
091    $b 20240515 $c 1 $a 2
099    $t LI $x 96 $d 2024-05-15 $c 2015-12-19
100    $a 20150909d2015    a  y0frey50      ba
101 0  $a fre
102    $a FR
105    $a ||||z   00|y|
106    $a r
181  0 $6 01 $a i  $b xxxe  
181    $6 02 $c txt $2 rdacontent
182  0 $6 01 $a n
182    $6 02 $c n $2 rdamedia
200 1  $a Les maîtres et les maîtresses $b Texte imprimé $f texte de Stéphanie Ledu $g illustrations de Magali Clavelet
210    $a Toulouse $c Milan $d DL 2015 $e impr. en Chine
215    $a 1 vol. (29 p.) $c ill. en coul. $d 20 cm
225    $a Mes p'tits docs $e 3-6 ans
329    $c Intéressant $2 CNLJ $k Avis critique donné par le Centre national de la littérature pour la jeunesse
333    $a À partir de 3 ans $2 CNLJ $k Avis critique donné par le Centre national de la littérature pour la jeunesse
339    $a a
410  0 $0 40080182 $t Mes p'tits docs $x 1776-6729 $d 2015
606    $3 11935237 $9 6496 $a Professeurs des écoles $2 rameau
606    $3 11948031 $9 19190 $a Écoles $2 rameau
608    $3 12042408 $9 314947 $a Ouvrages pour la jeunesse $2 rameau
608    $a Documentaires : sciences humaines $2 CNLJ $k Avis critique donné par le Centre national de la littérature pour la jeunesse
676    $a 372.110 083 $v 23
686    $a 370 $2 Cadre de classement de la Bibliographie nationale française
700    $3 13566085 $9 34811 $o ISNI0000000120178891 $a Ledu $b Stéphanie $f 1966-.... $4 070
702    $3 14438738 $9 66620 $o ISNI0000000003391490 $a Clavelet $b Magali $f 1978-.... $4 440
801  0 $a FR $b FR-751131015 $c 20150909 $g AFNOR $h FRBNF444112350000007 $2 intermrc
999    $a FRBNF444112350000007
995    $0 3 $2 1 $4 0 $5 2017-12-05 $9 368891 $b BUS $c BUS $e BUS1A $f C2500007080 $h JDTPFZZ $k BUS PE DOC $n 2019-10-10 $o 4 $p 7.40 $r PRETLIV $s BUS_PE_DOC $w 21 $y 2019-09-19 $A 0
995    $0 0 $2 0 $3 0 $4 0 $5 2023-08-23 $9 464810 $P 7.90 $b MED $c MED $e MED0A $f C3500018668 $h JDT30ZZ $k EXT E/361 PRO $o 0 $r PRETLIV $s EXT_E_361_000000000000000_PRO $w 1 $y 2023-10-19 $A 0
995    $0 0 $2 0 $3 0 $4 0 $5 2023-09-26 $9 466152 $P 7.60 $b MED $c MED $e MED2A $f C2500033586 $h JDTPFZZ $k PE DOC $n 2024-06-30 $o 0 $p 7.60 $r PRETLIV $s PE_DOC $w 10 $y 2024-05-19 $A 0

