02128cam a2200445   4500
001 283270
003 http://www.mediathequederoubaix.fr/ark:/20179/KH283270
010    $a 978-2-258-13029-6 $b br. $d 21 EUR
020    $a FR $b 01613784
033    $a http://catalogue.bnf.fr/ark:/12148/cb445113961
035    $a FRBNF445113960000000
073  0 $a 9782258130296
090    $a 283270
091    $b 20240515 $c 1 $a 2
099    $t LI $x 29 $d 2024-05-15 $c 2015-12-30
100    $a 20160219d2016    m  y0frey50      ba
101 1  $a fre $c eng
102    $a FR
105    $a ||||z   00|a|
106    $a r
181  0 $6 01 $a i  $b xxxe  
181    $6 02 $c txt $2 rdacontent
182  0 $6 01 $a n
182    $6 02 $c n $2 rdamedia
200 1  $a Vertigo 42 $b Texte imprimé $f Martha Grimes $g traduit de l'anglais (États-Unis) par Nathalie Serval
210    $a [Paris] $c Presses de la Cité $d impr. 2016 $e impr. en Allemagne
215    $a 1 vol. (424 p.) $d 23 cm
225    $a Sang d'encre
300    $a La couv. porte en plus : "une enquête du commissaire Jury"
330    $a Persuadé que la chute mortelle de sa femme n'est pas accidentelle, Tom Williamson demande à l'inspecteur Jury de rouvrir l'enquête. A l'époque, une petite fille était morte dans leur jardin et Tom est persuadé que sa femme a été assassinée à cause de ce mystérieux décès. Jury débute l'enquête en cherchant les témoins de l'époque et au même moment, deux meurtres ont lieu dans la région. ­Electre 2015
339    $a m
410  0 $0 38953180 $t Sang d'encre (Paris) $x 1639-3031 $d 2016
454  1 $t Vertigo 42
461  0 $6 297657 $t Une enquête de Richard Jury
686    $a 803 $2 Cadre de classement de la Bibliographie nationale française
700    $3 11905928 $9 20296 $o ISNI0000000108789454 $a Grimes $b Martha $f 1931-.... $4 070
702    $3 12039598 $9 7628 $o ISNI0000000000845792 $a Serval $b Nathalie $4 730
801  0 $a FR $b FR-751131015 $c 20160219 $g AFNOR $h FRBNF445113960000000 $2 intermrc
999    $a FRBNF445113960000000
995    $0 0 $2 0 $4 0 $5 2015-12-30 $9 333780 $P 21.00 $b MED $c MED $e MED1A $f C2100003936 $h ALTROPL $k RP/GRI $o 0 $p 21.00 $r PRETLIV $s RP_GRI $w 29 $y 2023-01-10 $A 0

