03620cam a2200553   4500
001 283394
003 http://www.mediathequederoubaix.fr/ark:/20179/KH283394
010    $a 978-2-0813-6528-5 $b br. $d 7,90 EUR
020    $a FR $b 01554883
033    $a http://catalogue.bnf.fr/ark:/12148/cb443985012
035    $a FRBNF443985010000003
073  0 $a 9782081365285
090    $a 283394
091    $b 20240515 $c 1 $a 2
099    $t LI $x 77 $d 2024-05-15 $c 2016-01-12
100    $a 20150817d2015    a  y0frey50      ba
101 0  $a fre
102    $a FR
105    $a ||||z   00|y|
106    $a r
181  0 $6 01 $a i  $b xxxe  
181    $6 02 $c txt $2 rdacontent
182  0 $6 01 $a n
182    $6 02 $c n $2 rdamedia
200 1  $a Vivre ensemble $b Texte imprimé $e 25 questions autour de la citoyenneté $f Nicolas Rousseau
210    $a Paris $c Éditions Flammarion $d DL 2015 $e impr. en Espagne
215    $a 1 vol. (61 p.) $d 18 cm
225    $a Premiers Castor doc
300    $a Bibliogr. et webliogr. p. 60. Glossaire
321    $a La Revue des livres pour enfants. Sélection annuelle $c 291
329    $a Pensé comme une réponse aux attentats de janvier 2015, cet ouvrage simple et efficace adopte des angles variés pour évoquer les fondements de la citoyenneté et du « vivre ensemble » : l'histoire, la vie politique, les droits et devoirs de chacun, les valeurs de la démocratie, de la République et de l'état de droit, sans oublier des parallèles pertinents avec les droits de l'enfant. Des jeux de couleurs, de typographies, et d'encadrés donnent sobriété et dynamisme à l'ensemble. $d 20161101 $2 CNLJ $k Avis critique donné par le Centre national de la littérature pour la jeunesse
333    $a À partir de 9 ans $2 CNLJ $k Avis critique donné par le Centre national de la littérature pour la jeunesse
339    $a a
410  0 $0 41036315 $t Premiers Castor doc $x 1957-9810 $d 2015
606    $3 11973413 $9 57017 $7 ba0yba0y $8 fre    $a Civisme $3 11931476 $9 109 $y France $3 12432924 $9 2858 $z 1990-.... $3 12042408 $9 314947 $x Ouvrages pour la jeunesse $2 rameau $9 57017
606    $3 12099011 $9 10841 $7 ba0yba0y $8 fre    $a Citoyenneté $3 11931476 $9 109 $y France $3 12432924 $9 2858 $z 1990-.... $3 12042408 $9 314947 $x Ouvrages pour la jeunesse $2 rameau $9 10841
606    $3 12099011 $9 10841 $a Citoyenneté $3 11931476 $9 109 $y France $2 rameau
606    $3 11973413 $9 57017 $a Civisme $3 11931476 $9 109 $y France $2 rameau
608    $3 12042408 $9 314947 $a Ouvrages pour la jeunesse $2 rameau
608    $a Documentaires : sciences humaines $2 CNLJ $k Avis critique donné par le Centre national de la littérature pour la jeunesse
676    $a 323.608 3 $v 23
686    $a 320 $2 Cadre de classement de la Bibliographie nationale française
700    $3 16994577 $9 122257 $o ISNI0000000454128886 $a Rousseau $b Nicolas $f 1976-.... $4 070
801  0 $a FR $b FR-751131015 $c 20150817 $g AFNOR $h FRBNF443985010000003 $2 intermrc
999    $a FRBNF443985010000003
995    $0 0 $2 0 $4 0 $5 2016-01-12 $9 334542 $P 7.90 $b MED $c MED $e MED0A $f C1300001257 $h JDT30ZZ $k EXT E/301.1 SOC $n 2024-07-10 $o 0 $p 7.90 $r PRETLIV $s EXT_E_301_100000000000000_SOC $w 26 $y 2023-08-29 $7  $8  $A 0 $m  $z 
995    $0 0 $2 0 $4 0 $5 2017-03-31 $9 358008 $b MED $c MED $e MED0A $f C2500001709 $h JDT30ZZ $k EXT E/301.1 SOC $n 2024-06-28 $o 0 $p 7.90 $r PRETLIV $s EXT_E_301_100000000000000_SOC $w 31 $y 2024-04-19 $7  $8 MA009 $A 0 $m  $z 
995    $0 0 $2 0 $3 0 $4 0 $5 2017-03-31 $9 358010 $b MED $c MED $e MED0A $f C2500001708 $h JDT30ZZ $k EXT E/323.6 ROU $o 0 $p 7.90 $r PRETLIV $s EXT_E323_6_000000000000000_ROU $w 5 $y 2024-02-28 $A 0
995    $0 0 $2 0 $4 0 $5 2018-12-07 $9 386044 $b MED $c MED $e MED2A $f C2500011026 $h JDT30ZZ $k E/324.2 CIT $o 0 $p 8.20 $r PRETLIV $s E_324_200000000000000_CIT $w 15 $y 2023-12-27 $7  $8  $A 0 $m  $z 

