01889cam a2200457   4500
001 283537
003 http://www.mediathequederoubaix.fr/ark:/20179/KH283537
010    $a 978-2-344-01005-1 $b br. $d 14,95 EUR
020    $a FR $b 01559480
033    $a http://catalogue.bnf.fr/ark:/12148/cb44406037h
035    $a FRBNF44406037000000X
073  0 $a 9782344010051
090    $a 283537
091    $b 20240515 $c 1 $a 2
099    $t LI $x 18 $d 2024-05-15 $c 2016-01-12
100    $a 20150902d2015    m  y0frey50      ba
101 1  $a fre $c ita
102    $a FR
105    $a ||||t   00|a|
106    $a r
181  0 $6 01 $a i  $b xxxe   $a b  $b xb2e  
181    $6 02 $c txt $c sti $2 rdacontent
182  0 $6 01 $a n
182    $6 02 $c n $2 rdamedia
200 1  $a Petits soldats $b Texte imprimé $f scénario, Roberto Recchioni $g dessin, Emiliano Mammucari & Alessandro Bignamini...
210    $a Grenoble $c Glénat $d DL 2015 $e impr. en Espagne
215    $a 1 vol. (192 p.) $c ill. en coul. $d 25 cm
225 19 $a Orphelins $v 1
225    $a Glénat comics
300    $a Trad. de l'italien
339    $a m
410  0 $0 34291309 $t Glénat comics (Grenoble) $x 1275-1510 $d 2015
461  0 $0 44432358 $t Orphelins $v 1
608    $a Bandes dessinées $2 CNLJ $k Avis critique donné par le Centre national de la littérature pour la jeunesse
686    $a 805 $2 Cadre de classement de la Bibliographie nationale française
700    $3 15016074 $9 122091 $o ISNI0000000120178525 $a Recchioni $b Roberto $f 1974-.... $4 070
702    $3 16993308 $9 122092 $a Mammucari $b Emiliano $f 1975-.... $4 440
702    $3 16993314 $9 122093 $o ISNI0000000457236524 $a Bignamini $b Alessandro $f 1970-.... $4 440
801  0 $a FR $b FR-751131015 $c 20150902 $g AFNOR $h FRBNF44406037000000X $2 intermrc
999    $a FRBNF44406037000000X
995    $0 0 $2 0 $4 0 $5 2017-11-29 $9 368625 $b MED $c MED $e MED0C $f C2200006661 $h AAPBDSR $k BD/SERIES $o 0 $p 14.00 $r PRETLIV $s BD_SERIES $w 11 $y 2021-08-14

