01822ngm0a22003131i 4500
001 283676
003 http://www.mediathequederoubaix.fr/ark:/20179/KH283676
010    $d 32,00 EUR
073  0 $a 3660485999717 $d 45,00 EUR
090    $a 283676
091    $a 1 $b 20240515 $c 0
099    $t VD $x 12 $d 2024-05-17 $c 2016-01-14
100    $a 20160114d1992    u  y0frey5003    ba
101    $a eng $j fre
200 1  $a Absolutely fabulous  $b DVD $e Saison 1 $f Bob Spiers, réal. $g Joanna Lumley, Jennifer Saunders, Julia Sawalha... [et al.], act. $g Dawn French, Jennifer Saunders, scénario $g Simon Brint, Simon Wallace, mus.
210    $c France Télévisions Distribution $d 2013
215    $a 1 DVD (3h) PAL $c 4/3, Couleur, Dolby Digital 2.0
300    $a Prêt + Consultation
330    $a Suivez les mésaventures d'Edina et Patsy, deux Londoniennes quadragénaires, liftées, amatrices de drogues diverses, qui boivent comme des trous et jurent à longueur de journée ! Edina, qui dirige sa propre société de relations publiques, entretient des rapports difficiles avec sa fille, Saffron, qu'elle juge trop sérieuse. Patsy, journaliste de mode anorexique et nymphomane, vit plus ou moins aux crochets d'Edina, sa seule amie. 6 épisodes. 
339    $a m
700    $4 370 $3 14066826 $7 ba0yba0y $8 fre    $a Spiers $b Bob $f 1945-2008 $9 114331
702  0 $a Brint $b Simon $4 230
702  0 $4 005 $4 690 $3 14066741 $9 122343 $a Saunders $b Jennifer $f 1958-....
702  0 $a Sawalha $b Julia $f 1968-.... $4 005
702  0 $4 230 $a Wallace $b Simon
702    $7 ba0yba0y $8 fre    $a Lumley $b Joanna $f 1946-.... $4 005 $3 13992771 $9 122342
702  0 $a French $b Dawn $f 1957-.... $4 690
801  0 $a FR $b COLACO $c 20160114 $g AFNOR
995    $0 0 $2 0 $4 0 $5 2016-01-15 $9 334869 $P 32.00 $b MED $c MED $e MED1A $f C1300001486 $h AAPCITV $k DVD/F ABS $n 2024-06-07 $o 0 $p 32.00 $r PRETDVD $s DVD_F_ABS $w 12 $y 2024-05-17

