02308cam a2200469   4500
001 283804
003 http://www.mediathequederoubaix.fr/ark:/20179/KH283804
010    $a 978-2-09-255886-7 $b rel. $d 6,80 EUR
020    $a FR $b 01552364
033    $a http://catalogue.bnf.fr/ark:/12148/cb44382393b
035    $a FRBNF443823930000003
073  0 $a 9782092558867
090    $a 283804
091    $b 20240515 $c 1 $a 2
099    $t LI $x 120 $d 2024-05-15 $c 2016-01-15
100    $a 20150722d2015    a  y0frey50      ba
101 0  $a fre
102    $a FR
105    $a ||||z   00|y|
106    $a r
181  0 $6 01 $a i  $b xxxe  
181    $6 02 $c txt $2 rdacontent
182  0 $6 01 $a n
182    $6 02 $c n $2 rdamedia
200 1  $a Petits gestes pour la planète $b Texte imprimé $f texte de Delphine Godard $g illustrations de Pierre Caillou
210    $a Paris $c Nathan $d DL 2015 $e 85-Luçon $g Impr. Pollina
215    $a 1 vol. (29 p.) $c ill. en coul. $d 26 cm
225    $a Questions ? Réponses ! $i 4+ $x 2274-5904 $v 26
339    $a a
410  0 $0 43770306 $t Questions ? Réponses !. 4+ $x 2274-5904 $v 26
606    $3 11941933 $9 74975 $a Environnement $x Protection $x Participation des citoyens $2 rameau
608    $3 12042408 $9 314947 $a Ouvrages pour la jeunesse $2 rameau
676    $a 363.700 83 $v 23
686    $a 360 $2 Cadre de classement de la Bibliographie nationale française
700    $3 13762139 $9 69434 $o ISNI0000000084028828 $a Godard $b Delphine $f 1964-.... $4 070
702    $3 13341790 $9 69497 $o ISNI0000000073646823 $a Caillou $b Pierre $4 440
801  0 $a FR $b FR-751131015 $c 20150722 $g AFNOR $h FRBNF443823930000003 $2 intermrc
999    $a FRBNF443823930000003
995    $0 0 $2 0 $4 0 $5 2017-01-20 $9 354366 $b MED $c MED $e MED0A $f C2500000492 $h JDT50ZZ $k EXT E/577 ECO $n 2024-06-28 $o 0 $p 6.95 $r PRETLIV $s EXT_E_577_000000000000000_ECO $w 36 $y 2024-04-20 $8 MA006A
995    $0 0 $2 0 $4 0 $5 2017-01-20 $9 354367 $b MED $c MED $e MED0A $f C2500000494 $h JDT50ZZ $k EXT E/577 ECO $n 2024-06-28 $o 0 $p 6.95 $r PRETLIV $s EXT_E_577_000000000000000_ECO $w 24 $y 2024-04-18 $8 MA007
995    $0 0 $2 0 $4 0 $5 2020-08-08 $9 412560 $b MED $c MED $e MED2A $f C2500018735 $h JDTPFZZ $k PE DOC $o 0 $p 6.95 $r PRETLIV $s PE_DOC $w 9 $y 2024-04-23
995    $0 0 $2 0 $4 0 $5 2022-01-26 $9 439046 $P 6.80 $b MED $c MED $e MED0A $f C3500014900 $h JDT50ZZ $k EXT E/577 ECO $n 2024-06-27 $o 0 $r PRETLIV $s EXT_E_577_000000000000000_ECO $w 11 $y 2024-04-20 $8 MA031

