02080cam a2200457   4500
001 283923
003 http://www.mediathequederoubaix.fr/ark:/20179/KH283923
010    $a 978-2-7373-6462-4 $b br. $d 19,90 EUR
020    $a FR $b 01565992
033    $a http://catalogue.bnf.fr/ark:/12148/cb44438055j
035    $a FRBNF444380550000008
073  0 $a 9782737364624
090    $a 283923
091    $b 20240515 $c 1 $a 2
099    $t LI $x 2 $d 2024-05-15 $c 2016-01-15
100    $a 20151023d2015    m  y0frey50      ba
101 0  $a fre
102    $a FR
105    $a ||||z   00|y|
106    $a r
181  0 $6 01 $a i  $b xxxe  
181    $6 02 $c txt $2 rdacontent
182  0 $6 01 $a n
182    $6 02 $c n $2 rdamedia
200 1  $a Jeux, fêtes & traditions dans le Nord-Pas-de-Calais $b Texte imprimé $f Marie-Candice Delouvrié $g photographies Samuel Dhote
210    $a Rennes $c Éditions "Ouest-France" $d DL 2015 $e 85-Luçon $g Impr. Pollina
215    $a 1 vol. (141 p.) $c ill. en coul. $d 19 cm
300    $a Bibliogr., 1 p.
312    $a Autre forme de titre : Jeux, fêtes et traditions dans le Nord-Pas-de-Calais
339    $a m
517 1  $a Jeux, fêtes et traditions dans le Nord-Pas-de-Calais
606    $3 11934465 $9 5892 $a Fêtes $3 11935644 $9 6990 $y Nord-Pas-de-Calais (France) $2 rameau
606    $3 11931420 $9 3599 $a Folklore $3 11935644 $9 6990 $y Nord-Pas-de-Calais (France) $2 rameau
676    $a 394.269 442 $v 23
686    $a 390 $2 Cadre de classement de la Bibliographie nationale française
700    $3 17006021 $9 122517 $a Delouvrié $b Marie-Candice $4 070
702    $3 13175758 $9 122518 $o ISNI0000000385657679 $a Dhote $b Samuel $f 1971-.... $4 440
801  0 $a FR $b FR-751131015 $c 20151023 $g AFNOR $h FRBNF444380550000008 $2 intermrc
999    $a FRBNF444380550000008
995    $0 0 $2 0 $4 0 $5 2016-02-20 $9 336731 $P 19.90 $b MED $c MED $e MED0C $f C3200001090 $h PRRRGZZ $k FR/394.2 DEL $o 0 $p 19.90 $r PRETLIV $s FR_394_200000000000000_DEL $w 2 $y 2024-01-28
995    $0 0 $2 0 $4 0 $5 2016-03-17 $9 338120 $P 19.90 $b MED $c MED $e MED3I $f C0005930470 $h PPEFGZZ $k MAG L/P 8/117 410 $o 2 $p 19.90 $r PRETLIV $s MAG_LP_8117_410000000000000 $w 0 $y 2016-03-17

