01930cam a2200433   4500
001 284054
003 http://www.mediathequederoubaix.fr/ark:/20179/KH284054
010    $a 978-2-211-22601-1 $b br. $d 8 EUR
020    $a FR $b 01565072
033    $a http://catalogue.bnf.fr/ark:/12148/cb44412382d
035    $a FRBNF444123820000007
073  0 $a 9782211226011
090    $a 284054
091    $b 20240515 $c 1 $a 2
099    $t LI $x 7 $d 2024-05-15 $c 2016-01-19
100    $a 20150910d2015    a  y0frey50      ba
101 0  $a fre
102    $a FR
105    $a ||||z   00|a|
106    $a r
181  0 $6 01 $a i  $b xxxe  
181    $6 02 $c txt $2 rdacontent
182  0 $6 01 $a n
182    $6 02 $c n $2 rdamedia
200 1  $a J'ai peur de savoir lire $b Texte imprimé $f Olivier de Solminihac $g illustrations de Juliette Baily
210    $a Paris $c l'École des loisirs $d DL 2015 $e 37-Chambray-lès-Tours $e Impr. GCI
215    $a 1 vol. (66 p.) $c ill. en coul. $d 19 cm
225    $a Mouche
329    $c Pourquoi pas ? $2 CNLJ $k Avis critique donné par le Centre national de la littérature pour la jeunesse
333    $a À partir de 6 ans $2 CNLJ $k Avis critique donné par le Centre national de la littérature pour la jeunesse
339    $a a
410  0 $0 34247192 $t Mouche (Paris) $x 0988-0364 $d 2015
608    $a Premières lectures $2 CNLJ $k Avis critique donné par le Centre national de la littérature pour la jeunesse
686    $a 809 $2 Cadre de classement de la Bibliographie nationale française
700    $3 14440945 $9 67611 $o ISNI0000000036555383 $a Solminihac $b Olivier de $f 1976-.... $4 070
702    $3 16180502 $9 120459 $o ISNI0000000077001328 $a Baily $b Juliette $4 440
801  0 $a FR $b FR-751131015 $c 20150910 $g AFNOR $h FRBNF444123820000007 $2 intermrc
999    $a FRBNF444123820000007
995    $0 0 $2 0 $4 0 $5 2016-01-20 $9 335347 $P 8.00 $b MED $c MED $e MED0A $f C1300001657 $h JRORMZZ $k EXT PRE R/SOL $n 2024-07-11 $o 0 $p 8.00 $r PRETLIV $s EXT_PRE_R_SOL $w 7 $y 2023-09-23

