01614cam a2200421   4500
001 284202
003 http://www.mediathequederoubaix.fr/ark:/20179/KH284202
010    $a 978-2-8141-0368-9 $b br. $d 13,90 EUR
020    $a FR $b 01569675
033    $a http://catalogue.bnf.fr/ark:/12148/cb44457045d
035    $a FRBNF444570450000004
073  0 $a 9782814103689
090    $a 284202
091    $b 20240515 $c 1 $a 2
099    $t LI $x 30 $d 2024-05-15 $c 2016-01-29
100    $a 20151123d2015    m  y0frey50      ba
101 0  $a fre
102    $a FR
105    $a ||||z   00|y|
106    $a r
181  0 $6 01 $a i  $b xxxe  
181    $6 02 $c txt $2 rdacontent
182  0 $6 01 $a n
182    $6 02 $c n $2 rdamedia
200 1  $a Quilling et jolis mots $b Texte imprimé $e une activité autour du papier $f Émilie Jardon
210    $a Paris $c CreaPassions.com $d DL 2015 $e impr. en UE
215    $a 1 vol. (71 p.) $c ill. en coul. $d 20 cm
225    $a [Loisirs créatifs] $i Scrapattitude
339    $a m
410  0 $0 44218526 $t Loisirs créatifs. Scrapattitude $x 2417-1565 $d 2015
606    $3 17128473 $9 313665 $a Paperoles $2 rameau
608    $3 11976167 $9 3372 $a Manuels d'amateurs $2 rameau
676    $a 745.540 28 $v 23
686    $a 740 $2 Cadre de classement de la Bibliographie nationale française
700    $3 17009388 $9 264784 $a Jardon $b Émilie $4 070
801  0 $a FR $b FR-751131015 $c 20151123 $g AFNOR $h FRBNF444570450000004 $2 intermrc
999    $a FRBNF444570450000004
995    $0 0 $2 0 $4 0 $5 2016-01-29 $9 336054 $P 13.90 $b MED $c MED $e MED1A $f C1300002174 $h AAPATLC $k Doc./706 PAP $o 0 $p 13.90 $r PRETLIV $s DOC___706_000000000000000_PAP $w 30 $y 2024-02-20

