01425ngm0a22003131i 4500
001 284339
003 http://www.mediathequederoubaix.fr/ark:/20179/KH284339
010    $d 41,00 EUR
073  0 $a 3775000082147 $d 58,00 EUR
090    $a 284339
091    $a 1 $b 20240515 $c 0
099    $t VD $x 12 $d 2024-05-15 $c 2016-02-04
100    $a 20160204d2015    u  y0frey5003    ba
101    $a mlg $j fre $j eng $j spa $j por
102    $a MG
200 1  $a Ady gasy $b DVD $f Lova Nantenaina, réal. $g Lova Nantenaina, Eva Lova-Bely, scénario $g Rejao Refaralahy Joela, Roland Dieudonné Rabearison, Faly Milanto Rabearison, mus.
210    $c Laterit Production $d 2016
215    $a 1 DVD (1h 24 min) NTSC $c 16/9 compatible 4/3, Couleur, Dolby Digital 5.1
300    $a Interview de la réalisatrice, bandes-annonces.
300    $a Prêt + Consultation
330    $a A Madagascar, les gens défient la crise, avec inventivité et sens du recyclage, sans perdre leur identité unique et leur sens de l'humour. 
700  0 $a Nantenaina $b Lova $4 370 $4 690 $4 600
702  0 $a Lova-Bely $b Eva $4 690
702  0 $a Rabearison $b Faly Milanto $4 230
702  0 $a Rabearison $b Roland Dieudonné $4 230
702  0 $a Refaralahy Joela $b Rejao $4 230
801  0 $a FR $b COLACO $c 20160204 $g AFNOR
339    $a m
995    $0 0 $2 0 $3 0 $4 0 $5 2016-03-11 $9 337820 $P 41.00 $b MED $c MED $e MED3A $f C2200000882 $h ACFSCZZ $k DVD/577 ECO $o 0 $p 41.00 $r PRETDVD $s DVD_577_000000000000000_ECO $w 12 $y 2020-03-12 $A 0

