01006njm0a22002652  4500
001 284485
003 http://www.mediathequederoubaix.fr/ark:/20179/KH284485
071 01 $a O08A187040 $b Heavenly Rec.
073  1 $a 5414939929267 $d 23,68
090    $a 284485
091    $a 1 $b 20240515 $c 0
099    $t DC $x 16 $d 2024-05-15 $c 2016-02-09
100    $a 20160201d2015    u  y0frey5003    ba
101    $a fre
200    $a Paper mache dream balloon $b Enr. sonore $f King Gizzard & The Lizard Wizard
210    $d P 2015
215    $a 1 d.c. $d 12 cm $e 1 livret
327 1  $a Sense (3:31) $a Bone (2:16) $a Dirt (2:51) $a a
339    $a m
606    $a Rock psychédélique $x Disques $y Australie $3 13337484 $9 112712 $2 rameau
608  1 $a Rock psychédélique, acid rock
679    $a 2 $c 40
710 02 $a King Gizzard & The Lizard Wizard
801    $a FR $b cdmail $c 20160420 $g AFNOR
995    $0 0 $2 0 $4 0 $5 2016-04-20 $9 339249 $P 17.28 $b MED $c MED $e MED1A $f C3100001039 $h AMV20ZZ $k DC/2 KIN 40 $o 0 $p 17.28 $r PRETSON $s DC_2_000000000000000_KIN_40 $w 17 $y 2024-01-05

