01384cam a2200361   4500
001 284636
003 http://www.mediathequederoubaix.fr/ark:/20179/KH284636
010    $a 978-2-07-017800-1 $b br. $d 19 EUR
020    $a FR $b 01601921
033    $a http://catalogue.bnf.fr/ark:/12148/cb444769979
035    $a FRBNF444769970000002
073  0 $a 9782370148001
090    $a 284636
091    $b 20240515 $c 1 $a 2
099    $t LI $x 14 $d 2024-05-15 $c 2016-02-13
100    $a 20151222d2015    m  y0frey50      ba
101 0  $a fre
102    $a FR
105    $a ||||z   00|a|
106    $a r
181  0 $6 01 $a i  $b xxxe  
181    $6 02 $c txt $2 rdacontent
182  0 $6 01 $a n
182    $6 02 $c n $2 rdamedia
200 1  $a Et j'ai su que ce trésor était pour moi $b Texte imprimé $e roman $f Jean-Marie Laclavetine
210    $a [Paris] $c Gallimard $d DL 2015 $e 27-Mesnil-sur-l'Estrée $g Impr. CPI Firmin-Didot
215    $a 1 vol. (274 p.) $d 21 cm
339    $a m
686    $a 803 $2 Cadre de classement de la Bibliographie nationale française
700    $3 11910481 $9 3139 $o ISNI0000000120316967 $a Laclavetine $b Jean-Marie $f 1954-.... $4 070
801  0 $a FR $b FR-751131015 $c 20151222 $g AFNOR $h FRBNF444769970000002 $2 intermrc
999    $a FRBNF444769970000002
995    $0 0 $2 0 $4 0 $5 2016-02-13 $9 336581 $P 19.00 $b MED $c MED $e MED1A $f C2100003858 $h ALTROZZ $k R/LAC $n 2024-06-02 $o 0 $p 19.00 $r PRETLIV $s R_LAC $w 14 $y 2024-05-12 $A 0

