00729njm a22001933| 4500
001 284805
003 http://www.mediathequederoubaix.fr/ark:/20179/KH284805
090    $a 284805
091    $a 1 $b 20240510 $c 0
099    $t DC $x 3 $d 2024-05-10 $c 2016-02-26
100    $a 20160226d        mmmy0frey50      ba
101    $a fre $c rus
200    $a Russian folksongs in the key of rhythm $b Enr. sonore $f Evgeny Masloboev, Anastasia Masloboeva
215    $a 1 DC $d 12 cm
606    $a Musique $x Disques $y Russie $2 rameau
679    $a 066.2
801    $a FR $b 595126101 $c 20160226 $g AFNOR
339    $a m
995    $0 0 $2 0 $4 0 $5 2016-02-26 $9 337062 $P 1.00 $b MED $c MED $e MED1A $f C0004803858 $h AMV90ZZ $k DC/066.2 EVG $o 0 $p 1.00 $r PRETSON $s DC_066_200000000000000_EVG $w 3 $y 2023-02-07 $A 0

