01487cam a2200385   4500
001 284939
003 http://www.mediathequederoubaix.fr/ark:/20179/KH284939
010    $a 978-2-35584-302-0 $b br. $d 18 EUR
020    $a FR $b 01602085
033    $a http://catalogue.bnf.fr/ark:/12148/cb444720281
035    $a FRBNF444720280000008
073  0 $a 9782355843020
090    $a 284939
091    $b 20240515 $c 1 $a 2
099    $t LI $x 33 $d 2024-05-15 $c 2016-03-02
100    $a 20151214d2016    m  y0frey50      ba
101 1  $a fre $c ita
102    $a FR
105    $a ||||z   00|a|
106    $a r
181  0 $6 01 $a i  $b xxxe  
181    $6 02 $c txt $2 rdacontent
182  0 $6 01 $a n
182    $6 02 $c n $2 rdamedia
200 1  $a La nuit derrière moi $b Texte imprimé $f Giampaolo Simi $g traduit de l'italien par Sophie Royère
210    $a Paris $c Sonatine éditions $d DL 2016 $e 61-Lonrai $g Normandie roto impr.
215    $a 1 vol. (285 p.) $d 22 cm
339    $a m
454  1 $t La notte alle mie spalle
686    $a 803 $2 Cadre de classement de la Bibliographie nationale française
700    $3 14450500 $9 334176 $o ISNI0000000079987557 $a Simi $b Giampaolo $f 1965-.... $4 070
702    $3 15562554 $9 93989 $o ISNI000000000201823X $a Royère $b Sophie $4 730
801  0 $a FR $b FR-751131015 $c 20151214 $g AFNOR $h FRBNF444720280000008 $2 intermrc
999    $a FRBNF444720280000008
995    $0 0 $2 0 $4 0 $5 2016-03-02 $9 337261 $P 18.00 $b MED $c MED $e MED1A $f C2100004234 $h ALTROPL $k RP/SIM $o 0 $p 18.00 $r PRETLIV $s RP_SIM $w 33 $y 2024-02-03 $A 0

