01577cam a2200373   4500
001 285060
003 http://www.mediathequederoubaix.fr/ark:/20179/KH285060
010    $a 978-2-7144-5963-3 $b br. $d 19,50 EUR
020    $a FR $b 01619730
033    $a http://catalogue.bnf.fr/ark:/12148/cb445266054
035    $a FRBNF445266050000009
073  0 $a 9782714459633
090    $a 285060
091    $b 20240515 $c 1 $a 2
099    $t LI $x 73 $d 2024-05-15 $c 2016-03-02
100    $a 20160314d2016    m  y0frey50      ba
101 0  $a fre
102    $a FR
105    $a ||||z   00|a|
106    $a r
181  0 $6 01 $a i  $b xxxe  
181    $6 02 $c txt $2 rdacontent
182  0 $6 01 $a n
182    $6 02 $c n $2 rdamedia
200 1  $a De force $b Texte imprimé $e roman $f Karine Giebel
210    $a Paris $c Belfond $d DL 2016 $e 61-Lonrai $g Normandie roto impr.
215    $a 1 vol. (521 p.) $d 23 cm
330    $a Sa mère ne l'aimait pas. Et lorsqu'elle meurt, elle ne laisse comme seul héritage qu'une lettre, deux feuilles écrites il y a trois mois, son testament, ses dernières volontés. Commence alors un deuil fait de haine et de souffrances. ­Electre 2016
339    $a m
686    $a 803 $2 Cadre de classement de la Bibliographie nationale française
700    $3 14595022 $9 98720 $o ISNI0000000120982361 $a Giebel $b Karine $f 1971-.... $4 070
801  0 $a FR $b FR-751131015 $c 20160314 $g AFNOR $h FRBNF445266050000009 $2 intermrc
999    $a FRBNF445266050000009
995    $0 0 $2 0 $4 0 $5 2016-03-02 $9 337395 $P 19.50 $b MED $c MED $e MED1A $f C2100004662 $h ALTROPL $k RP/GIE $o 0 $p 19.50 $r PRETLIV $s RP_GIE $w 53 $y 2024-03-20 $A 0

