02020cam a2200433   4500
001 285218
003 http://www.mediathequederoubaix.fr/ark:/20179/KH285218
010    $a 978-2-8189-3455-5 $b rel. $d 10,60 EUR
010    $a 978-2-8189-6249-7 $b réimpr. 2018
020    $a FR $b 01622851
033    $a http://catalogue.bnf.fr/ark:/12148/cb450043526
035    $a FRBNF450043520000004
073  0 $a 9782818934555
073  0 $a 9782818962497 $b réimpr. 2018
090    $a 285218
091    $b 20240515 $c 1 $a 2
099    $t LI $x 15 $d 2024-05-15 $c 2016-03-03
100    $a 20160321d2016    m  y0frey50      ba
101 0  $a fre
102    $a FR
105    $a ||||t   00|a|
106    $a r
181  0 $6 01 $a i  $b xxxe   $a b  $b xb2e  
181    $6 02 $c txt $c sti $2 rdacontent
182  0 $6 01 $a n
182    $6 02 $c n $2 rdamedia
200 1  $a Le tourniquet de l'enfer $b Texte imprimé $f scénario, Olier $g dessins & couleurs, Marko...
210    $a Charnay-lès-Mâcon $c Bamboo édition $d DL 2016 $e 91-Palaiseau $g Impr. PPO graphic
215    $a 1 vol. (48-[8] p.) $c ill. en coul. $d 32 cm
225 19 $a Les godillots $v 4
330    $a Février 1916. Serpolet, Palette et le Bourru, affectés au Tourniquet, doivent porter un message sur le front. La mission s'annonce périlleuse. Serpolet, pourtant persuadé de son invulnérabilité, est blessé. Déstabilisé, il fonce droit devant lui, vers la tête de la colonne et entraîne ses comparses en première ligne des combats. ­Electre 2016
339    $a m
461  0 $6 298788 $t Les Godillots $v 4
686    $a 805 $2 Cadre de classement de la Bibliographie nationale française
700    $3 13531966 $9 49336 $o ISNI0000000080013776 $a Olier $f 1966-.... $4 070
702    $3 14485295 $9 107113 $o ISNI0000000362425541 $a Marko $f 1969-.... $4 440
801  0 $a FR $b FR-751131015 $c 20160321 $g AFNOR $h FRBNF450043520000004 $2 intermrc
999    $a FRBNF450043520000004
995    $0 0 $2 0 $4 0 $5 2016-03-10 $9 337712 $P 13.90 $b MED $c MED $e MED0C $f C1300002391 $h AAPBDSR $k BD/SERIES $o 0 $p 13.90 $r PRETLIV $s BDSERIES $w 15 $y 2021-11-24

