01871ngm0a22003251i 4500
001 285359
003 http://www.mediathequederoubaix.fr/ark:/20179/KH285359
010    $d 68,54 EUR TTC
073  0 $a 3453277211810 $d 97,92 EUR TTC
090    $a 285359
091    $a 1 $b 20240515 $c 0
099    $t VD $x 15 $d 2024-05-15 $c 2016-03-10
100    $a 20160310d2015    u  y0frey5003    ba
101    $a fre $j fre $a eng
200 1  $a Wolf hall - Dans l'ombre des Tudor $b DVD $f Peter Kosminsky, réal. $g Peter Straughan, scénario $g Debbie Wiseman, mus. $g Claire Foy, Damian Lewis, Mark Rylance... [et al.], act.
210    $c Arte Vidéo $d 2016
215    $a 2 DVD (6h 48 min) PAL $c 16/9 compatible 4/3, Couleur, Dolby Digital
300    $a Entretiens, scènes coupées, Porter à l'écran une scène historique.
300    $a Golden Globe de la meilleure mini-série, Usa, 2016
300    $a Prêt + Consultation
330    $a 1520. Si Henry VIII meurt sans héritier mâle, l'Angleterre pourrait voir son royaume détruit par la guerre civile. Thomas Cromwell, fils d'un forgeron, devient le plus proche conseiller du roi. S'opposant au Parlement, à l'ordre politique établi et à la papauté, il est prêt à remodeler l'Angleterre à sa manière et selon les désirs d'Henry VIII. 6 épisodes. 
339    $a m
700  0 $a Kosminsky $b Peter $f 1956-.... $4 370 $3 14111343 $9 265213
702  0 $a Foy $b Claire $4 005
702    $7 ba0yba0y $8 fre    $a Lewis $b Damian $f 1971-.... $4 005 $3 14199008 $9 82071
702    $7 ba0yba0y $8 fre    $a Rylance $b Mark $f 1960-.... $4 005 $3 14223260 $9 265214
702    $7 ba0yba0y $8 fre    $a Straughan $b Peter $f 1968-.... $4 690 $3 16219461 $9 265215
702  0 $a Wiseman $b Debbie $4 230 $3 13998426 $9 265216
801  0 $a FR $b COLACO $c 20160310 $g AFNOR
995    $0 0 $2 0 $4 0 $5 2016-03-16 $9 338006 $P 68.54 $b MED $c MED $e MED1A $f C2100004407 $h AAPCITV $k DVD/F WOL $o 0 $p 68.54 $r PRETDVD $s DVD_F_WOL $w 15 $y 2022-05-03

