02441cam a2200481   4500
001 285482
003 http://www.mediathequederoubaix.fr/ark:/20179/KH285482
010    $a 978-2-07-058870-1 $b rel. $d 8,90 EUR
020    $a FR $b 01623733
033    $a http://catalogue.bnf.fr/ark:/12148/cb450258736
035    $a FRBNF450258730000003
073  0 $a 9782070588701
090    $a 285482
091    $b 20240515 $c 1 $a 2
099    $t LI $x 72 $d 2024-05-15 $c 2016-03-11
100    $a 20160422d2016    a  y0frey50      ba
101 1  $a fre $c eng
102    $a FR
105    $a ||||z   00|y|
106    $a r
181  0 $6 01 $a i  $b xxxe  
181    $6 02 $c txt $2 rdacontent
182  0 $6 01 $a n
182    $6 02 $c n $2 rdamedia
200 1  $a Les requins $b Texte imprimé
210    $a Paris $c Gallimard jeunesse $d DL 2016 $e impr. en Chine
215    $a 1 vol. (56 p.-[2] f. d'autocollants) $c ill. en coul. $d 27 cm
225    $a Mes grandes découvertes $v 19
300    $a Glossaire. Index
330    $a Des anecdotes et des encadrés synthétiques pour découvrir la vie des requins, les différentes espèces de requins : du requin-baleine au requin nain, leur localisation, leurs caractéristiques et les menaces qui pèsent sur eux. Avec des pages de questions dont les réponses sont dans le documentaire et deux planches d'autocollants repositionnables. ­Electre 2016
339    $a a
410  0 $0 41186044 $t Mes grandes découvertes $x 1956-0427 $v 19
454  1 $t Sharks
606    $3 11946997 $9 17284 $7 ba0yba0y $8 fre    $a Requins $3 12042408 $9 314947 $x Ouvrages pour la jeunesse $2 rameau $9 17284
606    $3 11946997 $9 17284 $a Requins $2 rameau
608    $3 12042408 $9 314947 $a Ouvrages pour la jeunesse $2 rameau
676    $a 597.308 3 $v 23
686    $a 590 $2 Cadre de classement de la Bibliographie nationale française
801  0 $a FR $b FR-751131015 $c 20160422 $g AFNOR $h FRBNF450258730000003 $2 intermrc
999    $a FRBNF450258730000003
995    $0 0 $2 0 $4 0 $5 2016-03-22 $9 338281 $P 8.90 $b MED $c MED $e MED0A $f C2100004500 $h JDT50ZZ $k EXT E/597 POI $n 2024-07-11 $o 0 $p 8.90 $r PRETLIV $s EXT_E_597_000000000000000_POI $w 10 $y 2023-09-23
995    $0 0 $2 0 $4 0 $5 2016-03-22 $9 338358 $P 8.90 $b MED $c MED $e MED0A $f C2100004498 $h JDT50ZZ $k EXT E/597 POI $n 2024-07-11 $o 0 $p 8.90 $r PRETLIV $s EXT_E_597_000000000000000_POI $w 4 $y 2023-09-02
995    $0 0 $2 0 $4 0 $5 2021-07-30 $9 430699 $b MED $c MED $e MED2A $f C2500024024 $h JDT50ZZ $k E/597 POI $n 2024-06-02 $o 0 $p 8.90 $r PRETLIV $s E_597_000000000000000_POI $w 25 $y 2024-05-12

