01891cam a2200421   4500
001 285733
003 http://www.mediathequederoubaix.fr/ark:/20179/KH285733
010    $a 978-2-07-066380-4 $b rel. $d 11,90 EUR
020    $a FR $b 01739309
033    $a http://catalogue.bnf.fr/ark:/12148/cb44489010v
035    $a FRBNF444890100000009
073  0 $a 9782070663804
090    $a 285733
091    $b 20240516 $c 1 $a 2
099    $t LI $x 129 $d 2024-05-16 $c 2016-03-24
100    $a 20160115d2016    a  y0frey50      ba
101 0  $a fre
102    $a FR
105    $a ||||t   00|a|
106    $a r
181  0 $6 01 $a i  $b xxxe   $a b  $b xb2e  
181    $6 02 $c txt $c sti $2 rdacontent
182  0 $6 01 $a n
182    $6 02 $c n $2 rdamedia
200 1  $a Tous aux abris ! $b Texte imprimé $f Mr Tan, Mathilde Domecq
210    $a [Paris] $c Gallimard bande dessinée $d DL 2016 $e 85-Luçon $g Impr. Pollina
215    $a 1 vol. (62 p.) $c ill. en coul. $d 27 cm
225 19 $a Shaker monster $v 1
339    $a a
608    $a Bandes dessinées $2 CNLJ $k Avis critique donné par le Centre national de la littérature pour la jeunesse
686    $a 805 $2 Cadre de classement de la Bibliographie nationale française
700    $3 16602050 $9 74715 $o ISNI0000000371324267 $a Mr Tan $f 1981-.... $4 070
701    $3 15756023 $9 96630 $o ISNI000000000523806X $a Domecq $b Mathilde $4 070
801  0 $a FR $b FR-751131015 $c 20160115 $g AFNOR $h FRBNF444890100000009 $2 intermrc
999    $a FRBNF444890100000009
995    $0 0 $2 0 $4 0 $5 2016-04-01 $9 338743 $P 11.90 $b MED $c MED $e MED0A $f C2100004549 $h JBDZZZZ $k EXT E BD/TAN $o 0 $p 11.90 $r PRETLIV $s EXT_E_BD_TAN $w 9 $y 2023-06-09
995    $0 0 $2 0 $4 0 $5 2016-04-01 $9 338790 $P 11.90 $b MED $c MED $e MED2A $f C1300002511 $h JBDPFZZ $k E BD/TAN $n 2024-06-26 $o 0 $p 11.90 $r PRETLIV $s E_BD_TAN $w 58 $y 2024-05-15
995    $0 0 $2 0 $4 0 $5 2019-08-01 $9 397248 $b MED $c MED $e MED2A $f C2500013674 $h JBDPFZZ $k E BD/TAN $o 0 $p 11.90 $r PRETLIV $s E_BD_TAN $w 31 $y 2024-05-02

