01589cam a2200409   4500
001 285856
003 http://www.mediathequederoubaix.fr/ark:/20179/KH285856
010    $a 978-2-253-16415-9 $b br. $d 8,60 EUR
020    $a FR $b 01610960
033    $a http://catalogue.bnf.fr/ark:/12148/cb44486977w
035    $a FRBNF444869770000003
073  0 $a 9782253164159
090    $a 285856
091    $b 20240516 $c 1 $a 2
099    $t LI $x 21 $d 2024-05-16 $c 2016-04-02
100    $a 20160113d2016    m  y0frey50      ba
101 1  $a fre $c eng
102    $a FR
105    $a ||||z   00|a|
106    $a r
181  0 $6 01 $a i  $b xxxe  
181    $6 02 $c txt $2 rdacontent
182  0 $6 01 $a n
182    $6 02 $c n $2 rdamedia
200 1  $a Les roses noires $b Texte imprimé $e roman $f Jane Thynne $g traduit de l'anglais (Royaume-Uni) par Philippe Bonnet
210    $a Paris $c le Livre de poche $d DL 2016
215    $a 1 vol. (621 p.) $d 18 cm
225    $a Le livre de poche $e policier $v 34006
339    $a m
410  0 $0 34228560 $t Le Livre de poche $x 0248-3653 $v 34006
454  1 $t Black roses
686    $a 803 $2 Cadre de classement de la Bibliographie nationale française
700    $3 13575089 $9 265464 $o ISNI0000000067862466 $a Thynne $b Jane $f 1961-.... $4 070
702    $3 11892864 $9 308572 $o ISNI0000000386935896 $a Bonnet $b Philippe $f 1949-.... $4 730
801  0 $a FR $b FR-751131015 $c 20160113 $g AFNOR $h FRBNF444869770000003 $2 intermrc
999    $a FRBNF444869770000003
995    $0 0 $2 0 $4 0 $5 2016-04-02 $9 338845 $P 8.60 $b MED $c MED $e MED1A $f C2200001477 $h ALTROPL $k RP/THY $n 2024-06-01 $o 0 $p 8.60 $r PRETLIV $s RP_THY $w 21 $y 2024-05-11 $A 0

