00979njm0a22002412  4500
001 285987
003 http://www.mediathequederoubaix.fr/ark:/20179/KH285987
071 01 $a ATPRCD59 $b Atp
073  1 $a 0780742216586 $d 21,11
090    $a 285987
091    $a 1 $b 20240516 $c 0
099    $t DC $x 3 $d 2024-05-16 $c 2016-04-19
100    $a 20160322d2015    u  y0frey5003    ba
101    $a fre
200    $a Miseress $b Enr. sonore $f Mueran Humanos
210    $d 2015
215    $a 1 cd $d 12 cm $e 1 Dépliant (12 cm)
327    $a Miseress $a Un lugar ideal $a Mi auto $a El circulo $a Espejo en la nada $a El vino de las orgias $a Cuerrero de la gloria negativa $a La torre de la hora $a Epilog
339    $a m
606    $a Electronica $x Disques $y Argentine $2 rameau
710 02 $a Mueran Humanos
801    $a FR $b cdmail $c 20160504 $g AFNOR
995    $0 0 $2 0 $4 0 $5 2016-05-04 $9 340109 $P 15.41 $b MED $c MED $e MED1A $f C3100001140 $h AMV40ZZ $k DC/8 MUE $l contient 1 DC + 1 dépliant $o 0 $p 15.41 $r PRETSON $s DC_8_000000000000000_MUE $w 3 $y 2020-01-15

