02617cam a2200433   4500
001 286116
003 http://www.mediathequederoubaix.fr/ark:/20179/KH286116
010    $a 978-2-2467-8730-3 $b rel. $d 14,50 EUR
020    $a FR $b 01567979
033    $a http://catalogue.bnf.fr/ark:/12148/cb44432828d
035    $a FRBNF444328280000007
073  0 $a 9782246787303
090    $a 286116
091    $b 20240516 $c 1 $a 2
099    $t LI $x 14 $d 2024-05-16 $c 2016-04-21
100    $a 20151014d2015    a  y0frey50      ba
101 0  $a fre
102    $a FR
105    $a ||||z   00|a|
106    $a r
181  0 $6 01 $a i  $b xxxe  
181    $6 02 $c txt $2 rdacontent
182  0 $6 01 $a n
182    $6 02 $c n $2 rdamedia
200 1  $a Le Noël blanc de Chloé $b Texte imprimé $f André Marois, Alain Pilon
210    $a [Paris] $c Grasset-jeunesse $d DL 2015 $e impr. en Espagne
215    $a 1 vol. (non paginé [46] p.) $c ill. en coul. $d 24 cm
321    $a La Revue des livres pour enfants $x 0398-8384 $c 286
329    $c Bravo ! $a « Il était une fois une petite fille appelée Chloé qui n'avait peur de presque rien. » Ainsi commence ce bel album sur les aventures d'une petite fille intrépide qui décide d'aller chercher de la neige à temps pour Noël. Aucun flocon n'est encore tombé sur Québec alors que selon la tradition, Noël y est toujours blanc ! Le texte, assez long, très bien écrit, sensible et teinté d' humour, est accompagné d'illustrations parfaitement abouties (jeux de contrastes, de symétrie et de perspective). Un très beau livre peuplé d'harfangs des neiges et d'ours polaires pour la fin d'année ! $d 20151201 $f JLD $2 CNLJ $k Avis critique donné par le Centre national de la littérature pour la jeunesse
333    $a À partir de 6 ans $2 CNLJ $k Avis critique donné par le Centre national de la littérature pour la jeunesse
339    $a a
608    $a Albums $2 CNLJ $k Avis critique donné par le Centre national de la littérature pour la jeunesse
686    $a 809 $2 Cadre de classement de la Bibliographie nationale française
700    $3 13583023 $9 56270 $o ISNI0000000117607536 $a Marois $b André $f 1959-.... $4 070
701    $3 15651111 $9 117796 $o ISNI0000000073678008 $a Pilon $b Alain $f 1960-.... $4 070
801  0 $a FR $b FR-751131015 $c 20151014 $g AFNOR $h FRBNF444328280000007 $2 intermrc
999    $a FRBNF444328280000007
995    $0 0 $2 0 $4 0 $5 2016-05-03 $9 339993 $P 14.50 $b MED $c MED $e MED2C $f C2200001216 $h JABEFAE $k E A/PIL $o 0 $p 14.50 $r PRETLIV $s E_A_PIL $w 11 $y 2024-01-13
995    $0 0 $2 0 $4 0 $5 2016-06-01 $9 342083 $P 14.50 $b MED $c MED $e MED0A $f C2100006081 $h JABEFAE $k EXT E A/MAR $o 0 $p 14.50 $r PRETLIV $s EXT_E_AMAR $w 3 $y 2022-06-21

