01651cam a2200397   4500
001 286237
003 http://www.mediathequederoubaix.fr/ark:/20179/KH286237
010    $a 978-2-218-99359-6 $b br. $d 4,80 EUR
033    $a http://catalogue.bnf.fr/ark:/12148/cb445270767
035    $a FRBNF445270760000002
073  0 $a 9782218993596
090    $a 286237
091    $a 2 $b 20240516 $c 1
099    $t LI $x 42 $d 2024-05-16 $c 2016-04-23
100    $a 20160314d2016    a  y0frey50      ba
101 0  $a fre
102    $a FR
105    $a a   z   00|||
106    $a r
181  0 $6 01 $a i  $b xxxe   $a b  $b xb2e  
181    $6 02 $c txt $c sti $2 rdacontent
182  0 $6 01 $a n
182    $6 02 $c n $2 rdamedia
200 1  $a Le triomphe de feuille-de-vent $b Texte imprimé $f écrit par Michel Piquemal $g illustré par Antoine Bonnel
210    $a Paris $c Hatier jeunesse $d 2016
215    $a 1 vol. (28 p.) $c ill. en coul., couv. ill. en coul. $d 19 cm
225 19 $a Petits Cheyennes
225    $a Hatier poche $e premières lectures $e je lis tout seul $x 2100-2843 $v 157
339    $a a
410  0 $0 41052213 $t Hatier poche $x 2100-2843 $v 157
608    $a Premières lectures $2 CNLJ $k Avis critique donné par le Centre national de la littérature pour la jeunesse
700    $3 12083002 $9 9576 $o ISNI0000000121464590 $a Piquemal $b Michel $f 1954-.... $4 070
702    $3 16954680 $9 265673 $o ISNI0000000448970057 $a Bonnel $b Antoine $4 440
801  0 $a FR $b FR-751131015 $c 20160314 $g AFNOR $h FRBNF445270760000002 $2 intermrc
999    $a FRBNF445270760000002
995    $0 0 $2 0 $4 0 $5 2016-04-27 $9 339768 $P 4.80 $b MED $c MED $e MED2A $f C2100004891 $h JRORMZZ $k PRE R/PIQ $o 0 $p 4.80 $r PRETLIV $s PRE_R_PIQ $w 42 $y 2023-04-01

