01872ngm0a22003251i 4500
001 286368
003 http://www.mediathequederoubaix.fr/ark:/20179/KH286368
010    $d 37,32 EUR TTC
073  0 $a 5051889565420 $d 53,32 EUR TTC
090    $a 286368
091    $a 1 $b 20240516 $c 0
099    $t VD $x 57 $d 2024-05-16 $c 2016-04-28
100    $a 20160428d2015    u  y0frey5003    ba
101    $a ita $j fre
102    $a IT
200 1  $a Mia madre $b DVD $f Nanni Moretti, réal. $g Nanni Moretti, Francesco Piccolo, Valia Santella, scénario $g Margherita Buy, John Turturro, Giulia Lazzarini... [et al.], act.
210    $c Le Pacte $d 2016
215    $a 1 DVD (1h 42 min) PAL $c 16/9, Couleur, Dolby Digital 2.0, 5.1
300    $a Prêt
300    $a Scènes coupées, bande-annonce.
330    $a Margherita est une réalisatrice en plein tournage d'un film dont le rôle principal est tenu par un célèbre acteur américain. A ses questionnements d'artiste engagée, se mêlent des angoisses d'ordre privé : sa mère est à l'hôpital, sa fille en pleine crise d'adolescence. Et son frère, quant à lui, se montre comme toujours irréprochable... Margherita parviendra-t-elle à se sentir à la hauteur, dans son travail comme dans sa famille ? 
339    $a m
700    $7 ba0yba0y $8 fre    $a Moretti $b Nanni $f 1953-.... $4 370 $4 690 $4 630 $3 13941026 $9 98062
702    $7 ba0yba0y $8 fre    $a Buy $b Margherita $f 1962-.... $4 005 $3 14160617 $9 265727
702  0 $a Lazzarini $b Giulia $4 005 $3 14655790 $9 265728
702  0 $a Piccolo $b Francesco $4 690
702    $7 ba0yba0y $8 fre    $a Santella $b Valia $4 690 $3 16749804 $9 265729
702    $7 ba0yba0y $8 fre    $a Turturro $b John $f 1957-.... $4 005 $3 13956703 $9 14789
801  0 $a FR $b COLACO $c 20160428 $g AFNOR
995    $0 0 $2 0 $4 0 $5 2016-05-24 $9 341491 $P 37.32 $b MED $c MED $e MED1A $f C2200001658 $h AAPCIFI $k DVD/F MOR $o 0 $p 37.32 $r PRETDVD $s DVD_F_MOR $u Surprise $w 57 $y 2024-01-24 $7  $8  $A  $m  $z 

