00963njm a22002053  4500
001 286490
003 http://www.mediathequederoubaix.fr/ark:/20179/KH286490
090    $a 286490
091    $a 1 $b 20240510 $c 0
099    $t DV $x 4 $d 2024-05-10 $c 2016-05-03
100    $a 20160503d1983    u||y0frey50      ba
101    $a fre
200    $a Searching for the young soul rebels $b Enr. sonore $f Dexys Midnight Runners
210    $d 1983
215    $a 1 vinyl $c 33 t $d 30cm
327    $a Face A : Burn it down $a Tell me when my light turns green $a The teams that meet in caffs $a I'm just looking $a Geno $a Face B : Seven days too long $a I couldn't help if i tried $a Thankfully not living in yorkshire it doesn't apply $a Keep it $a Love pt.1 $a There, there, my dear
679    $a 2
801    $a FR $b 595126101 $c 20160503 $g AFNOR
339    $a m
995    $0 0 $2 0 $4 0 $5 2016-05-03 $9 340003 $P 10.00 $b MED $c MED $e MED1A $f C3100001216 $h AMV20ZZ $k DISQ30/2  DEX $o 0 $p 10.00 $r PRETSON $s DISQ_30_200000000000000_DEX $w 4 $y 2023-11-10

