00879njm a22002053  4500
001 286625
003 http://www.mediathequederoubaix.fr/ark:/20179/KH286625
090    $a 286625
091    $a 1 $b 20240510 $c 0
099    $t DV $x 1 $d 2024-05-10 $c 2016-05-04
100    $a 20160504d1985    u||y0frey50      ba
101    $a fre
200    $a Terminal tower $b Enr. sonore $e An archival collection $f Pere Ubu
210    $d 1985
215    $a 1 vinyl $c 33t $d 30cm
327    $a Face A : Heart of darkness $a 30 seconds over Tokyo $a Final solution $a Cloud 149 $a Untiled $a My dark ages $a Face B : Heaven $a The book is on the table $a Humor me (live) $a Not happy $a Lonesome cowboy Dave
679    $a 2
801    $a FR $b 595126101 $c 20160504 $g AFNOR
339    $a m
995    $0 0 $2 0 $4 0 $5 2016-05-04 $9 340138 $P 10.00 $b MED $c MED $e MED3C $f C3100001225 $h AMV20ZZ $k DISQ30/2  PER $o 0 $p 10.00 $r PRETSON $s DISQ_30_200000000000000_PER $w 1 $y 2016-05-31

