01572cam a2200409   4500
001 286740
003 http://www.mediathequederoubaix.fr/ark:/20179/KH286740
010    $a 978-2-37119-040-5 $b br. $d 22,90 EUR
020    $a FR $b 01622679
033    $a http://catalogue.bnf.fr/ark:/12148/cb445260195
035    $a FRBNF445260190000001
073  0 $a 9782371190405
090    $a 286740
091    $b 20240516 $c 1 $a 2
099    $t LI $x 20 $d 2024-05-16 $c 2016-05-10
100    $a 20160311d2016    m  y0frey50      ba
101 1  $a fre $c dan
102    $a FR
105    $a ||||z   00|a|
106    $a r
181  0 $6 01 $a i  $b xxxe  
181    $6 02 $c txt $2 rdacontent
182  0 $6 01 $a n
182    $6 02 $c n $2 rdamedia
200 1  $a Troubles $b Texte imprimé $f Jesper Stein $g traduit du danois par Jean Renaud
210    $a [Paris] $c Piranha $d DL 2016 $e 14-Condé-sur-Noireau $g Impr. Corlet
215    $a 1 vol (410 p.) $d 22 cm
225    $a Black Piranha $x 2428-8616
339    $a m
410  0 $0 44372653 $t Black (Piranha) $x 2428-8616 $d 2016
454  1 $t Uro
686    $a 803 $2 Cadre de classement de la Bibliographie nationale française
700    $3 17039902 $9 265891 $a Stein $b Jesper $f 1965-.... $4 070
702    $3 11921520 $9 34583 $o ISNI0000000079702902 $a Renaud $b Jean $f 1947-.... $c spécialiste de la civilisation scandinave $4 730
801  0 $a FR $b FR-751131015 $c 20160311 $g AFNOR $h FRBNF445260190000001 $2 intermrc
999    $a FRBNF445260190000001
995    $0 0 $2 0 $3 0 $4 0 $5 2016-05-10 $9 340476 $P 22.90 $b MED $c MED $e MED1A $f C2100005683 $h ALTROPL $k RP/STE $o 0 $p 22.90 $r PRETLIV $s RPSTE $w 20 $y 2023-12-14 $A 0

