01962cam a2200433   4500
001 287007
003 http://www.mediathequederoubaix.fr/ark:/20179/KH287007
010    $a 978-2-7459-7675-8 $b br. $d 5,70 EUR
020    $a FR $b 01627833
033    $a http://catalogue.bnf.fr/ark:/12148/cb450017606
035    $a FRBNF450017600000004
073  0 $a 9782745976758
090    $a 287007
091    $b 20240516 $c 1 $a 2
099    $t LI $x 82 $d 2024-05-16 $c 2016-05-17
100    $a 20160316d2016    a  y0frey50      ba
101 0  $a fre
102    $a FR
105    $a ||||z   00|a|
106    $a r
181  0 $6 01 $a i  $b xxxe  
181    $6 02 $c txt $2 rdacontent
182  0 $6 01 $a n
182    $6 02 $c n $2 rdamedia
200 1  $a Arnaque à Central Park $b Texte imprimé $f de Jean-Michel Payet $g illustré par Mélanie Allag
210    $a Toulouse $c Milan $d DL 2016 $e 85-Luçon $g Impr. Pollina
215    $a 1 vol. (37 p.) $c ill. en coul. $d 18 cm
225 19 $a Les enquêtes de Scarlett et Watson
225    $a Milan poche cadet $e polar ! $v 206
339    $a a
410  0 $0 37124113 $t Milan poche cadet (Toulouse. 1999) $x 1298-2962 $v 206
686    $a 809 $2 Cadre de classement de la Bibliographie nationale française
700    $3 12050768 $9 35983 $o ISNI0000000121002804 $a Payet $b Jean-Michel $f 1955-.... $4 070
702    $3 15817027 $9 104088 $o ISNI0000000004662141 $a Allag $b Mélanie $f 1981-.... $4 440
801  0 $a FR $b FR-751131015 $c 20160316 $g AFNOR $h FRBNF450017600000004 $2 intermrc
999    $a FRBNF450017600000004
995    $0 0 $2 1 $4 0 $5 2016-05-24 $9 341384 $P 5.70 $b MED $c MED $e MED0A $f C2200001534 $h JROPLZZ $k EXT E R P/PAY $n 2020-04-10 $o 0 $p 5.70 $r PRETLIV $s EXT_E_R_PPAY $w 18 $y 2020-02-18 $8 MA037
995    $0 0 $2 0 $4 0 $5 2016-06-24 $9 343812 $P 5.70 $b MED $c MED $e MED2A $f C2200001882 $h JRORMZZ $k PRE R/PAY $n 2024-05-16 $o 0 $p 5.70 $r PRETLIV $s PRE_R_PAY $w 41 $y 2024-04-25
995    $0 0 $2 0 $4 0 $5 2018-10-27 $9 383726 $b BUS $c BUS $e BUS1A $f C2500010474 $h JRORMZZ $k BUS E PRE/MIL $o 0 $p 5.70 $r PRETLIV $s BUS_E_PRE_MIL $w 23 $y 2023-12-23 $A 0

