01019nam a2200265   4500
001 287116
003 http://www.mediathequederoubaix.fr/ark:/20179/KH287116
090    $a 287116
091    $a 0
099    $t LI $d 2022-09-16
100    $a 20160520d1931    m||y0frey50      ba
101    $a fre
200    $a Le miroir magique $f par Thérèse Lenotre $b ill. de Simone d'Avène
210    $a Paris $c Larousse $d 1931
215    $a 32 p. $c ill. en coul., couv. ill. en coul. $d 29 cm
300    $a Don de Aurore Janon, 2015
300    $a Ex-libris ms. Marie-Thérèse Galland
310    $a Reliure en mauvais état
700    $9 293341 $a Lenôtre $b Thérèse $f 1894-1986
702    $4 440 $9 264570 $a Avène $b Simone d'
702    $4 390 $9 264574 $a Galland $b Marie-Thérèse 
702    $4 390 $7 ba0yba0y $8 fre    $a Janon $b Aurore $9 56059
801    $a FR $b 595126101 $c 20160520 $g AFNOR
339    $a m
995    $0 0 $2 0 $4 0 $5 2016-05-20 $9 341211 $b MED $c MED $e MED3J $f C0005781690 $h PPEFGZZ $k MAG L/P 4/210 396 $o 2 $r PRETLIV $s MAG_LP_4210_396000000000000 $w 0 $y 2016-05-20

