00598nam a2200169   4500
001 287238
003 http://www.mediathequederoubaix.fr/ark:/20179/KH287238
090    $a 287238
091    $a 0
099    $t LI
100    $a 20160524d        m||y0frey50      ba
101    $a fre
200    $a Mon chien Tom $e chansons d'enfants
300    $a Achat Aurore Janon, 2011 
801    $a FR $b 595126101 $c 20160524 $g AFNOR
339    $a m
995    $0 0 $2 0 $4 0 $5 2016-05-24 $9 341397 $b MED $c MED $e MED3K $f C0005929450 $h PPEFGZZ $k MAG L/P Fol/301 136 $o -2 $r PRETLIV $s MAG_LP_FOL301_136_000000000000 $u doc manquant 15/3/23 $w 0 $y 2016-05-24 $7  $8  $A  $m  $z 

