01790cam a2200445   4500
001 287364
003 http://www.mediathequederoubaix.fr/ark:/20179/KH287364
010    $a 978-2-01-396770-9 $b br. $d 15,90 EUR
020    $a FR $b 01635952
033    $a http://catalogue.bnf.fr/ark:/12148/cb450558714
035    $a FRBNF45055871000000X
073  0 $a 9782013967709
090    $a 287364
091    $b 20240516 $c 1 $a 2
099    $t LI $x 31 $d 2024-05-16 $c 2016-05-25
100    $a 20160608d2016    m  y0frey50      ba
101 0  $a fre
102    $a FR
105    $a ||||z   00|y|
106    $a r
181  0 $6 01 $a i  $b xxxe  
181    $6 02 $c txt $2 rdacontent
182  0 $6 01 $a n
182    $6 02 $c n $2 rdamedia
200 1  $a Détournez les objets du quotidien $b Texte imprimé $e 50 créations DIY pour la maison $f Sonia Lucano $g photographies de Frédéric Lucano
210    $a Vanves $c Hachette loisirs $d DL 2016 $e impr. en Espagne
215    $a 1 vol. (159 p.) $c ill. en coul. $d 29 cm
300    $a DIY = do it yourself
300    $a Index
339    $a m
606    $3 11939197 $9 5142 $a Objets usuels $3 11976259 $9 18548 $x Recyclage $2 rameau
606    $3 13162865 $9 5206 $a Décoration intérieure $2 rameau
608    $3 11976167 $9 3372 $a Manuels d'amateurs $2 rameau
676    $a 745.584 $v 23
686    $a 740 $2 Cadre de classement de la Bibliographie nationale française
700    $3 13621227 $9 73812 $o ISNI0000000076908921 $a Lucano $b Sonia $4 070
702    $3 13628652 $9 14509 $o ISNI0000000076934839 $a Lucano $b Frédéric $4 440
801  0 $a FR $b FR-751131015 $c 20160608 $g AFNOR $h FRBNF45055871000000X $2 intermrc
999    $a FRBNF45055871000000X
995    $0 0 $2 0 $4 0 $5 2016-05-26 $9 341668 $P 15.90 $b MED $c MED $e MED1A $f C2200001689 $h AAPATLC $k Doc./707 DEC $o 0 $p 15.90 $r PRETLIV $s DOC___707_000000000000000_DEC $w 31 $y 2023-09-29

