02490cam a2200469   4500
001 287480
003 http://www.mediathequederoubaix.fr/ark:/20179/KH287480
010    $a 978-2-8116-1906-0 $b br. $d 7,20 EUR
020    $a FR $b 01530000
033    $a http://catalogue.bnf.fr/ark:/12148/cb443124788
035    $a FRBNF443124780000007
073  0 $a 9782811619060
090    $a 287480
091    $b 20240517 $c 1 $a 2
099    $t LI $x 56 $d 2024-05-17 $c 2016-05-25
100    $a 20150414d2015    m  y0frey50      ba
101 1  $a fre $c jpn
102    $a FR
105    $a ||||t   00|a|
106    $a r
181  0 $6 01 $a i  $b xxxe   $a b  $b xb2e  
181    $6 02 $c txt $c sti $2 rdacontent
182  0 $6 01 $a n
182    $6 02 $c n $2 rdamedia
200 1  $a Noragami $h 3 $b Texte imprimé $f Adachitoka
210    $a [Boulogne] $c Pika édition $d DL 2015 $e impr. en Italie
215    $a 1 vol. (191 p.) $c ill. $d 18 cm
225    $a Pika shônen $x 2102-2932 [sic]
300    $a ISSN exact : 2100-2932
321    $a La Revue des livres pour enfants. Sélection annuelle $c 285
329    $a Yato est un jeune dieu à tout faire totalement inconnu et sans aucun admirateur. Il traque les ayakashi, créatures surnaturelles maléfiques qui cherchent à prendre possession d'un corps humain pour passer à l'acte. En lui sauvant la vie, Hiyori, une jeune fille jusque-là tout à fait ordinaire, se retrouve dotée de la faculté de les voir. Surgit Youkine, adolescent mort à 14 ans, embauché comme shinki (attribut divin) par Yato. Une histoire moins loufoque qu'il y paraît et qui s'étoffe au fil des tomes. $d 20151101 $2 CNLJ $k Avis critique donné par le Centre national de la littérature pour la jeunesse
333    $a À partir de 11 ans $2 CNLJ $k Avis critique donné par le Centre national de la littérature pour la jeunesse
339    $a m
410  0 $0 41436495 $t Collection Pika shônen $x 2100-2932 $d 2015
454  1 $t Noragami $h Vol. 3
461  0 $0 44283870 $t Noragami $v 3
608    $a Bandes dessinées $2 CNLJ $k Avis critique donné par le Centre national de la littérature pour la jeunesse
686    $a 805 $2 Cadre de classement de la Bibliographie nationale française
700    $3 15681038 $9 96681 $o ISNI0000000093711944 $a Adachitoka $4 070
801  0 $a FR $b FR-751131015 $c 20150414 $g AFNOR $h FRBNF443124780000007 $2 intermrc
999    $a FRBNF443124780000007
995    $0 0 $2 0 $4 0 $5 2016-06-04 $9 342392 $P 7.20 $b MED $c MED $e MED3H $f C2100006259 $h AAPBDMG $k BD MANGA/ADA $o 0 $p 7.20 $r PRETLIV $s BD_MANGA_ADA $w 56 $y 2023-07-05

