01867ngm0a22003251i 4500
001 287625
003 http://www.mediathequederoubaix.fr/ark:/20179/KH287625
010    $d 56,56 EUR TTC
073  0 $a 3700724902488 $d 80,80 EUR TTC
090    $a 287625
091    $a 1 $b 20240517 $c 0
099    $t VD $x 52 $d 2024-05-17 $c 2016-05-27
100    $a 20160527d2015    u  y0frey5003    ba
101    $a fre
102    $a FR
200 1  $a Encore heureux $b DVD $f Benoît Graffin, réal. $g Deborah Saïag, Mika Tard, scénario $g Nicolas Bedos, Benoît Graffin, dial. $g Edouard Baer, Sandrine Kiberlain, Carla Besnaïnou... [et al.], act.
210    $c Europacorp $d 2016
215    $a 1 DVD (1 h 29 min) PAL $c 16/9 compatible 4/3, Couleur, Dolby Digital 5.1
300    $a Prêt + Location
330    $a D'accord, Marie est un peu fatiguée de l'insouciance de son mari Sam, cadre supérieur au chômage depuis deux ans. D'accord, elle est très tentée de se laisser séduire par ce bel inconnu qui lui fait la cour. D'accord, il y a aussi le concours de piano de sa fille... Si cet équilibre dingue et léger tient à peu près debout, un événement inattendu jette toute la famille sur un chemin encore plus fou. 
339    $a m
700    $7 ba0yba0y $8 fre    $a Graffin $b Benoît $f 1966-.... $4 370 $4 090 $3 14102620 $9 94732
702    $7 ba0yba0y $8 fre    $a Baer $b Édouard $f 1966-.... $4 005 $3 14031988 $9 39950
702    $7 ba0yba0y $8 fre    $a Kiberlain $b Sandrine $f 1968-.... $4 005 $3 14013118 $9 66463
702  1 $a Besnaïnou $b Carla $4 005
702  1 $a Saïag $b Deborah $4 690 $3 15603380 $9 266171
702  1 $a Tard $b Mika $4 690 $3 15020113 $9 266172
702    $7 ba0yba0y $8 fre    $a Bedos $b Nicolas $f 1980-.... $4 090 $3 14609118 $9 116113
801  0 $a FR $b COLACO $c 20160527 $g AFNOR
995    $0 0 $2 0 $4 0 $5 2016-06-17 $9 343228 $P 56.56 $b MED $c MED $e MED1A $f C2100006693 $h AAPCIFI $k DVD/F GRA $o 0 $p 56.56 $r PRETDVD $s DVD_F_GRA $w 52 $y 2023-09-01

