01806cam a2200421   4500
001 287746
003 http://www.mediathequederoubaix.fr/ark:/20179/KH287746
010    $a 978-2-271-06996-2 $b br. $d 26 EUR
020    $a FR $b 01644451
033    $a http://catalogue.bnf.fr/ark:/12148/cb45066877n
035    $a FRBNF450668770000001
073  0 $a 9782271069962
090    $a 287746
091    $b 20240517 $c 1 $a 2
099    $t LI $x 17 $d 2024-05-17 $c 2016-05-28
100    $a 20160623d2016    m  h0frey50      ba
101 0  $a fre
102    $a FR
105    $a ||||z   00|y|
106    $a r
181  0 $6 01 $a i  $b xxxe  
181    $6 02 $c txt $2 rdacontent
182  0 $6 01 $a n
182    $6 02 $c n $2 rdamedia
200 1  $a Le gouvernement divin $b Texte imprimé $e islam et conception politique du monde $e théologie de Mullā Ṣadrā $f Christian Jambet
210    $a Paris $c CNRS éditions $d DL 2016 $e 58-Clamecy $g Impr. Laballery
215    $a 1 vol. (469 p.) $d 23 cm
225    $a CNRS philosophie $x 1248-5284
339    $a m
410  0 $0 34280324 $t CNRS philosophie $x 1248-5284 $d 2016
600    $3 12081835 $9 266187 $a Ṣadr al-Dīn al-Šīrāzī $b Muḥammad ibn Ibrāhīm $f 1571-1640 $3 12042895 $9 333 $x Critique et interprétation $2 rameau
606    $3 11942087 $9 266188 $a Gouvernement divin $3 13318428 $9 8572 $x Islam $3 11975998 $9 3769 $z 17e siècle $2 rameau
676    $a 181.07 $v 23
686    $a 100 $2 Cadre de classement de la Bibliographie nationale française
700    $3 11908534 $9 9858 $o ISNI0000000121473075 $a Jambet $b Christian $f 1949-.... $4 070
801  0 $a FR $b FR-751131015 $c 20160623 $g AFNOR $h FRBNF450668770000001 $2 intermrc
999    $a FRBNF450668770000001
995    $0 0 $2 0 $4 0 $5 2023-05-04 $9 460137 $b MED $c MED $e MED3A $f C2400004475 $h ACFREZZ $k Doc./251 TXT $o 0 $r PRETLIV $s DOC___251_000000000000000_TXT $w 2 $y 2023-08-08 $7  $8  $A  $m  $z 

