01758ngm0a22003131i 4500
001 287962
003 http://www.mediathequederoubaix.fr/ark:/20179/KH287962
010    $d 41,57 EUR TTC
073  0 $a 5053083068639 $d 59,39 EUR TTC
090    $a 287962
099 00 $x 42 $t VD $d 2024-05-17 $c 2016-06-02
100    $a 20160602d2015    u  y0frey5003    ba
101    $a fre
102    $a FR
200 1  $a Avril et le monde truqué $b DVD $f Christian Desmares, réal. $g Franck Ekinci, réal. $g Benjamin Legrand, Franck Ekinci, scénario $g Valentin Hadjadj, mus.
210    $c Studio Canal $d 2016
215    $a 1 DVD (101 min) PAL $c 16/9, Couleur, Dolby Digital 5.1
300    $a Making of.
300    $a Prêt + Consultation
330    $a 1941. Napoléon V règne sur la France, où, comme partout sur le globe, depuis 70 ans, les savants disparaissent mystérieusement, privant l'humanité d'inventions capitales. C'est dans ce monde étrange qu'une jeune fille, Avril, part à la recherche de ses parents, scientifiques disparus, en compagnie de Darwin, son chat parlant, et de Julius, jeune gredin des rues. Ce trio devra affronter les dangers et les mystères de ce monde. Qui enlève les savants depuis des décennies ? Dans quel sinistre but ? Avec les voix de Marion Cotillard, Philippe Katerine et Jean Rochefort.
333    $a Dès 6 ans
700  1 $a Desmares $b Christian $4 370 $3 17007260 $9 267072
702  1 $a Legrand $b Benjamin $4 690
702  1 $a Ekinci $b Franck $4 690 $3 14095811 $9 267073
702  1 $a Hadjadj $b Valentin $4 230
801  0 $a FR $b COLACO $c 20160602
339    $a a
091    $a 1 $b 20240517 $c 0
995    $0 0 $2 0 $4 0 $5 2017-02-24 $9 355889 $b BUS $c BUS $e BUS1A $f C2500002176 $h JCIFED3 $k DVDBUS/E DA AVR $o -3 $p 41.57 $r PRETDVD $s DVDBUS_E_DA_AVR $u Armoire Agnès $w 8 $y 2019-12-21 $A 0

