03061cam a2200481   4500
001 288160
003 http://www.mediathequederoubaix.fr/ark:/20179/KH288160
010    $a 978-2-74-851697-5 $b rel. $d 12,90 EUR
020    $a FR $b 01553932
033    $a http://catalogue.bnf.fr/ark:/12148/cb443647329
035    $a FRBNF443647320000001
073  0 $a 9782748516975
090    $a 288160
091    $b 20240517 $c 1 $a 2
099    $t LI $x 21 $d 2024-05-17 $c 2016-06-03
100    $a 20150626d2015    a  y0frey50      ba
101 0  $a fre
102    $a FR
105    $a ||||z   00|a|
106    $a r
181  0 $6 01 $a i  $b xxxe  
181    $6 02 $c txt $2 rdacontent
182  0 $6 01 $a n
182    $6 02 $c n $2 rdamedia
200 1  $a Une maison pour quatre $b Texte imprimé $f une histoire racontée par Gilles Bizouerne $g illustrée par Élodie Balandras
210    $a [Paris] $c Syros $d DL 2015 $e 85-Luçon $g Impr. Pollina
215    $a 1 vol. (non paginé [24] p.) $c ill. en coul. $d 33 cm
225    $a Paroles de conteurs $e petites oreilles
321    $a La Revue des livres pour enfants. Sélection annuelle $c 285
329    $c Coup de coeur ! $2 CNLJ $k Avis critique donné par le Centre national de la littérature pour la jeunesse
329    $c Coup de coeur ! $a Construire une maison ensemble ? Bonne idée ! Tigre, Éléphant, Serpent et Hibou unissent leur savoir-faire. Établir des règles pour bien s'entendre ? Une nécessité ! Mais le réveil en sursaut de Tigre va provoquer une panique générale et faire voler en éclat ce beau projet. Cette histoire, adaptée de contes africains, est pleine de bon sens et d'humour. Devinettes rimées pour découvrir les animaux, texte bien rythmé, onomatopées et illustrations très colorées font de ce livre un régal pour les petits. $d 20151101 $2 CNLJ $k Avis critique donné par le Centre national de la littérature pour la jeunesse
333    $a À partir de 3 ans $2 CNLJ $k Avis critique donné par le Centre national de la littérature pour la jeunesse
339    $a a
410  0 $0 41301280 $t Album Paroles de conteurs $x 1959-3767 $d 2015
608    $a Contes, légendes et folklore $2 CNLJ $k Avis critique donné par le Centre national de la littérature pour la jeunesse
686    $a 809 $2 Cadre de classement de la Bibliographie nationale française
700    $3 14619655 $9 8481 $o ISNI0000000121330488 $a Bizouerne $b Gilles $f 1978-.... $4 070
702    $3 14570780 $9 82335 $o ISNI0000000121367803 $a Balandras $b Élodie $f 1981-.... $4 440
801  0 $a FR $b FR-751131015 $c 20150626 $g AFNOR $h FRBNF443647320000001 $2 intermrc
999    $a FRBNF443647320000001
995    $0 0 $2 0 $4 0 $5 2016-06-03 $9 342340 $P 12.90 $b MED $c MED $e MED0A $f C2100005993 $h JABEFAE $k EXT E A/BIZ $n 2024-07-13 $o 0 $p 12.90 $r PRETLIV $s EXT_E_A_BIZ $w 9 $y 2023-09-14
995    $0 0 $2 1 $4 0 $5 2016-06-03 $9 342341 $P 12.90 $b MED $c MED $e MED0A $f C2100005994 $h JABEFAE $k EXT E A/BIZ $n 2020-07-05 $o 0 $p 12.90 $r PRETLIV $s EXT_E_ABIZ $w 6 $y 2019-09-18
995    $0 0 $2 0 $4 0 $5 2016-06-03 $9 342342 $P 12.90 $b MED $c MED $e MED0A $f C2100005995 $h JABEFAE $k EXT E A/BIZ $n 2024-07-11 $o 0 $p 12.90 $r PRETLIV $s EXT_E_A_BIZ $w 6 $y 2023-09-28

