01789cam a2200433   4500
001 288458
003 http://www.mediathequederoubaix.fr/ark:/20179/KH288458
010    $a 978-2-302-05050-1 $b rel. $d 14,95 EUR
020    $a FR $b 01624739
033    $a http://catalogue.bnf.fr/ark:/12148/cb45006447c
035    $a FRBNF450064470000009
073  0 $a 9782302050501
090    $a 288458
091    $b 20240517 $c 1 $a 2
099    $t LI $x 34 $d 2024-05-17 $c 2016-06-14
100    $a 20160324d2016    m  y0frey50      ba
101 0  $a fre
102    $a FR
105    $a ||||t   00|a|
106    $a r
181  0 $6 01 $a i  $b xxxe   $a b  $b xb2e  
181    $6 02 $c txt $c sti $2 rdacontent
182  0 $6 01 $a n
182    $6 02 $c n $2 rdamedia
200 1  $a Le clairvoyant $b Texte imprimé $f scénario, Antoine Tracqui $g dessin, Lucio Leoni & Emanuela Negrin $g couleurs, Cyril Saint-Blancat
210    $a Toulon $a Paris $c Soleil $d DL 2016 $e impr. en Belgique
215    $a 1 vol. (52 p.) $c ill. en coul. $d 33 cm
225 19 $a Oracle $v 7
225    $a Une série dirigée par Jean-Luc Istin
339    $a m
410  0 $0 42675250 $t Une Série dirigée par Jean-Luc Istin $d 2016
461  0 $0 43833611 $t Oracle $v 7
686    $a 805 $2 Cadre de classement de la Bibliographie nationale française
700    $3 16730293 $9 120111 $o ISNI0000000424753496 $a Tracqui $b Antoine $f 1961-.... $4 070
702    $3 16573326 $9 109417 $o ISNI0000000080674048 $a Leoni $b Lucio Alberto $f 1968-.... $4 440
702    $3 15748791 $9 94217 $o ISNI0000000002333694 $a Negrin $b Emanuela $f 1971-.... $4 440
801  0 $a FR $b FR-751131015 $c 20160324 $g AFNOR $h FRBNF450064470000009 $2 intermrc
999    $a FRBNF450064470000009
995    $0 0 $2 0 $4 0 $5 2016-06-17 $9 343206 $P 14.95 $b MED $c MED $e MED3H $f C2100006429 $h AAPBDSR $k BD/SERIES $o 0 $p 14.95 $r PRETLIV $s BD_SERIES $w 34 $y 2022-08-24

