01746ngm0a22003251i 4500
001 288590
003 http://www.mediathequederoubaix.fr/ark:/20179/KH288590
010    $d 33,57 EUR TTC
073  0 $a 3384442266437 $d 47,96 EUR TTC
090    $a 288590
091    $a 1 $b 20240517 $c 0
099    $t VD $x 32 $d 2024-05-17 $c 2016-06-17
100    $a 20160617d2015    u  y0frey5003    ba
101    $a fre
102    $a FR
200 1  $a Peur de rien $b DVD $f Danielle Arbid, réal. $g Danielle Arbid, Julie Peyr, Pierre Schoeller, scénario $g Vincent Lacoste, Paul Hamy, Manal Issa... [et al.], act.
210    $c Ad Vitam $d 2016
215    $a 1 DVD (2h 06 min) PAL $c 16/9, Couleur, Dolby Digital 2.0, 5.1
300    $a Prêt
300    $a Prix de la presse étrangère à l'Académie des Lumières, France, 2015, Prix de la meilleure actrice (Manal Issa) au Festival de cinéma européen des Arcs, France, 2015
330    $a Lina, 18 ans, débarque à Paris pour ses études. Elle vient chercher ce qu'elle n'a jamais trouvé au Liban, son pays d'origine : une certaine forme de liberté. L'instinct de survie comme seul bagage, elle vogue d'un Paris à l'autre au rythme de ses rencontres amoureuses. Parce qu'à 18 ans, on rêve d'embrasser le monde et pas qu'un seul garçon... 
339    $a m
700  1 $a Arbid $b Danielle $f 1970-.... $4 370 $4 690 $3 14454942 $9 266447
702  1 $a Lacoste $b Vincent $4 005
702  1 $a Hamy $b Paul $4 005
702  1 $a Issa $b Manal $4 005
702    $7 ba0yba0y $8 fre    $a Peyr $b Julie $f 1975-.... $4 690 $3 15015686 $9 121573
702  1 $a Schoeller $b Pierre $4 690
801  0 $a FR $b COLACO $c 20160617 $g AFNOR
995    $0 0 $2 0 $4 0 $5 2016-06-28 $9 343937 $P 33.57 $b MED $c MED $e MED1A $f C2200002375 $h AAPCIFI $k DVD/F ARB $o 0 $p 33.57 $r PRETDVD $s DVD_F_ARB $w 32 $y 2023-10-14

