01879cmm a2200505   4500
001 288705
003 http://www.mediathequederoubaix.fr/ark:/20179/KH288705
010    $a 978-2-226-31686-8 $d 19 EUR
020    $a FR $b 71612438
033    $a http://catalogue.bnf.fr/ark:/12148/cb444109263
035    $a FRBNF444109260000001
073  0 $a 9782226316868
090    $a 288705
091    $b 20240517 $c 1 $a 2
099    $t LI $x 23 $d 2024-05-17 $c 2016-06-23
100    $a 20150908d2015    u  y0frey50      ba
101 0  $a fre
102    $a FR
105    $a y   z   000y|
106    $a r
126    $a aguxhxx||||||ud $b bex
181  0 $6 01 $a i  $b xxxe  
181    $6 02 $c txt $2 rdacontent
181  0 $6 03 $a d  $b bxxa  
181    $6 04 $c prm $2 rdacontent
182  0 $6 01 $a n
182    $6 02 $c n $2 rdamedia
182  0 $6 03 $a a
182    $6 04 $c s $2 rdamedia
200 1  $a Enfants, ados... les aider à dormir enfin $e des solutions pour parents épuisés $f Michèle Freud $b Multimédia multisupport $f Michèle Freud
210    $a Paris $c Albin Michel $d 2015
215    $a 1 vol. (262 p.) $d 23 cm
215    $a 1 disque compact
300    $a Bibliogr. p.253-[256]
339    $a m
606    $3 12047762 $9 87960 $a Troubles du sommeil $3 16658789 $9 50857 $x Chez l'enfant $2 rameau
608    $3 11975688 $9 1606 $a Guides pratiques $2 rameau
608    $a enregistrement parlé $2 frTAV
608    $a édition commerciale $2 frTAV
615    $a Psychologie $2 frTAV
686    $a 402 $2 Cadre de classement de la Bibliographie nationale française
700    $3 14099058 $9 266512 $o ISNI0000000001000839 $a Freud $b Michèle $4 070
801  0 $a FR $b FR-751131015 $c 20150908 $g AFNOR $h FRBNF444109260000001 $2 intermrc
999    $a FRBNF444109260000001
995    $0 0 $2 0 $4 0 $5 2016-08-02 $9 345625 $P 19.00 $b MED $c MED $e MED2A $f C2100007513 $h AAPPLPA $k E FP 601 SAN $o 0 $p 19.00 $r PRETLIV $s E_FP_601_000000000000000_SAN $w 23 $y 2023-12-20

