01366ngm0a22003491i 4500
001 288848
003 http://www.mediathequederoubaix.fr/ark:/20179/KH288848
010    $d 80,02 EUR TTC
073  0 $a 3344428060237 $d 114,32 EUR TTC
090    $a 288848
091    $a 1 $b 20240516 $c 0
099    $t VD $x 58 $d 2024-05-16 $c 2016-06-28
100    $a 20160602d2007    u  y0frey5003    ba
101    $a fre $j fre $a eng $j eng
102    $a US
200 1  $a La nuit au musée 2 $b DVD $f Shawn Levy, réal. $g Ben Garant, Michael Handelman, Thomas Lennon, scénario $g Alan Silvestri, mus. $g Ben Stiller, Robin Williams, Owen Wilson... [et al.], act.
210    $c 20th Century Fox $d 2015
215    $a 3 DVD (10 min) PAL $c 16/9 compatible 4/3, Couleur, Dolby Digital 5.1
300    $a Prêt
330    $a La nuit au musée 
333    $a Dès 10 ans
700  1 $a Levy $b Shawn $f 0000-.... $4 370
702  1 $a Stiller $b Ben $4 005
702  1 $a Williams $b Robin $f 1951-.... $4 005
702  1 $a Wilson $b Owen $f 1968-.... $4 005
702  1 $a Garant $b Ben $4 690
702  1 $a Handelman $b Michael $4 690
702  1 $a Lennon $b Thomas $4 690
702  1 $a Silvestri $b Alan $4 230
801  0 $a FR $b COLACO $c 20160602 $g AFNOR
339    $a a
995    $0 0 $2 0 $4 0 $5 2016-06-28 $9 343978 $P 80.02 $b MED $c MED $e MED2A $f C2500004411 $h JCIFEF1 $k DVD/E F NUI $l Contient un DVD $n 2024-05-31 $o 0 $p 80.02 $r PRETDVD $s DVD_E_F_NUI $w 58 $y 2024-04-06 $A 0

