01803cam a2200445   4500
001 289046
003 http://www.mediathequederoubaix.fr/ark:/20179/KH289046
010    $a 978-2-36480-390-9 $b rel. $d 14,95 EUR
020    $a FR $b 01712917
033    $a http://catalogue.bnf.fr/ark:/12148/cb451341455
035    $a FRBNF451341450000002
073  0 $a 9782364803909
090    $a 289046
091    $b 20240517 $c 1 $a 2
099    $t LI $x 8 $d 2024-05-17 $c 2016-07-05
100    $a 20161006d2015    a  y0frey50      ba
101 1  $a fre $c eng
102    $a FR
105    $a ||||z   00|y|
106    $a r
181  0 $6 01 $a i  $b xxxe   $a b  $b xb2e  
181    $6 02 $c txt $c sti $2 rdacontent
182  0 $6 01 $a n
182    $6 02 $c n $2 rdamedia
200 1  $a Star Wars $b Texte imprimé $e que la fête soit avec toi ! $e recettes et idées pour tes soirées galactiques $f par Mikyla Bruder $g photographies, Frankie Frankenie
210    $a Paris $c Huginn & Muninn $d DL 2015 $e impr. en Pologne
215    $a 1 vol. (63 p.) $c ill. en coul. $d 23 cm
300    $a Index
339    $a a
454  1 $t The Star Wars party book
606    $3 11931819 $9 5863 $a Cuisine $2 rameau
606    $3 11978849 $9 21861 $a Fêtes d'enfants $2 rameau
608    $3 12042408 $9 314947 $a Ouvrages pour la jeunesse $2 rameau
676    $a 641.512 3 $v 23
686    $a 640 $2 Cadre de classement de la Bibliographie nationale française
700    $3 17111384 $9 277014 $o ISNI000000003432993X $a Bruder $b Mikyla $4 070
702    $3 17111386 $9 277015 $o ISNI0000000460013081 $a Frankenie $b Frankie $4 440
801  0 $a FR $b FR-751131015 $c 20161006 $g AFNOR $h FRBNF451341450000002 $2 intermrc
999    $a FRBNF451341450000002
995    $0 0 $2 0 $4 0 $5 2016-07-05 $9 344179 $P 14.95 $b MED $c MED $e MED2A $f C2100006813 $h JDT70ZZ $k E/709 FET $o 0 $p 14.95 $r PRETLIV $s E_709_000000000000000_FET $w 8 $y 2022-07-09

