02063cam a2200421   4500
001 289169
003 http://www.mediathequederoubaix.fr/ark:/20179/KH289169
010    $a 978-2-84230-554-3 $b br. $d 18,50 EUR
020    $a FR $b 01633584
033    $a http://catalogue.bnf.fr/ark:/12148/cb45024929r
035    $a FRBNF450249290000006
073  0 $a 9782842305543
090    $a 289169
091    $b 20240517 $c 1 $a 2
099    $t LI $x 13 $d 2024-05-17 $c 2016-07-06
100    $a 20160421d2016    m  y0frey50      ba
101 1  $a fre $c eng
102    $a FR
105    $a ||||z   00|a|
106    $a r
181  0 $6 01 $a i  $b xxxe  
181    $6 02 $c txt $2 rdacontent
182  0 $6 01 $a n
182    $6 02 $c n $2 rdamedia
200 1  $a Le mystère du magicien disparu $b Texte imprimé $f Ian Sansom $g traduit de l'anglais par Dominique Chevallier
210    $a Paris $c Hoëbeke $d DL 2016 $e 18-Saint-Amand-Montrond $g Impr. CPI Bussière
215    $a 1 vol. (269 p.) $c ill. $d 21 cm
225 19 $a Les enquêtes en bibliobus d'Israël Armstrong
330    $a Israël Armstrong, bibliothécaire, sillonne les routes du nord de l'Irlande à bord de son bibliobus. Son quotidien monotone est éclairé par l'organisation d'une exposition itinérante qui commémore les 100 ans du magasin Dixon-Pickering. Mais monsieur Dixon, son propriétaire, également président de l'association des magiciens de l'Ulster, disparaît mystérieusement. ­Electre 2016
339    $a m
454  1 $t Mr Dixon disappears
461  0 $6 328861 $t Les enquêtes en bibliobus d'Israël Armstrong
686    $a 803 $2 Cadre de classement de la Bibliographie nationale française
700    $3 16743069 $9 120102 $o ISNI0000000063967594 $a Sansom $b Ian $f 1966-.... $4 070
702    $3 12559089 $9 100972 $o ISNI0000000110474232 $a Chevallier $b Dominique $f 1954-.... $4 730
801  0 $a FR $b FR-751131015 $c 20160421 $g AFNOR $h FRBNF450249290000006 $2 intermrc
999    $a FRBNF450249290000006
995    $0 0 $2 0 $4 0 $5 2016-07-06 $9 344436 $P 18.50 $b MED $c MED $e MED1A $f C2100007319 $h ALTROPL $k RP/SAN $o 0 $p 18.50 $r PRETLIV $s RP_SAN $w 13 $y 2022-03-02 $A 0

