01714cam a2200409   4500
001 289302
003 http://www.mediathequederoubaix.fr/ark:/20179/KH289302
010    $a 978-2-84563-816-7 $b br. $d 19,90 EUR
020    $a FR $b 01630998
033    $a http://catalogue.bnf.fr/ark:/12148/cb45039297q
035    $a FRBNF450392970000004
073  0 $a 9782845638167
090    $a 289302
091    $b 20240517 $c 1 $a 2
099    $t LI $x 2 $d 2024-05-17 $c 2016-07-08
100    $a 20160517d2016    m  y0frey50      ba
101 0  $a fre
102    $a FR
105    $a ||||z   00|y|
106    $a r
181  0 $6 01 $a i  $b xxxe  
181    $6 02 $c txt $2 rdacontent
182  0 $6 01 $a n
182    $6 02 $c n $2 rdamedia
200 1  $a Si tu peux, vas-y ! $b Texte imprimé $e journal d'un pilote aventurier $f Gérard Feldzer $g avec la collaboration de François Forestier
210    $a Paris $c Xo éditions $d DL 2016 $e 72-La Flèche $g Impr. CPI Brodard et Taupin
215    $a 1 vol. (281 p.-[16] p. de pl.) $c ill. en coul. $d 24 cm
339    $a m
600    $3 13578650 $9 266765 $a Feldzer $b Gérard $f 1944-.... $2 rameau
608    $3 11960063 $9 266731 $a Autobiographie $2 rameau
676    $a 629.130 092 $v 23
686    $a 920 $2 Cadre de classement de la Bibliographie nationale française
700    $3 13578650 $9 266765 $o ISNI0000000397383273 $a Feldzer $b Gérard $f 1944-.... $4 070
702    $3 11903107 $9 85132 $o ISNI0000000109085002 $a Forestier $b François $f 1947-.... $4 205
801  0 $a FR $b FR-751131015 $c 20160517 $g AFNOR $h FRBNF450392970000004 $2 intermrc
999    $a FRBNF450392970000004
995    $0 0 $2 0 $4 0 $5 2016-08-12 $9 346233 $P 19.90 $b MED $c MED $e MED3A $f C2100007955 $h ACFSCZZ $k Doc./629 AVI $o 0 $p 19.90 $r PRETLIV $s DOC__629_000000000000000_AVI $w 2 $y 2019-12-05

