00887nam a2200217   4500
001 289411
003 http://www.mediathequederoubaix.fr/ark:/20179/KH289411
090    $a 289411
091    $a 0
099    $t LI
100    $a 20160715d2015    m||y0frey50      ba
101    $a fre
200    $a Musée de la mémoire et de la création textile $e la Manufacture, Roubaix $f édito Guillaume Delbar,...
210    $a Roubaix $c Ville de Roubaix $d [2015]
215    $a 15 p. $c ill. en coul., couv. ill . en coul. $d 21 cm
517    $a Manufacture Roubaix
601    $9 264603 $a La Manufacture $b Musée de la mémoire et de la création textile $c Roubaix
702    $4 080 $9 230690 $a Delbar $b Guillaume $c roubaisien
801    $a FR $b 595126101 $c 20160715 $g AFNOR
339    $a m
995    $0 0 $2 0 $4 0 $5 2016-07-15 $9 344795 $b MED $c MED $e MED3O $f C0005927777 $h PPEFGZZ $k RES 8/1361 $o 2 $r PRETLIV $s RES_81361_000000000000000 $w 0 $y 2016-07-15

