00809nas a2200229   4500
001 289520
003 http://www.mediathequederoubaix.fr/ark:/20179/KH289520
005 20181115183304.0
090    $a 289520
091    $a 0
099    $t PE $c 2014-06-30 $d 2014-06-30 $x 0
100    $a 19       2003    m||y0frey5003    ba
101    $a fre
200    $a Festival de l'amitié et de la citoyenneté, Roubaix $e programme ...
207    $a N°1(2003)-
210    $a Roubaix $c Ville de Roubaix $d [2003]-
326    $a Annuel
339    $a m
606    $9 240567 $a Festivals $y France $y Roubaix (Nord)
710    $9 139616 $a Ville de Roubaix $c Nord $c roubaisien
801  0 $a FR $b 595126101 $c 20070901 $g AFNOR
995    $0 0 $2 0 $4 0 $5 2016-07-19 $9 344987 $b MED $c MED $e MED3T $f P 20999 $h PPEPRZZ $k P 20999 $o 2 $r PRETPER $s P_20999_000000000000000 $w 0 $y 2016-07-19

