01736cam a2200445   4500
001 289692
003 http://www.mediathequederoubaix.fr/ark:/20179/KH289692
010    $a 978-2-06-720706-6 $b br. $d 19,90 EUR
020    $a FR $b 01614529
033    $a http://catalogue.bnf.fr/ark:/12148/cb44517561c
035    $a FRBNF445175610000003
073  0 $a 9782067207066
090    $a 289692
091    $b 20240517 $c 1 $a 2
099    $t LI $x 30 $d 2024-05-17 $c 2016-07-27
100    $a 20160229d2016    m  y0frey50      ba
101 0  $a fre
102    $a FR
105    $a ||||z   00|y|
106    $a r
181  0 $6 01 $a i  $b xxxe  
181    $6 02 $c txt $2 rdacontent
182  0 $6 01 $a n
182    $6 02 $c n $2 rdamedia
200 1  $a Pologne $b Texte imprimé $f Michelin
205    $a Parution 2016
210    $a Boulogne-Billancourt $c Michelin, guides touristiques $d DL 2016 $e impr. en Italie
215    $a 1 vol. (507 p.) $c ill. en coul. $d 22 cm
225    $a Le guide vert $x 0293-9436
300    $a Bibliogr. p. 35-38. Filmogr. p. 38. Index
339    $a m
410  0 $0 34229531 $t Guide de tourisme $x 0293-9436 $d 2016
607    $3 11932825 $9 23621 $a Pologne $2 rameau
608    $3 11976799 $9 3609 $a Guides touristiques et de visite $2 rameau
676    $a 914.380 4 $v 23
686    $a 910 $2 Cadre de classement de la Bibliographie nationale française
710    $3 11868980 $9 36360 $o ISNI0000000121756243 $a Manufacture française des pneumatiques Michelin $4 070
801  0 $a FR $b FR-751131015 $c 20160229 $g AFNOR $h FRBNF445175610000003 $2 intermrc
999    $a FRBNF445175610000003
995    $0 0 $2 0 $4 0 $5 2016-07-29 $9 345503 $P 19.90 $b MED $c MED $e MED1A $f C2100007462 $h AAPPLGO $k Doc./903 POL $n 2024-06-01 $o 0 $p 19.90 $r PRETLIV $s DOC___903_000000000000000_POL $w 30 $y 2024-05-11 $A 0

