00580nam a22001573  4500
001 289836
003 http://www.mediathequederoubaix.fr/ark:/20179/KH289836
090    $a 289836
091    $a 2 $b 20240516 $c 0
099    $t LI $x 1 $d 2024-05-16 $c 2016-08-02
100    $a 20160802f2003    u||y0frey50      ba
101    $a fre
200    $a Problèmes économiques
801    $a FR $b 595126101 $c 20160802 $g AFNOR
339    $a m
995    $0 0 $2 0 $3 0 $4 0 $5 2016-08-02 $9 345657 $P 16.00 $b MED $c MED $e MED3A $f C0003470474 $h ACFSSZZ $k Doc./339 THE $o 0 $p 16.00 $r PRETLIV $s DOC__339_000000000000000_THE $u A recataloguer $w 1 $y 2016-08-20 $A 0

00859    a2200241   4500
001 289955
003 http://www.mediathequederoubaix.fr/ark:/20179/KH289955
010    $a 978-2-35880-084-6  $d 7,90 €
035    $a DEC9782358800846 
073    $a 9782358800846 
090    $a 289955
091    $a 2 $b 20240518 $c 0
099    $t LI $x 5 $d 2024-05-18 $c 2016-08-05
100    $a 20160805              frey50        
101    $a fre
200    $a Dada $h 208 $i Modigliani
210    $c Arola  $d 2016
339    $a a
701    $a Nessmann $b Eléonore
701    $a Martin-Neute $b Emilie $3 16233246 $9 266914
701    $7 ba0yba0y $8 fre    $a Andrews $b Sandrine $f 1971-.... $3 15120007 $9 89924
801    $a FR $b 595126101 $c 20160805 $g AFNOR
995    $0 0 $2 0 $4 0 $5 2016-09-30 $9 349109 $P 7.90 $b MED $c MED $e MED2A $f C2200004011 $h JDT70ZZ $k E/751 MOD $o 0 $p 7.90 $r PRETLIV $s E_751_000000000000000_MOD $w 4 $y 2022-11-03

