02957cam a2200445   4500
001 290095
003 http://www.mediathequederoubaix.fr/ark:/20179/KH290095
010    $a 978-2-226-32761-1 $b br. $d 11,90 EUR
020    $a FR $b 01643835
033    $a http://catalogue.bnf.fr/ark:/12148/cb450329791
035    $a FRBNF450329790000002
073  0 $a 9782226327611
090    $a 290095
091    $b 20240518 $c 1 $a 2
099    $t LI $x 50 $d 2024-05-18 $c 2016-08-06
100    $a 20160504d2016    a  y0frey50      ba
101 0  $a fre
102    $a FR
105    $a ||||z   00|a|
106    $a r
181  0 $6 01 $a i  $b xxxe  
181    $6 02 $c txt $2 rdacontent
182  0 $6 01 $a n
182    $6 02 $c n $2 rdamedia
200 1  $a Belle-Île-au-Trésor $b Texte imprimé $e & autres histoires $f Moka $g illustré par Caroline Ayrault
210    $a Paris $c Albin Michel jeunesse $d DL 2016 $e 85-Luçon $g Impr. Pollina
215    $a 1 vol. (222 p.) $c ill. en coul. $d 20 cm
321    $a La Revue des livres pour enfants $x 0398-8384 $c 290
329    $c Intéressant $a Trois histoires dont une nouveauté, « Belle-Île-au-Trésor », qui est une jolie histoire d'amitié entre deux garçons. Lucas trouve une carte postale de Belle-Île-en-mer dans une poubelle et décide qu'elle est un porte-bonheur. Il partage son secret avec une jeune enfant malade, à qui il va apprendre aussi à jouer et à rêver. Les deux autres histoires - « Joséphine a disparu », histoire d'une poupée et d'une grosse frayeur ; et « Les Malheurs d'Hortense » où une toute jeune maîtresse enchaîne les catastrophes en classe de neige - étaient parues à L'École des loisirs, respectivement en 2000 et en 2003, dans la collection Mouche. Jolie présentation, très illustrée, avec une typographie bien adaptée aux jeunes lecteurs. $d 20160901 $f AE $2 CNLJ $k Avis critique donné par le Centre national de la littérature pour la jeunesse
333    $a À partir de 6 ans $2 CNLJ $k Avis critique donné par le Centre national de la littérature pour la jeunesse
339    $a a
608    $a Premières lectures $2 CNLJ $k Avis critique donné par le Centre national de la littérature pour la jeunesse
686    $a 809 $2 Cadre de classement de la Bibliographie nationale française
700    $3 11916406 $9 13319 $o ISNI0000000122836974 $a Moka $f 1958-.... $4 070
702    $3 16763366 $9 117344 $o ISNI0000000434359070 $a Ayrault $b Caroline $4 440
801  0 $a FR $b FR-751131015 $c 20160504 $g AFNOR $h FRBNF450329790000002 $2 intermrc
999    $a FRBNF450329790000002
995    $0 0 $2 1 $4 0 $5 2016-08-06 $9 345935 $P 11.90 $b MED $c MED $e MED0A $f C2100007777 $h JROROZZ $k EXT E R/MOK $n 2018-07-05 $o 0 $p 11.90 $r PRETLIV $s EXT_E_RMOK $w 1 $y 2017-01-27
995    $0 0 $2 0 $4 0 $5 2016-09-16 $9 348227 $P 11.90 $b MED $c MED $e MED2A $f C1300002969 $h JROROZZ $k E R/MOK $n 2024-06-23 $o 0 $p 11.90 $r PRETLIV $s E_R_MOK $w 49 $y 2024-05-12
995    $0 0 $2 0 $4 0 $5 2019-01-25 $9 388445 $b MED $c MED $e MED0A $f C3500008674 $h JROROZZ $k EXT E R/MOK $o 0 $p 11.90 $r PRETLIV $s EXT_E_R_MOK $w 0 $y 2019-01-25

