01671cam a2200409   4500
001 290219
003 http://www.mediathequederoubaix.fr/ark:/20179/KH290219
010    $a 978-2-8096-5582-7 $b br. $d 10,90 EUR
020    $a FR $b 01648775
033    $a http://catalogue.bnf.fr/ark:/12148/cb450555463
035    $a FRBNF450555460000000
073  0 $a 9782809655827
090    $a 290219
091    $b 20240518 $c 1 $a 2
099    $t LI $x 29 $d 2024-05-18 $c 2016-08-10
100    $a 20160608d2016    a  y0frey50      ba
101 0  $a fre
102    $a FR
105    $a ||||z   00|a|
106    $a r
181  0 $6 01 $a i  $b xxxe   $a b  $b xb2e  
181    $6 02 $c txt $c sti $2 rdacontent
182  0 $6 01 $a n
182    $6 02 $c n $2 rdamedia
200 1  $a L'élue des Jeux olympiques $b Texte imprimé $f S. Grimler, H. Duchateau, C. Roger $g illustrations Krystel
210    $a Paris $c Play bac $d DL 2016 $e impr. en Bosnie-Herzégovine
215    $a 1 vol. (159 p.) $c ill. en coul. $d 21 cm
225 19 $a Les chevaliers du temps $v tome 2
339    $a a
686    $a 809 $2 Cadre de classement de la Bibliographie nationale française
700    $3 17058580 $9 266970 $o ISNI0000000459664039 $a Grimler $b Stanislas $4 070
701    $3 17058582 $9 266971 $o ISNI0000000459664055 $a Duchateau $b Hélène $4 070
701    $3 17058583 $9 266972 $o ISNI0000000459664063 $a Roger $b Candice $4 070
702    $3 16221966 $9 104515 $o ISNI0000000397228396 $a Krystel $f 1984-.... $4 440
801  0 $a FR $b FR-751131015 $c 20160608 $g AFNOR $h FRBNF450555460000000 $2 intermrc
999    $a FRBNF450555460000000
995    $0 0 $2 0 $4 0 $5 2016-08-17 $9 346560 $P 10.90 $b MED $c MED $e MED2A $f C2100008010 $h JROROZZ $k E R/GRI $o 0 $p 10.90 $r PRETLIV $s E_R_GRI $w 29 $y 2024-04-11

