01885cam a2200397   4500
001 290339
003 http://www.mediathequederoubaix.fr/ark:/20179/KH290339
010    $a 978-2-8236-0528-0 $b br. $d 23 EUR
020    $a FR $b 01656871
033    $a http://catalogue.bnf.fr/ark:/12148/cb45120919n
035    $a FRBNF451209190000004
073  0 $a 9782823605280
090    $a 290339
091    $b 20240518 $c 1 $a 2
099    $t LI $x 16 $d 2024-05-18 $c 2016-08-16
100    $a 20160919d2016    m  y0frey50      ba
101 1  $a fre $c eng
102    $a FR
105    $a ||||z   00|a|
106    $a r
181  0 $6 01 $a i  $b xxxe  
181    $6 02 $c txt $2 rdacontent
182  0 $6 01 $a n
182    $6 02 $c n $2 rdamedia
200 1  $a Derniers feux sur Sunset $b Texte imprimé $f Stewart O'Nan $g traduit de l'anglais (États-Unis) par Marc Amfreville
210    $a [Paris] $c Éditions de l'Olivier $d DL 2016
215    $a 1 vol. (388 p.) $d 22 cm
330    $a Hollywood, 1937. Francis Scott Fitzgerald devient scénariste pour la Metro Goldwyn Mayer. Il fréquente Dorothy Parker, Humphrey Bogart et Greta Garbo mais se sent perdu loin de sa femme Zelda, internée, et de sa fille Scottie. Il tombe amoureux d'une journaliste mondaine, Sheilah Graham, et tente de lutter contre ses vieux démons : l'alcoolisme, la dépression et le peu d'estime de lui-même. ­Electre 2016
339    $a m
454  1 $t West of Sunset
686    $a 803 $2 Cadre de classement de la Bibliographie nationale française
700    $3 12473654 $9 40004 $a O'Nan $b Stewart $f 1961-.... $4 070
702    $3 12121467 $9 3363 $o ISNI0000000066430514 $a Amfreville $b Marc $f 1957-.... $4 730
801  0 $a FR $b FR-751131015 $c 20160919 $g AFNOR $h FRBNF451209190000004 $2 intermrc
999    $a FRBNF451209190000004
995    $0 0 $2 0 $4 0 $5 2016-08-16 $9 346407 $P 23.00 $b MED $c MED $e MED1A $f C2200002858 $h ALTROBI $k RB/ONA $o 0 $p 23.00 $r PRETLIV $s RB_ONA $w 16 $y 2023-11-21 $A 0

