01056nj  a22002532  4500
001 290452
003 http://www.mediathequederoubaix.fr/ark:/20179/KH290452
005 20240518035921.0
071 01 $a 2750778 $b Universal
090    $a 290452
091    $a 1 $b 20240518 $c 0
099    $t DC $c 2014-06-30 $d 2024-05-18 $x 58
100    $a 20101213f20102010m  y0frey5003    ba
101    $a fre
200    $a Derrière l'amour $b Enr. sonore $f Johnny Hallyday
210    $d P 2010
215    $a 1 d.c. $d 12 cm
327    $a Le jour J, l'heure H $a Rendez-vous en enfer $a Merci $a Joue pas de rock'n'roll pour moi $a Requiem pour un fou $a Gabrielle $a Le ghetto $a L'étranger $a Derrière l'amour $a Les chiens de paille $a Né pour vivre sans amour
339    $a m
345    $a CDMAIL $b 0602527507781
679    $a 099.2
700    $3 11906751 $7 ba0yba0y $8 fre    $a Hallyday $b Johnny $f 1943-2017 $9 2713
801  0 $a FR $b CDMAIL $c 20110106 $g AFNOR
995    $0 0 $2 0 $4 0 $5 2016-08-19 $9 346722 $P 5.00 $b MED $c MED $e MED1A $f C3100001887 $h AMV80ZZ $k DC/099.2 HAL $o 0 $p 5.00 $r PRETSON $s DC_099_200000000000000_HAL $w 18 $y 2023-11-22

