01320ngm0a22002771i 4500
001 290583
003 http://www.mediathequederoubaix.fr/ark:/20179/KH290583
010    $d 35,12 EUR TTC
073  0 $a AUT11 $d 50,17 EUR TTC
090    $a 290583
091    $a 2 $b 20240518 $c 0
099    $t VD $x 4 $d 2024-05-18 $c 2016-08-25
100    $a 20160825d2016    u  y0frey5003    ba
101    $a fre
200 1  $a Mythologies $b DVD $f Simon Bogojevic-Narath, Daniel Faubert, noBrain, Rosto...[et al.], réal. $e Compilation de courts métrages
210    $c Autour de minuit $d 2012
215    $a 1 DVD (1 h 08 min) $c coul., sonore
300    $a Prêt + Consultation
327    $a Film 1 : The gloaming / Nobrian (14 min) $a Film 2 : Anglobilly Feverson / Rosto (10 min) $a Film 3 : Leviathan / Simon Bogojevic-Narath (14 min 40 sec.) $a Film 4 : Scene primitive / Daniel Faubert (12 min 10 sec.) $a Film 5 : Oedipe / Capucine (7 min) $a Film 6 : Flesh / Edouard Salier (10 min)
700    $7 ba0yba0y $8 fre    $a Bogojevic-Narath $b Simon $f 1968-.... $4 370 $4 690 $3 15772225 $9 267080
702  1 $a Faubert $b Daniel $4 690
702  1 $a noBrain $4 690
702  1 $a Rosto $4 690
801  0 $a FR $b COLACO $c 20160825 $g AFNOR
339    $a m
995    $0 0 $2 0 $4 0 $5 2016-08-25 $9 347069 $P 35.12 $b MED $c MED $e MED3C $f C3100001910 $h AAPCGDA $k DVD/A MYT $o 0 $p 35.12 $r PRETDVD $s DVDA_MYT $w 4 $y 2017-06-24

