01071ngm0a22002651i 4500
001 290735
003 http://www.mediathequederoubaix.fr/ark:/20179/KH290735
010    $d 37,01 EUR TTC
073  0 $a 3700782601637 $d 52,87 EUR TTC
090    $a 290735
091    $a 1 $b 20240518 $c 0
099    $t VD $x 5 $d 2024-05-18 $c 2016-08-31
100    $a 20160831d1967    u  y0frey5003    ba
101    $a eng $j fre
102    $a US
200 1  $a Titicut follies $b DVD $f Frederick Wiseman, réal. $g Frederick Wiseman, scénario
210    $c Blaq Out $d 2016
215    $a 1 DVD (1 h 20 min) PAL $c 16/9 compatible 4/3, Couleur, Dolby Digital Mono
300    $a Aucun
300    $a Prêt + Consultation
330    $a Les conditions d'emprisonnement des criminels à la prison d'Etat psychiatrique de Bridgewater au Massachusetts. 
339    $a m
700  1 $a Wiseman $b Frederick $f 1930-.... $4 370 $4 690
801  0 $a FR $b COLACO $c 20160831 $g AFNOR
995    $0 0 $2 0 $4 0 $5 2016-08-31 $9 347403 $P 37.01 $b MED $c MED $e MED3A $f C2200002837 $h ACFSSZZ $k DVD/365 WIS $o 0 $p 37.01 $r PRETDVD $s DVD_365_000000000000000_WIS $w 5 $y 2023-09-21

