01121njm0a22002652  4500
001 290891
003 http://www.mediathequederoubaix.fr/ark:/20179/KH290891
071 01 $a AD3286C $b Bbb association
073  1 $a 3521383432860 $d 18,49
090    $a 290891
091    $a 1 $b 20240518 $c 0
099    $t DC $x 12 $d 2024-05-18 $c 2016-09-08
100    $a 20160824d2016    u  y0frey5003    ba
101    $a fre
200    $a Tous à oilpé $b Enr. sonore $a C'est de la bombe $a Maëlie lit au lit $f Lady Do & Monsieur Papa
210    $d P 2016
215    $a 1 d.c. $d 12 cm
327 1  $a Aussi : Mon arbre $a Alex et lili $a Le tigre de monbadon $a Papy théo $a Beau boa $a Le boubou de babou $a Le roi de la râloche $a La boîte à outils $a Ma cousine joue du trombone $a La cabane aux 4 vents $a Berceuse
339    $a a
606    $a Chansons enfantines $x Disques $2 rameau
608  1 $a Chansons pour enfants
679    $a 712
710 02 $a Lady Do & Monsieur Papa
801    $a FR $b cdmail $c 20160908 $g AFNOR
995    $0 0 $2 0 $4 0 $5 2016-10-06 $9 349345 $P 18.49 $b MED $c MED $e MED2A $f C1300002993 $h JMUEFZZ $k DC/712 LAD $o 0 $p 18.49 $r PRETSON $s DC_712_000000000000000_LAD $w 12 $y 2023-07-05

