01710cam a2200385   4500
001 291209
003 http://www.mediathequederoubaix.fr/ark:/20179/KH291209
010    $a 978-2-36577-870-1 $b rel. $d 17,50 EUR
020    $a FR $b 01657282
033    $a http://catalogue.bnf.fr/ark:/12148/cb45111250w
035    $a FRBNF451112500000007
073  0 $a 9782365778701
090    $a 291209
091    $b 20220405 $c 1 $a 0
099    $t LI $x 42 $d 2024-01-10 $c 2016-09-21
100    $a 20160901d2016    m  y0frey50      ba
101 1  $a fre $c eng
102    $a FR
105    $a ||||t   00|a|
106    $a r
200 1  $a Gotham Academy $b Texte imprimé $f scénario, Becky Cloonan, Brenden Fletcher, Vera Brosgol... [et al.] $g dessin, Karl Kerschl, Msassyk, Mingjue Helen Chen... [et al.] $h 2 $i De mère en fille
210    $a [Paris] $c Urban comics $d DL 2016 $e impr. en Roumanie
215    $a 1 vol. (non paginé [176] p.) $c ill. en coul. $d 27 cm
225 19 $a Gotham Academy $v 2
225    $a DC renaissance
321    $a La Revue des livres pour enfants. Sélection annuelle $c 291
333    $a À partir de 11 ans
339    $a a
410  0 $0 42694158 $t DC renaissance $x 2260-7013 $d 2016
454  1 $t Gotham Academy
608    $a Bandes dessinées $2 CNLJ
686    $2 Cadre de classement de la Bibliographie nationale française
801  0 $a FR $b FR-751131015 $c 20160901 $g AFNOR $h FRBNF451112500000007 $2 intermrc
995    $0 0 $2 0 $4 0 $5 2016-09-22 $9 348487 $P 17.50 $b MED $c MED $e MED2A $f C2200002952 $h JBDCMZZ $k E BD/COMICS $o 0 $p 17.50 $r PRETLIV $s E_BD_COMICS $w 37 $y 2024-02-21
995    $0 0 $2 0 $4 0 $5 2021-08-11 $9 430984 $P 17.50 $V 2 $b MED $c MED $e MED2A $f C2500024160 $h JBDCMZZ $k E BD/COMICS $o -3 $p 17.50 $r PRETLIV $s E_BD_COMICS $u bureau chantal $w 5 $y 2022-10-01 $A 1

00979    a2200241   4500
001 291321
003 http://www.mediathequederoubaix.fr/ark:/20179/KH291321
010    $a 978-2-87580-304-7  $d 10,95 €
035    $a DEC9782875803047 
073    $a 9782875803047 
090    $a 291321
100    $a 20160921              frey50        
101    $a fre
200    $a L'envers des contes Tome 1 
210    $c Kennes  $d 2016
701    $7 ba0yba0y $8 fre    $a Gihef $f 1974-.... $3 14612069 $9 76735
701    $7 ba0yba0y $8 fre    $a Zimra $b Rachel $3 16221736 $9 102991
801    $a FR $b 595126101 $c 20160921 $g AFNOR
099    $t LI $x 78 $d 2024-05-18 $c 2016-09-21
339    $a a
091    $a 2 $b 20240518 $c 0
995    $0 0 $2 0 $4 0 $5 2016-09-23 $9 348590 $P 10.95 $b MED $c MED $e MED0A $f C2200003686 $h JBDZZZZ $k EXT E BD/GIH $o 0 $p 10.95 $r PRETLIV $s EXT_E_BDGIH $w 3 $y 2020-01-15
995    $0 0 $2 0 $4 0 $5 2022-12-01 $9 453650 $P 10.95 $b MED $c MED $e MED2A $f C2500029888 $h JBDZZZZ $k E BD/GIH $n 2024-05-15 $o 0 $p 10.95 $r PRETLIV $s E_BD_GIH $w 17 $y 2024-04-24

