00829nam a2200217   4500
001 291465
003 http://www.mediathequederoubaix.fr/ark:/20179/KH291465
090    $a 291465
091    $a 0
099    $t LI
100    $a 20160927d1919    m||y0frey50      ba
101    $a fre
200    $a Les mineurs  $e observations vécues $f par Jacques Valdour
210    $a Lille $c R. Giard $a Paris $c A. Rousseau $d 1919
215    $a 390 p. $d 19 cm
300    $a Contient 2 feuillets volants
606    $9 238606 $a Mineurs de charbon $x Histoire $y France $y Nord-Pas-de-Calais (France)
700    $9 279304 $a Valdour $b Jacques $f 1872-1938
801    $a FR $b 595126101 $c 20160927 $g AFNOR
339    $a m
995    $0 0 $2 0 $4 0 $5 2016-09-27 $9 348709 $P 25.00 $b MED $c MED $e MED3J $f C0005926763 $h PPEFGZZ $k MAG L/P 8/117 565 $o 2 $p 25.00 $r PRETLIV $s MAG_LP_8117_565000000000000 $w 0 $y 2016-09-27

