02151cam a2200469   4500
001 291614
003 http://www.mediathequederoubaix.fr/ark:/20179/KH291614
010    $a 978-2-259-22818-3 $b br. $d 25 EUR
020    $a FR $b 01656021
033    $a http://catalogue.bnf.fr/ark:/12148/cb45113043j
035    $a FRBNF451130430000000
073  0 $a 9782259228183
090    $a 291614
091    $b 20240518 $c 1 $a 2
099    $t LI $x 7 $d 2024-05-18 $c 2016-09-29
100    $a 20160908d2016    m  y0frey50      ba
101 0  $a fre
102    $a FR
105    $a ||||e   00|y|
106    $a r
181  0 $6 01 $a i  $b xxxe  
181    $6 02 $c txt $2 rdacontent
182  0 $6 01 $a n
182    $6 02 $c n $2 rdamedia
200 1  $a Dictionnaire amoureux des écrivains et de la littérature $b Texte imprimé $f Pierre Assouline $g dessins d'Alain Bouldouyre
210    $a Paris $c Plon $d DL 2016 $e 61-Lonrai $g Normandie roto impr.
215    $a 1 vol. (882 p.) $c ill. $d 20 cm
225    $a Dictionnaire amoureux
330    $a Un parcours à travers l'univers de la littérature, de la lecture et des auteurs sous la forme d'un dictionnaire qui mêle anecdotes, biographies et réflexions personnelles. ­Electre 2016
339    $a m
410  0 $0 38831295 $t Dictionnaire amoureux $x 1634-9377 $d 2016
606    $3 11936327 $9 7625 $a Écrivains $2 rameau
606    $3 11939456 $9 4649 $a Littérature $2 rameau
608    $3 11931877 $9 2172 $a Dictionnaires $2 rameau
676    $a 809.003 $v 23
686    $a 800 $2 Cadre de classement de la Bibliographie nationale française
700    $3 11889310 $9 10442 $o ISNI0000000109310492 $a Assouline $b Pierre $f 1953-.... $4 070
702    $3 12302582 $9 84508 $o ISNI0000000035958527 $a Bouldouyre $b Alain $4 440
801  0 $a FR $b FR-751131015 $c 20160908 $g AFNOR $h FRBNF451130430000000 $2 intermrc
999    $a FRBNF451130430000000
995    $0 0 $2 0 $4 0 $5 2016-09-29 $9 348974 $P 14.00 $b MED $c MED $e MED1A $f C2200004315 $h ALTDCZZ $k Doc./800 ABC $n 2024-05-31 $o 0 $p 14.00 $r PRETLIV $s DOC___800_000000000000000_ABC $w 7 $y 2024-04-19 $A 0
995    $0 0 $2 0 $3 0 $4 0 $5 2016-10-25 $9 350198 $b MED $c MED $e MED2B $f C3200004421 $h ACFUEZZ $k U ETUD/803 ASS $o 2 $p 25.00 $r PRETLIV $s U_ETUD803_ASS $w 0 $y 2016-10-25 $A 0

