01588cam a2200397   4500
001 291767
003 http://www.mediathequederoubaix.fr/ark:/20179/KH291767
010    $a 978-2-7560-6286-0 $b rel. $d 14,50 EUR
020    $a FR $b 01640721
033    $a http://catalogue.bnf.fr/ark:/12148/cb45041410n
035    $a FRBNF450414100000000
073  0 $a 9782756062860
090    $a 291767
091    $b 20240518 $c 1 $a 2
099    $t LI $x 34 $d 2024-05-18 $c 2016-10-01
100    $a 20160519d2016    m  y0frey50      ba
101 0  $a fre
102    $a FR
105    $a ||||t   00|y|
106    $a r
181  0 $6 01 $a i  $b xxxe   $a b  $b xb2e  
181    $6 02 $c txt $c sti $2 rdacontent
182  0 $6 01 $a n
182    $6 02 $c n $2 rdamedia
200 1  $a Le colosse d'ébène $b Texte imprimé $e février 1916 $f scénario, Corbeyran $g dessin, Étienne Le Roux $g décors, Loïc Chevallier $g couleur, Jérôme Brizard
210    $a [Paris] $c Delcourt $d DL 2016 $e impr. en Belgique
215    $a 1 vol. (47 p.) $c ill. en coul. $d 32 cm
225 19 $a 14-18 $v 5
339    $a m
461  0 $0 44246129 $t 14-18 $v 5
686    $a 944 $2 Cadre de classement de la Bibliographie nationale française
700    $3 12192329 $9 308486 $o ISNI0000000121356928 $a Corbeyran $f 1964-.... $4 070
702    $3 12919893 $9 89166 $o ISNI0000000108288326 $a Le Roux $b Étienne $f 1966-.... $4 440
801  0 $a FR $b FR-751131015 $c 20160519 $g AFNOR $h FRBNF450414100000000 $2 intermrc
999    $a FRBNF450414100000000
995    $0 0 $2 0 $4 0 $5 2016-10-14 $9 349690 $b MED $c MED $e MED0C $f C2200004113 $h AAPBDSR $k BD/SERIES $n 2024-05-25 $o 0 $p 14.00 $r PRETLIV $s BD_SERIES $w 34 $y 2024-05-04

