01002nam a2200241   4500
001 291929
003 http://www.mediathequederoubaix.fr/ark:/20179/KH291929
090    $a 291929
091    $a 0
099    $t LI $d 2022-09-06
100    $a 20161012d    1921m||y0frey50      ba
101    $a fre
200    $a La lettre d'imprimerie $e origine, développement, classification  $h Tome premier $f F. Thibaudeau $g préf. de Georges Lecomte,...
210    $a Paris $c Au bureau de l'éd. $d [1921]
215    $a XXV-410 p. $c ill., couv. ill. $d 23 cm
304    $a Francis Thibaudeau d'après BN Opale +
305    $a 1921 d'après BN Opale +
606    $7 ba0yba0y $8 fre    $a Caractères d'imprimerie $9 47686
700    $9 293380 $a Thibaudeau $b Francis $f 1860-1925
702    $9 269381 $a Lecomte $b Georges  $f 1867-1958
801    $a FR $b 595126101 $c 20161012 $g AFNOR
339    $a m
995    $0 0 $2 0 $4 0 $5 2016-10-12 $9 349494 $b MED $c MED $e MED3I $f C0005926619 $h PPEFGZZ $k MAG L/P 8/117 593 $o 2 $p 120.00 $r PRETLIV $s MAG_LP_8117_593000000000000 $w 0 $y 2016-10-12

