01486cam a2200397   4500
001 292058
003 http://www.mediathequederoubaix.fr/ark:/20179/KH292058
010    $a 978-2-8125-0340-5 $b br. $d 18,95 EUR
020    $a FR $b 01707229
033    $a http://catalogue.bnf.fr/ark:/12148/cb451780341
035    $a FRBNF451780340000006
073  0 $a 9782812503405
090    $a 292058
091    $b 20240518 $c 1 $a 2
099    $t LI $x 36 $d 2024-05-18 $c 2016-10-14
100    $a 20161216d2016    m  y0frey50      ba
101 0  $a fre
102    $a FR
105    $a ||||z   00|y|
106    $a r
181  0 $6 01 $a i  $b xxxe   $a b  $b xb2e  
181    $6 02 $c txt $c sti $2 rdacontent
182  0 $6 01 $a n
182    $6 02 $c n $2 rdamedia
200 1  $a 20 pulls tout doux $b Texte imprimé $e à tricoter pour toute l'année $f Charlov.
210    $a Paris $c Mango $d DL 2016 $e impr. en Slovénie
215    $a 1 vol. (111 p.) $c ill. en coul. $d 24 cm
339    $a m
517 1  $a Vingt pulls tout doux
606    $3 11971546 $9 94643 $a Tricot $x Modèles $2 rameau
676    $a 746.432 041 $v 23
686    $a 740 $2 Cadre de classement de la Bibliographie nationale française
700    $3 17798411 $9 315213 $o ISNI000000047475725X $a Charlov. $4 070
801  0 $a FR $b FR-751131015 $c 20161216 $g AFNOR $h FRBNF451780340000006 $2 intermrc
999    $a FRBNF451780340000006
995    $0 0 $2 0 $4 0 $5 2016-10-18 $9 349837 $b MED $c MED $e MED1A $f C2200004208 $h AAPATLC $k Doc./701 TRI $o 0 $p 18.00 $r PRETLIV $s DOC___701_000000000000000_TRI $w 36 $y 2024-04-17

