02559cam a2200481   4500
001 292205
003 http://www.mediathequederoubaix.fr/ark:/20179/KH292205
010    $a 979-10-91281-73-7 $b br. $d 22 EUR
020    $a FR $b 01658284
033    $a http://catalogue.bnf.fr/ark:/12148/cb45023440n
035    $a FRBNF450234400000001
073  0 $a 9791091281737
090    $a 292205
091    $b 20240518 $c 1 $a 2
099    $t LI $x 5 $d 2024-05-18 $c 2016-10-18
100    $a 20160420d2016    m  h0frey50      ba
101 0  $a fre
102    $a FR
105    $a ||||z   00|y|
106    $a r
181  0 $6 01 $a i  $b xxxe  
181    $6 02 $c txt $2 rdacontent
182  0 $6 01 $a n
182    $6 02 $c n $2 rdamedia
200 1  $a Repenser le fonds local et régional en bibliothèque $b Texte imprimé $f sous la direction de Claire Haquet et Bernard Huchet
210    $a Villeurbanne $c Presses de l'Enssib $d DL 2016 $e 54-Heillecourt $g Impr. Bialec
215    $a 1 vol. (163 p.) $d 21 cm
225    $a La boîte à outils $x 1259-4857 $v #36
300    $a Publ. à la suite d'une Journée d'étude à Nancy co-organisée en 2013 par MEDIAL, Centre de formation aux carrières des bibliothèques d'Alsace-Lorraine-Champagne-Ardenne et de la Direction régionale des affaires culturelles de Lorraine
300    $a Bibliogr. p. 159-162. Glossaire. Index
339    $a m
410  0 $0 34285355 $t Collection La Boîte à outils $x 1259-4857 $v 36
606    $3 11978348 $9 267475 $a Bibliothèques régionales $3 12133659 $9 277109 $x Fonds spéciaux $3 11931476 $9 109 $y France $2 rameau
606    $3 11931055 $9 38846 $a Bibliothèques municipales $3 12133659 $9 277109 $x Fonds spéciaux $3 11931476 $9 109 $y France $2 rameau
676    $a 027.444 $v 23
686    $a 020 $2 Cadre de classement de la Bibliographie nationale française
702    $3 16940407 $9 277110 $o ISNI0000000123123159 $a Haquet $b Claire $f 1980-.... $4 651
702    $3 13093181 $9 95495 $o ISNI0000000077794049 $a Huchet $b Bernard $f 1957-.... $4 651
801  0 $a FR $b FR-751131015 $c 20160420 $g AFNOR $h FRBNF450234400000001 $2 intermrc
999    $a FRBNF450234400000001
995    $0 0 $2 0 $4 0 $5 2016-10-22 $9 350161 $b MED $c MED $e MED3D $f C3200004412 $h ACFBPZZ $k BIB PROF/1.45 HAQ $o 0 $p 13.00 $r PRETLIV $s BIB_PROF1_45_000000000000000_H $w 4 $y 2023-11-17
995    $0 0 $2 0 $4 0 $5 2016-10-22 $9 350162 $b MED $c MED $e MED3D $f C3200004410 $h ACFBPZZ $k BIB PROF/1.45 HAQ $o 0 $p 13.00 $r PRETLIV $s BIB_PROF_1_450000000000000_HAQ $w 2 $y 2023-05-20
995    $0 0 $2 0 $4 0 $5 2016-10-26 $9 350291 $b MED $c MED $e MED3J $f C0005926336 $h PPEFGZZ $k MAG L/P 8/117 604 $o 2 $p 22.00 $r PRETLIV $s MAG_LP_8117_604000000000000 $w 0 $y 2016-10-26

