01886cam a2200457   4500
001 292341
003 http://www.mediathequederoubaix.fr/ark:/20179/KH292341
010    $a 978-2-290-12793-3 $b br. $d 6 EUR
020    $a FR $b 01623187
033    $a http://catalogue.bnf.fr/ark:/12148/cb45019019z
035    $a FRBNF45019019000000X
073  0 $a 9782290127933
090    $a 292341
091    $b 20240518 $c 1 $a 2
099    $t LI $x 30 $d 2024-05-18 $c 2016-10-22
100    $a 20160413d2016    m  y0frey50      ba
101 0  $a fre
102    $a FR
105    $a ||||z   00|y|
106    $a r
181  0 $6 01 $a i  $b xxxe  
181    $6 02 $c txt $2 rdacontent
182  0 $6 01 $a n
182    $6 02 $c n $2 rdamedia
200 1  $a Évadée de Daesh $b Texte imprimé $e ils nous traitaient comme des bêtes $f Sara $g avec Célia Mercier
210    $a Paris $c J'ai lu $d DL 2016 $e impr. en Slovaquie
215    $a 1 vol. (209 p.) $d 18 cm
225    $a J'ai lu $e témoignage $v 11426
312    $a Titre d'une autre édition : Ils nous traitaient comme des bêtes
339    $a m
410  0 $0 34229028 $t J'ai lu $x 0291-3623 $v 11426
540 1  $a Ils nous traitaient comme des bêtes
606    $3 12408916 $9 267526 $a Yézidisme $3 13318575 $9 5234 $x Persécutions $3 11974213 $9 39912 $y Kurdistan (Irak) $3 12432924 $9 2858 $z 1990-2020 $2 rameau
608    $3 11976851 $9 114 $a Récits personnels $2 rameau
676    $a 364.155 530956 $v 23
686    $a 920 $2 Cadre de classement de la Bibliographie nationale française
700    $3 16999428 $9 267527 $a Sara $f 1986-.... $4 070
702    $3 16245301 $9 105697 $o ISNI0000000107604411 $a Mercier $b Célia $4 205
801  0 $a FR $b FR-751131015 $c 20160413 $g AFNOR $h FRBNF45019019000000X $2 intermrc
999    $a FRBNF45019019000000X
995    $0 0 $2 0 $4 0 $5 2016-11-23 $9 351501 $b MED $c MED $e MED3A $f C2100008975 $h ACFSSZZ $k Doc./358 VIE $o 0 $p 6.00 $r PRETLIV $s DOC___358_000000000000000_VIE $w 30 $y 2023-10-25 $7  $8  $A  $m  $z 

