02554cam a2200421   4500
001 292592
003 http://www.mediathequederoubaix.fr/ark:/20179/KH292592
010    $a 978-2-278-08163-9 $b br. $d 14,20 EUR
020    $a FR $b 01643915
033    $a http://catalogue.bnf.fr/ark:/12148/cb45027530k
035    $a FRBNF450275300000009
073  0 $a 978-2-278-08163-9
090    $a 292592
091    $b 20240518 $c 1 $a 2
099    $t LI $x 38 $d 2024-05-18 $c 2016-11-02
100    $a 20160426d2016    a  y0frey50      ba
101 0  $a fre
102    $a FR
105    $a ||||z   00|a|
106    $a r
181  0 $6 01 $a i  $b xxxe  
181    $6 02 $c txt $2 rdacontent
182  0 $6 01 $a n
182    $6 02 $c n $2 rdamedia
200 1  $a Flow $h Tome 1 $b Texte imprimé $f Mikaël Thévenot
210    $a Paris $c Didier jeunesse $d impr. 2016 $e 61-Lonrai $g Normandie roto impr.
215    $a 1 vol. (186 p.) $d 22 cm
321    $a La Revue des livres pour enfants $x 0398-8384 $c 290
329    $c Intéressant $a Un roman de SF bien mené, d'abord en alternance. D'un côté l'histoire de Josh, 15 ans, en Seconde au lycée à Poitiers, qui souffre d'atroces migraines et découvre qu'elles sont dues au fait qu'il est télépathe, et qui apprivoise ce don grâce à un mystérieux internaute. D'un autre côté l'enquête d'un flic de New York sur un labo saccagé et une chercheuse disparue dans un accident. Au fil du récit, le lecteur s'aperçoit que c'était douze ans auparavant, et que la disparue n'est autre que la mère de Josh. La peinture de la vie d'un ado - et de son entourage - est bien rendue. Un premier tome qui confine au thriller, dont les dialogues entiers en anglais, sans traduction, pourront agacer. Mais certains y verront sans doute un point positif. $d 20160901 $f MA $2 CNLJ $k Avis critique donné par le Centre national de la littérature pour la jeunesse
333    $a À partir de 13 ans $2 CNLJ $k Avis critique donné par le Centre national de la littérature pour la jeunesse
339    $a m
461  0 $0 45081856 $t Flow $v 1
608    $a Romans $2 CNLJ $k Avis critique donné par le Centre national de la littérature pour la jeunesse
686    $a 809 $2 Cadre de classement de la Bibliographie nationale française
700    $3 17043898 $9 267773 $o ISNI0000000459606867 $a Thévenot $b Mikaël $f 1977-.... $4 070
801  0 $a FR $b FR-751131015 $c 20160426 $g AFNOR $h FRBNF450275300000009 $2 intermrc
999    $a FRBNF450275300000009
995    $0 0 $2 0 $4 0 $5 2016-11-04 $9 350606 $b MED $c MED $e MED1A $f C2100008578 $h ALTROAD $k ADO R/THE $o 0 $p 14.20 $r PRETLIV $s ADO_R_THE $w 38 $y 2024-02-18

