01342cam a2200325   4500
001 292714
003 http://www.mediathequederoubaix.fr/ark:/20179/KH292714
010    $a 2-9520091-0-4 $b rel. $d 39 EUR
020    $a FR $b 00400005
033    $a http://catalogue.bnf.fr/ark:/12148/cb39092173f
090    $a 292714
091    $a 0
099    $t LI
100    $a 20031118d2003    m  y0frey50      ba
101 0  $a fre
102    $a FR
105    $a ||||z   00|y|
106    $a r
200 1  $a Paris $e les expositions universelles de 1855 à 1937 $f Marc Gaillard
210    $a Paris $c les Presses franciliennes $d 2003
215    $a 184 p. $c ill. en noir et en coul., couv. ill. en coul. $d 26 cm
300    $a Bibliogr. p. 184
339    $a m
606    $3 11938838 $a Expositions internationales $3 11931476 $y France $3 11932931 $y Paris (France) $3 11934444 $x Histoire $2 rameau
606    $a Constructions pour expositions $y France $y Paris (France) $x Histoire $9 267678
676    $a 907.444 361 $v 22
686    $2 Cadre de classement de la Bibliographie nationale française
700    $3 11903874 $a Gaillard $b Marc $f 1937-.... $4 212
801  0 $a FR $b FR-751131015 $c 20031118 $g AFNOR $h FRBNF390921730000003 $2 intermrc
995    $0 0 $2 0 $4 0 $5 2016-12-16 $9 352910 $b MED $c MED $e MED3J $f C0005781201 $h PPEFGZZ $k MAG L/P 4/210 438 $o 2 $p 39.00 $r PRETLIV $s MAG_LP_4210_438000000000000 $w 0 $y 2016-12-16

