01655cam a2200409   4500
001 292836
003 http://www.mediathequederoubaix.fr/ark:/20179/KH292836
010    $a 978-2-35973-562-8 $b br. $d 7,50 EUR
020    $a FR $b 01657914
033    $a http://catalogue.bnf.fr/ark:/12148/cb450771357
035    $a FRBNF450771350000001
073  0 $a 9782359735628
090    $a 292836
091    $b 20240518 $c 1 $a 2
099    $t LI $x 28 $d 2024-05-18 $c 2016-11-15
100    $a 20160711d2016    a  y0frey50      ba
101 0  $a fre
102    $a FR
105    $a ||||z   00|a|
106    $a r
181  0 $6 01 $a i  $b xxxe  
181    $6 02 $c txt $2 rdacontent
182  0 $6 01 $a n
182    $6 02 $c n $2 rdamedia
200 1  $a Le voyage à Malo $b Texte imprimé $f J. Wouters
210    $a Villeneuve-d'Ascq $c Ravet-Anceau $d DL 2016 $e 58-Clamecy $g Impr. Laballery
215    $a 1 vol. (84 p.) $d 18 cm
225    $a Polars en Nord junior $x 2269-0190 $v 12
300    $a La couv. porte en plus : "Une enquête à la mer"
339    $a a
410  0 $0 43660970 $t Polars en Nord junior $x 2269-0190 $v 12
686    $a 809 $2 Cadre de classement de la Bibliographie nationale française
700    $3 14482818 $9 105662 $o ISNI0000000364427129 $a Wouters $b J. $f 1944-.... $4 070
801  0 $a FR $b FR-751131015 $c 20160711 $g AFNOR $h FRBNF450771350000001 $2 intermrc
999    $a FRBNF450771350000001
995    $0 0 $2 0 $4 0 $5 2016-11-15 $9 350860 $b MED $c MED $e MED0A $f C1300003112 $h JROPLZZ $k EXT E RP/WOU $n 2024-07-11 $o 0 $p 7.50 $r PRETLIV $s EXT_E_RP_WOU $w 7 $y 2023-08-31
995    $0 0 $2 0 $4 0 $5 2022-05-07 $9 443677 $b MED $c MED $e MED2A $f C2500000089 $h JROPLZZ $k E RP/WOU $o 0 $p 7.00 $r PRETLIV $s E_RP_WOU $w 1 $y 2022-07-06 $7  $8  $A  $m  $z 

