03674cam a2200469   4500
001 292968
003 http://www.mediathequederoubaix.fr/ark:/20179/KH292968
010    $a 978-2-8001-6339-0 $b rel. $d 10,60 EUR
020    $a FR $b 01553804
033    $a http://catalogue.bnf.fr/ark:/12148/cb44361612p
035    $a FRBNF44361612000000X
073  0 $a 9782800163390
090    $a 292968
091    $b 20240518 $c 1 $a 2
099    $t LI $x 20 $d 2024-05-18 $c 2016-11-18
100    $a 20150623d2015    a  y0frey50      ba
101 0  $a fre
102    $a BE
105    $a ||||t   00|a|
106    $a r
181  0 $6 01 $a i  $b xxxe   $a b  $b xb2e  
181    $6 02 $c txt $c sti $2 rdacontent
182  0 $6 01 $a n
182    $6 02 $c n $2 rdamedia
200 1  $a Le secret de Khâny $b Texte imprimé $f par Roger Leloup
210    $a [Marcinelle] $a [Paris] $c Dupuis $d DL 2015 $e impr. en Belgique
215    $a 1 vol. (48 p.) $c ill. en coul. $d 30 cm
225 19 $a Yoko Tsuno $v 27
321    $a La Revue des livres pour enfants $x 0398-8384 $c 283
321    $a La Revue des livres pour enfants. Sélection annuelle $c 285
329    $c Bravo ! $a Fidèle à son héroïne et son univers vinéen, Roger Leloup livre un nouvel opus qui n'est pas sans surprises, et possède un ton grave et angoissé pas si courant dans la série. D'habitude sûre d'elle face aux pires situations, à l'exception peut-être de la Frontière de la vie, Yoko est ici habitée par le doute et l'inquiétude, et ballottée dans une odyssée qui l'emmène dans le sol de Mars. Elle y croise un complice du sinistre Karpan, vinéen disparu dans La forge de Vulcain - le troisième album, fondateur du pacte d'amitié entre Terriens et Vinéens. Ce n'est rien de moins qu'une guerre bactériologique et génétique qui menace, dans laquelle l'amie fidèle Khâny prend de gros risques... Par-delà la magie des vaisseaux spatiaux et de l'univers extra-terrestre, c'est la force du thème de l'amitié et la question du sacrifice qui frappent ici. La série se renouvèle fortement depuis quelques albums, et confirme ici un nouveau souffle.  $d 20150601 $f OP $2 CNLJ $k Avis critique donné par le Centre national de la littérature pour la jeunesse
329    $c Coup de coeur ! $a Roger Leloup livre un nouvel opus au ton grave et angoissé pas si courant dans la série. Yoko est ici habitée par le doute et l'inquiétude, et entraînée dans une odyssée martienne. Ce n'est rien moins qu'une guerre bactériologique et génétique qui menace, dans laquelle l'amie fidèle Khâny prend de gros risques... Par-delà la magie des vaisseaux spatiaux et de l'univers extra-terrestre, c'est la force du thème de l'amitié et la question du sacrifice qui frappent ici. Un nouveau souffle. $d 20151101 $2 CNLJ $k Avis critique donné par le Centre national de la littérature pour la jeunesse
330    $a Condamnée à se rendre sur Mars, Yoko doit y neutraliser une menace qui pèse sur la Terre et découvrir le secret de Khâny. ­Electre 2016
333    $a À partir de 9 ans $2 CNLJ $k Avis critique donné par le Centre national de la littérature pour la jeunesse
339    $a m
461  0 $6 89508 $t Yoko Tsuno $v 27
608    $a Bandes dessinées $2 CNLJ $k Avis critique donné par le Centre national de la littérature pour la jeunesse
686    $a 805 $2 Cadre de classement de la Bibliographie nationale française
700    $3 11912317 $9 15390 $o ISNI0000000078293916 $a Leloup $b Roger $f 1933-.... $4 070
801  0 $a FR $b FR-751131015 $c 20150623 $g AFNOR $h FRBNF44361612000000X $2 intermrc
999    $a FRBNF44361612000000X
995    $0 0 $2 0 $4 0 $5 2016-11-19 $9 351267 $b MED $c MED $e MED0C $f c2200004839 $h AAPBDSR $k BD/P $o 0 $p 10.00 $r PRETLIV $s BD_P $w 20 $y 2024-02-04

