02365cam a2200457   4500
001 293095
003 http://www.mediathequederoubaix.fr/ark:/20179/KH293095
010    $a 978-2-37102-051-1 $b br. $d 15 EUR
020    $a FR $b 01617572
033    $a http://catalogue.bnf.fr/ark:/12148/cb44506263s
035    $a FRBNF445062630000003
073  0 $a 9782371020511
090    $a 293095
091    $b 20240518 $c 1 $a 2
099    $t LI $x 19 $d 2024-05-18 $c 2016-11-22
100    $a 20160212d2016    a  y0frey50      ba
101 1  $a fre $c eng
102    $a FR
105    $a ||||z   00|a|
106    $a r
181  0 $6 01 $a i  $b xxxe  
181    $6 02 $c txt $2 rdacontent
182  0 $6 01 $a n
182    $6 02 $c n $2 rdamedia
200 1  $a L'énigme du magicien $b Texte imprimé $f Andrea Cremer $g traduit de l'anglais (États-Unis) par Mathilde Tame-Bouhon
210    $a [Paris] $c Lumen $d DL 2016 $e 86-Ligugé $g Aubin impr.
215    $a 1 vol. (369 p.) $c ill. $d 23 cm
225 19 $a Le secret de l'inventeur $v vol. 2
329    $c Pourquoi pas ? $2 CNLJ $k Avis critique donné par le Centre national de la littérature pour la jeunesse
330    $a Charlotte doit guider sa troupe de résistants vers La Nouvelle-Orléans. Désormais à la tête du groupe, elle est confrontée à des choix difficiles pour protéger ceux dont elle a la responsabilité. La jeune fille doit également affronter les pièges que lui tend l'Empire et les stratagèmes du mage Nicodème et du flibustier français Perséus, sans compter les plans de sa propre mère. ­Electre 2016
333    $a À partir de 13 ans $2 CNLJ $k Avis critique donné par le Centre national de la littérature pour la jeunesse
339    $a m
454  1 $t The conjurer's riddle
461  0 $t Le secret de l'inventeur $v 2
608    $a Romans $2 CNLJ $k Avis critique donné par le Centre national de la littérature pour la jeunesse
686    $a 809 $2 Cadre de classement de la Bibliographie nationale française
700    $3 16268093 $9 108427 $o ISNI0000000119384209 $a Cremer $b Andrea $f 1978-.... $4 070
702    $3 16190449 $9 43462 $o ISNI0000000077586514 $a Tamae-Bouhon $b Mathilde $4 730
801  0 $a FR $b FR-751131015 $c 20160212 $g AFNOR $h FRBNF445062630000003 $2 intermrc
999    $a FRBNF445062630000003
995    $0 0 $2 0 $4 0 $5 2016-11-22 $9 351441 $b MED $c MED $e MED1A $f C1300003189 $h ALTROAD $k ADO R/CRE $o 0 $p 15.00 $r PRETLIV $s ADO_R_CRE $w 19 $y 2024-03-09

