01902cam a2200421   4500
001 293213
003 http://www.mediathequederoubaix.fr/ark:/20179/KH293213
010    $a 978-2-290-05404-8 $b br. $d 7,90 EUR
020    $a FR $b 01228322
033    $a http://catalogue.bnf.fr/ark:/12148/cb42659561k
035    $a FRBNF426595610000006
073  0 $a 9782290054048
090    $a 293213
091    $b 20240518 $c 1 $a 2
099    $t LI $x 25 $d 2024-05-18 $c 2016-11-25
100    $a 20120504d2012    m  y0frey50      ba
101 0  $a fre
102    $a FR
105    $a ||||z   00|a|
106    $a r
181  0 $6 01 $a i  $b xxxe  
181    $6 02 $c txt $2 rdacontent
182  0 $6 01 $a n
182    $6 02 $c n $2 rdamedia
200 1  $a Druide $b Texte imprimé $f Oliver Peru
210    $a Paris $c J'ai lu $d impr. 2012 $e impr. en Slovaquie
215    $a 1 vol. (602 p.) $c carte, couv. ill. en coul. $d 18 cm
225    $a J'ai lu $i Fantasy
308    $a 9854
330    $a Au nord vivent les hommes du froid et de l'acier, au sud errent les tribus nomades et au centre règnent les druides, seigneurs de la forêt. Lorsque quarante-neuf soldats sont assassinés, certains y voient l'oeuvre d'un mal ancien, d'autres y voient un prétexte pour relancer le conflit qui oppose deux familles régnantes. Le druide Obrigan et ses deux apprentis sont alors chargés d'enquêter. ­Electre 2016
339    $a m
410  0 $0 34229028 $t J'ai lu $x 0291-3623 $v 9854
410  0 $0 36591223 $t J'ai lu. Fantasy $x 1290-6697 $d 2012
686    $a 803 $2 Cadre de classement de la Bibliographie nationale française
700    $3 14587843 $9 33301 $o ISNI000000012020763X $a Peru $b Olivier $f 1977-.... $4 070
801  0 $a FR $b FR-751131015 $c 20120504 $g AFNOR $h FRBNF426595610000006 $2 intermrc
999    $a FRBNF426595610000006
995    $0 0 $2 0 $4 0 $5 2016-11-25 $9 351764 $b MED $c MED $e MED1A $f C1400014224 $h ALTIGFA $k FAN/PER $o 0 $p 8.90 $r PRETLIV $s FAN_PER $w 25 $y 2024-04-26 $A 0

