02520cam a2200457   4500
001 293340
003 http://www.mediathequederoubaix.fr/ark:/20179/KH293340
010    $a 978-2-302-05361-8 $b rel. $d 14,95 EUR
020    $a FR $b 01660514
033    $a http://catalogue.bnf.fr/ark:/12148/cb451252951
035    $a FRBNF451252950000000
073  0 $a 9782302053618
090    $a 293340
091    $b 20240518 $c 1 $a 2
099    $t LI $x 32 $d 2024-05-18 $c 2016-11-29
100    $a 20160926d2016    m  y0frey50      ba
101 0  $a fre
102    $a FR
105    $a ||||t   00|a|
106    $a r
181  0 $6 01 $a i  $b xxxe   $a b  $b xb2e  
181    $6 02 $c txt $c sti $2 rdacontent
182  0 $6 01 $a n
182    $6 02 $c n $2 rdamedia
200 1  $a Les obsessions de Sam Gibbs $b Texte imprimé $f scénario, Stéphane Betbeder & Jean-Luc Istin $g dessin, Lucio Leoni & Emanuela Negrin $g couleurs, Digikore studios...
210    $a Toulon $c Soleil $d DL 2016 $e impr. en Belgique
215    $a 1 vol. (51 p.) $c ill. en coul. $d 32 cm
225 19 $a Alice Matheson $v 5
225    $a Anticipation
330    $a Sam Gibbs n'est personne. Il n'est qu'un pauvre geek, sans diplôme, apparemment sans intérêt qui travaille de nuit au 3e sous-sol du Saint Mary's Hospital. Sam aime en secret l'infirmière Rays, dont il épie les moindres faits et gestes, au point qu'il sait qu'elle porte l'enfant de ce salopard de Dr Cooper, ce foutu dragueur qui ne pense qu'à séduire tout ce qui porte une culotte. Sam Gibbs n'est personne et pourtant il désire plus que tout être quelqu'un aux yeux de Shirpa Rays. Et pour cela, il est prêt à tout, à mentir, à tuer s'il le faut, ou encore à pactiser avec le diable... $2 éditeur
339    $a m
410  0 $0 42254836 $t Anticipation (Toulon) $x 2110-9095 $d 2016
461  0 $0 44346917 $t Alice Matheson. Saison 1 $v 5
686    $a 805 $2 Cadre de classement de la Bibliographie nationale française
700    $3 13577471 $9 90598 $o ISNI0000000121283423 $a Betbeder $b Stéphane $f 1971-.... $4 070
701    $3 13573340 $9 75431 $o ISNI0000000073653927 $a Istin $b Jean-Luc $f 1970-.... $4 070
702    $3 16573326 $9 109417 $o ISNI0000000080674048 $a Leoni $b Lucio Alberto $f 1968-.... $4 440
702    $3 15748791 $9 94217 $o ISNI0000000002333694 $a Negrin $b Emanuela $f 1971-.... $4 440
801  0 $a FR $b FR-751131015 $c 20160926 $g AFNOR $h FRBNF451252950000000 $2 intermrc
999    $a FRBNF451252950000000
995    $0 0 $2 0 $4 0 $5 2016-12-13 $9 352608 $b MED $c MED $e MED0C $f C2200005165 $h AAPBDSR $k BD/SERIES $o 0 $p 14.00 $r PRETLIV $s BD_SERIES $w 33 $y 2024-05-02

