01794cam a2200421   4500
001 293467
003 http://www.mediathequederoubaix.fr/ark:/20179/KH293467
010    $a 978-2-919111-12-1 $b br. $d 10 EUR
020    $a FR $b 01317679
033    $a http://catalogue.bnf.fr/ark:/12148/cb43554657c
035    $a FRBNF435546570000005
073  0 $a 9782919111121
090    $a 293467
091    $b 20240518 $c 1 $a 2
099    $t LI $x 1 $d 2024-05-18 $c 2016-12-03
100    $a 20130318d2013    m  y0frey50      ba
101 0  $a fre
102    $a FR
105    $a ||||z   00|y|
106    $a r
181  0 $6 01 $a i  $b xxxe  
181    $6 02 $c txt $2 rdacontent
182  0 $6 01 $a n
182    $6 02 $c n $2 rdamedia
200 1  $a Les sous-doués du banditisme $b Texte imprimé $f Christophe Demay & Nicolas Montard $g illustrations, Pascal Barbe
210    $a [Roubaix] $c les Lumières de Lille éd. $d DL 2013 $e impr. en Belgique
215    $a 1 vol. (non paginé [136] p.) $c ill., couv. ill. $d 15 cm
339    $a m
606    $3 12651400 $9 5219 $a Faits divers $3 11935644 $9 6990 $y Nord-Pas-de-Calais (France) $2 rameau
608    $3 11931282 $9 3458 $a Ouvrages humoristiques $2 rameau
676    $a 848.920 208 $v 23
686    $a 804 $2 Cadre de classement de la Bibliographie nationale française
700    $3 16674980 $9 268016 $o ISNI0000000403171219 $a Demay $b Christophe $f 1974-.... $4 070
701    $3 16674983 $9 107773 $o ISNI0000000403528556 $a Montard $b Nicolas $f 1981-.... $4 070
702    $3 12751705 $9 268017 $o ISNI0000000000496967 $a Barbe $b Pascal $f 1957-.... $4 440
801  0 $a FR $b FR-751131015 $c 20130318 $g AFNOR $h FRBNF435546570000005 $2 intermrc
999    $a FRBNF435546570000005
995    $0 0 $2 0 $4 0 $5 2016-12-10 $9 352552 $b MED $c MED $e MED0C $f c3200005195 $h PRRRGZZ $k FR/848 DEM $o 0 $p 10.00 $r PRETLIV $s FR_848_000000000000000_DEM $w 1 $y 2018-08-16

