03097cam a2200433   4500
001 293587
003 http://www.mediathequederoubaix.fr/ark:/20179/KH293587
010    $a 978-2-7493-0811-1 $b rel. $d 14,50 EUR
020    $a FR $b 01666559
033    $a http://catalogue.bnf.fr/ark:/12148/cb451308365
035    $a FRBNF451308360000003
073  0 $a 9782749308111
090    $a 293587
091    $b 20240518 $c 1 $a 2
099    $t LI $x 31 $d 2024-05-18 $c 2016-12-06
100    $a 20161003d2016    m  y0frey50      ba
101 0  $a fre
102    $a FR
105    $a ||||t   00|a|
106    $a r
181  0 $6 01 $a i  $b xxxe   $a b  $b xb2e  
181    $6 02 $c txt $c sti $2 rdacontent
182  0 $6 01 $a n
182    $6 02 $c n $2 rdamedia
200 1  $a L'affaire Moran $b Texte imprimé $f scénario, J. B. Djian et Olivier Legrand $g dessin et couleur, David Etien
210    $a Grenoble $c Vents d'Ouest $d DL 2015 $e impr. en Belgique
215    $a 1 vol. (56 p.) $c ill. en coul. $d 32 cm
225 19 $a Les quatre de Baker Street $v tome 7
330    $a La confrontation finale approche...1894. Après trois ans de guerre secrète contre les anciens associés de Moriarty, il est temps pour Sherlock Holmes de sortir de l'ombre et de retrouver Baker Street... Mais avant cela, il lui faut mettre échec et mat le dernier et le plus dangereux des lieutenants du défunt professeur : le Colonel Moran, tireur d'élite et tueur aux nerfs d'acier. La chasse est lancée - mais qui est le chasseur et qui est le gibier ? Pendant que Holmes avance ses pions, Moran lâche ses chiens : une meute d'assassins, menée par le sinistre Deadeye... et c'est sur les francs-tireurs de Baker Street que le piège mortel va se refermer ! Fidèles assistants et compagnons de clandestinité du grand détective, Billy, Charlie et Black Tom (sans oublier le chat Watson !) vont se retrouver en première ligne de cette fin de partie meurtrière. Pour les Quatre de Baker Street, le dernier coup sera une question de vie ou de mort...Tant par la qualité de ses intrigues que par la virtuosité du trait de David Etien, Les Quatre de Baker Street s'est affirmé comme un incontournable de la BD moderne. Avec ce tome 7, les auteurs concluent leur « trilogie » consacrée à l'affrontement entre Sherlock Holmes et le colonel Moran. $2 éditeur
339    $a a
461  0 $0 41446861 $t Les quatre de Baker Street $v 7
686    $a 805 $2 Cadre de classement de la Bibliographie nationale française
700    $3 13183616 $9 31580 $o ISNI0000000108448932 $a Djian $b Jean-Blaise $f 1953-.... $4 070
701    $3 14627366 $9 99091 $o ISNI0000000001314467 $a Legrand $b Olivier $f 1968-.... $4 070
702    $3 14528444 $9 72642 $o ISNI0000000367617139 $a Etien $b David $4 440
801  0 $a FR $b FR-751131015 $c 20161003 $g AFNOR $h FRBNF451308360000003 $2 intermrc
999    $a FRBNF451308360000003
995    $0 0 $2 0 $4 0 $5 2016-12-08 $9 352336 $b MED $c MED $e MED0A $f C1300003342 $h JBDZZZZ $k EXT E BD/DJI $o 0 $p 14.50 $r PRETLIV $s EXT_E_BDDJI $w 4 $y 2022-06-14
995    $0 0 $2 0 $4 0 $5 2016-12-09 $9 352433 $b MED $c MED $e MED2A $f C2200005003 $h JBDSRZZ $k E BD/SERIES $o 0 $p 14.50 $r PRETLIV $s E_BD_SERIES $w 27 $y 2024-02-09

