01069njm0a22002532  4500
001 293834
003 http://www.mediathequederoubaix.fr/ark:/20179/KH293834
071 01 $a BD-CD16/035 $b Baco
073  1 $a 3760248830353 $d 23,11
090    $a 293834
091    $a 1 $b 20240518 $c 0
099    $t DC $x 9 $d 2024-05-18 $c 2016-12-08
100    $a 20161128d2016    u  y0frey5003    ba
101    $a fre
200    $a La rue raisonne $b Enr. sonore $f Danakil
210    $d 2016
215    $a 1 cd $d 12 cm $e 1 Livret (n.p.; 12 cm)
327 1  $a Echo système $a 32 mars $a Paris la nuit $a Comme je $a Back again $a Mediatox $a Pars $a Il en restera quelque chose $a Dis-leur $a Papillons $a Lumière de la mémoire $a J'attends le jour
339    $a m
606    $a Reggae (musique) $x Disques $y France $2 rameau
679    $a 052.2
710    $7 ba0yba0y $8 fre    $a Danakil $3 16607005 $9 30378
801    $a FR $b cdmail $c 20161215 $g AFNOR
995    $0 0 $2 0 $4 0 $5 2016-12-15 $9 352834 $b MED $c MED $e MED1A $f C3100002767 $h AMV16ZZ $k DC/052.2 DAN REGGAE $l contient 1 DC + 1 livret $o 0 $p 16.87 $r PRETSON $s DC_052_200000000000000_DAN_REGGAE $w 9 $y 2023-07-25

