01043ncm a22002413  4500
001 293982
003 http://www.mediathequederoubaix.fr/ark:/20179/KH293982
010    $a 9780825613289 $d 27.73
090    $a 293982
091    $a 2 $b 20240518 $c 0
099    $t PA $x 16 $d 2024-05-18 $c 2016-12-10
100    $a 20161210d1992    u||y0frey50      ba
101    $a fre
200    $a Greatest hits $b Musique imprimée $e Song tab edition $f Cat Stevens
210    $c AMSCO Publications $d 1992
215    $a 96 p. $c couv. ill. $d 30 cm
327    $a Father and son $a Hard headed woman $a How can I tell you $a If I laugh $a Katmandu $a Longer boats $a Moonshadow $a On the road to find out $a Peace train $a Where do the chidren play ? $a Wild world $a The wind
600    $a Stevens $b Cat $x Partitions $3 17029638 $9 268150 $2 rameau
679    $a 2
700    $a Stevens $b Cat $3 17029638 $9 268150
801    $a FR $b 595126101 $c 20161210 $g AFNOR
339    $a m
995    $0 0 $2 0 $4 0 $5 2017-01-05 $9 353624 $b MED $c MED $e MED1A $f C3100002880 $h AMV20ZZ $k PA/2 STE $o 0 $p 27.73 $r PRETPAR $s PA_2_000000000000000_STE $w 16 $y 2023-09-16

