02368cam a2200493   4500
001 294101
003 http://www.mediathequederoubaix.fr/ark:/20179/KH294101
010    $a 978-88-366-3339-5 $b br. $d 22 EUR
020    $a FR $b 01716293
033    $a http://catalogue.bnf.fr/ark:/12148/cb45165045r
035    $a FRBNF451650450000002
073  0 $a 9788836633395
090    $a 294101
091    $a 2 $b 20240518 $c 1
099    $t LI $x 4 $d 2024-05-18 $c 2016-12-15
100    $a 20161125d2016    m  h0frey50      ba
101 0  $a fre
102    $a IT $a FR
105    $a ||||z   00|y|
106    $a r
181  0 $6 01 $a i  $b xxxe   $a b  $b xb2e  
181    $6 02 $c txt $c sti $2 rdacontent
182  0 $6 01 $a n
182    $6 02 $c n $2 rdamedia
200 1  $a La pierre bleue de l'Avesnois $b Texte imprimé $e entre paysage et architecture $e les collections du Forum antique de Bavay $e [exposition, Musée du Forum antique de Bavay, 15 septembre 2016-17 janvier 2017] $f [catalogue sous la direction de Sébastien Cormier]
210    $a CINISELLO BALSAMO MILAN $c SILVANA EDITORIALE S.p.A $d 2016
215    $a 1 vol. (154 p.) $c ill. en coul. $d 24 cm
300    $a Exposition présentée sous le titre : "La pierre bleue, un marbre noir de l'Antiquité"
300    $a Bibliogr. p. 56-63
339    $a m
503 1  $a Exposition $m Bavay $n Forum antique $j 2016 $j 2017
517 1  $a La pierre bleue, un marbre noir de l'Antiquité
601    $3 12060683 $9 315247 $a Forum antique $c Bavay, Nord $2 rameau
606    $3 11946914 $9 83339 $a Marbrerie $3 11954578 $9 275541 $y Avesnois (Nord, France) $3 11975677 $9 2729 $z Antiquité $2 rameau
606    $3 11948511 $9 39564 $a Décoration architecturale $3 11942406 $9 315248 $y Bavay (Nord, France) $3 11975677 $9 2729 $z Antiquité $2 rameau
608    $3 11938837 $9 136 $a Catalogues d'exposition $2 rameau
608    $3 11975940 $9 430 $a Catalogues $2 rameau
676    $a 729.093 64 $v 23
686    $a 720 $2 Cadre de classement de la Bibliographie nationale française
702    $3 17114488 $9 315249 $a Cormier $b Sébastien $f 1972-.... $4 651
712 11 $3 12060683 $9 315247 $o ISNI0000000123591649 $a Forum antique $c Bavay, Nord $4 070
801  0 $a FR $b FR-751131015 $c 20161125 $g AFNOR $h FRBNF451650450000002 $2 intermrc
999    $a FRBNF451650450000002
995    $0 0 $2 0 $4 0 $5 2016-12-21 $9 353064 $b MED $c MED $e MED0C $f C3200005264 $h PRRRGZZ $k FR/723 GEO $o 0 $p 22.00 $r PRETLIV $s FR_723_000000000000000_GEO $w 4 $y 2021-10-08

