02603cam a2200481   4500
001 294252
003 http://www.mediathequederoubaix.fr/ark:/20179/KH294252
010    $a 978-94-6161-332-5 $b br. $d 22 EUR
020    $a FR $b 01670415
033    $a http://catalogue.bnf.fr/ark:/12148/cb451513682
035    $a FRBNF451513680000001
073  0 $a 9789461613325
090    $a 294252
091    $a 2 $b 20240518 $c 1
099    $t LI $d 2024-05-18 $c 2016-12-21
100    $a 20161103d2016    m  h0frey50      ba
101 0  $a fre
102    $a BE $a FR
105    $a ||||z   00|y|
106    $a r
181  0 $6 01 $a i  $b xxxe   $a b  $b xb2e  
181    $6 02 $c txt $c sti $2 rdacontent
182  0 $6 01 $a n
182    $6 02 $c n $2 rdamedia
200 1  $a Merci pour les restes ! $b Texte imprimé $e archéologie des habitudes alimentaires à la fin du Moyen âge à Valenciennes, XIVe-XVIe siècles $f sous la direction de Patrice Korpiun,... Arnaud Tixador,... David Delassus,... $g avec les contributions de Danièle Alexandre-Bidon,... Perrine Mane,... Morgane Bertho... [et al.]
210    $a Gand $c Snoeck $a Valenciennes $c Musée des beaux-arts $d 2016 $e impr. en Union européenne
215    $a 1 vol. (159 p.) $c ill. en coul. $d 30 cm
300    $a Publ. à l'occasion de l'exposition éponyme présentée au Musée des beaux-arts de Valenciennes, 22 octobre 2016-17 février 2017
300    $a Bibliogr. p. 158-159
339    $a m
503 1  $a Exposition $m Valenciennes $n Musée des beaux-arts $j 2016 $j 2017
606    $3 11931994 $9 5003 $a Coutumes alimentaires $3 11933744 $9 63189 $y Valenciennes (Nord, France) $3 11975717 $9 2046 $z Moyen âge $2 rameau
606    $3 11956938 $9 100246 $a Ustensiles de cuisine $3 11933744 $9 63189 $y Valenciennes (Nord, France) $3 11975717 $9 2046 $z Moyen âge $2 rameau
606    $3 11978277 $9 13364 $a Vaisselle $3 11933744 $9 63189 $y Valenciennes (Nord, France) $3 11975717 $9 2046 $z Moyen âge $2 rameau
676    $a 394.120 94409 $v 23
686    $a 940 $2 Cadre de classement de la Bibliographie nationale française
702    $3 16246158 $9 268277 $o ISNI0000000117819096 $a Korpiun $b Patrice $4 651
702    $3 15055648 $9 268278 $o ISNI0000000001538129 $a Tixador $b Arnaud $4 651
702    $3 16169974 $9 268279 $o ISNI0000000075557517 $a Delassus $b David $4 651
712 11 $3 11877438 $9 50442 $o ISNI000000012337111X $a Musée des beaux-arts $c Valenciennes, Nord $4 070
801  0 $a FR $b FR-751131015 $c 20161103 $g AFNOR $h FRBNF451513680000001 $2 intermrc
999    $a FRBNF451513680000001
995    $0 0 $2 0 $3 0 $4 0 $5 2017-01-18 $9 354268 $b MED $c MED $e MED3A $f C3200005449 $h ACFHSZZ $k Doc./919 ARC $o 0 $p 22.00 $r PRETLIV $s DOC___919_000000000000000_ARC $w 0 $y 2017-01-19 $A 0

