01800cam a2200421   4500
001 294379
003 http://www.mediathequederoubaix.fr/ark:/20179/KH294379
010    $a 978-2-8126-1140-7 $b br. $d 9 EUR
020    $a FR $b 01673341
033    $a http://catalogue.bnf.fr/ark:/12148/cb45136518v
035    $a FRBNF451365180000006
073  0 $a 9782812611407
090    $a 294379
091    $b 20240518 $c 1 $a 2
099    $t LI $x 21 $d 2024-05-18 $c 2016-12-27
100    $a 20161010d2016    a  y0frey50      ba
101 0  $a fre
102    $a FR
105    $a ||||z   00|a|
106    $a r
181  0 $6 01 $a i  $b xxxe  
181    $6 02 $c txt $2 rdacontent
182  0 $6 01 $a n
182    $6 02 $c n $2 rdamedia
200 1  $a Qui veut la peau de Barack et Angela ? $b Texte imprimé $f Guillaume Nail $g illustrations de Gaspard Sumeire
210    $a [Arles] $c Rouergue $d DL 2016 $e 46-Mercuès $g Impr. France Quercy
215    $a 1 vol. (167 p.) $c ill. $d 19 cm
225    $a Dacodac
329    $c Intéressant $2 CNLJ $k Avis critique donné par le Centre national de la littérature pour la jeunesse
333    $a À partir de 11 ans $2 CNLJ $k Avis critique donné par le Centre national de la littérature pour la jeunesse
339    $a a
410  0 $0 42069271 $t Dacodac au Rouergue $x 2104-6034 $d 2016
608    $a Romans $2 CNLJ $k Avis critique donné par le Centre national de la littérature pour la jeunesse
686    $a 809 $2 Cadre de classement de la Bibliographie nationale française
700    $3 14495269 $9 277263 $o ISNI0000000001084278 $a Nail $b Guillaume $f 1979-.... $4 070
801  0 $a FR $b FR-751131015 $c 20161010 $g AFNOR $h FRBNF451365180000006 $2 intermrc
999    $a FRBNF451365180000006
995    $0 0 $2 0 $4 0 $5 2017-01-06 $9 353713 $b MED $c MED $e MED2A $f C2500000079 $h JROROZZ $k E R/NAI $o 0 $p 9.00 $r PRETLIV $s E_R_NAI $w 21 $y 2023-07-08

