01931cam a2200433   4500
001 294530
003 http://www.mediathequederoubaix.fr/ark:/20179/KH294530
010    $a 978-2-84221-166-0 $b br. $d 12 EUR
020    $a FR $b 00749204
033    $a http://catalogue.bnf.fr/ark:/12148/cb41104339m
035    $a FRBNF411043390000008
073  0 $a 9782842211660
090    $a 294530
091    $b 20240518 $c 1 $a 2
099    $t LI $x 21 $d 2024-05-18 $c 2017-01-03
100    $a 20070906d2007    m  y0frey50      ba
101 0  $a fre
102    $a FR
105    $a ||||z   00|y|
106    $a r
181  0 $6 01 $a i  $b xxxe  
181    $6 02 $c txt $2 rdacontent
182  0 $6 01 $a n
182    $6 02 $c n $2 rdamedia
200 1  $a Jouons ensemble, autrement $b Texte imprimé $e améliorer nos relations par le jeu $f Catherine Dumonteil-Kremer $g photographies de Delphine Chartron
210    $a Sète $c la Plage éd. $d cop. 2007 $e 37-Monts $g Impr. Présence graphique
215    $a 1 vol. (160 p.) $c ill., couv. ill. en coul. $d 21 cm
300    $a Bibliogr., webliogr. et adresses utiles p. 151-155. Index
339    $a m
606    $3 13318351 $9 5550 $a Jeux $3 11940849 $9 1242 $x Psychologie $2 rameau
606    $3 11941483 $9 10143 $a Éducation des enfants $2 rameau
608    $a Ouvrages de référence $2 CNLJ $k Avis critique donné par le Centre national de la littérature pour la jeunesse
676    $a 155.418 $v 23
686    $a 150 $2 Cadre de classement de la Bibliographie nationale française
700    $3 14515891 $9 14601 $o ISNI0000000072521252 $a Dumonteil-Kremer $b Catherine $f 1962-.... $4 070
702    $3 14478469 $9 87086 $o ISNI000000000104134X $a Chartron $b Delphine $f 1977-.... $4 440
801  0 $a FR $b FR-751131015 $c 20070906 $g AFNOR $h FRBNF411043390000008 $2 intermrc
999    $a FRBNF411043390000008
995    $0 0 $2 0 $4 0 $5 2017-01-19 $9 354297 $b MED $c MED $e MED2A $f C2500000446 $h AAPPLPA $k E FP 602 JEU $o 0 $p 12.50 $r PRETLIV $s E_FP_602_000000000000000_JEU $w 21 $y 2023-07-12 $A 0

