01653cam a2200373   4500
001 294647
003 http://www.mediathequederoubaix.fr/ark:/20179/KH294647
010    $a 978-2-260-02944-1 $b br. $d 20 EUR
020    $a FR $b 01708082
033    $a http://catalogue.bnf.fr/ark:/12148/cb452023433
035    $a FRBNF452023430000001
073  0 $a 9782260029441
090    $a 294647
091    $b 20240518 $c 1 $a 2
099    $t LI $x 13 $d 2024-05-18 $c 2017-01-04
100    $a 20170201d2017    m  y0frey50      ba
101 0  $a fre
102    $a FR
105    $a ||||z   00|a|
106    $a r
181  0 $6 01 $a i  $b xxxe  
181    $6 02 $c txt $2 rdacontent
182  0 $6 01 $a n
182    $6 02 $c n $2 rdamedia
200 1  $a Théa $b Texte imprimé $e roman $f Mazarine Pingeot
210    $a Paris $c Julliard $d DL 2017
215    $a 1 vol. (346 p.) $d 21 cm
330    $a Josèphe rencontre Antoine lors d'une soirée à Paris dans les années 1980. Antoine est Argentin et il fuit la dictature de son pays. Le coup de foudre passé, il disparaît. Josèphe ne pense qu'à le revoir et commence à enquêter sur cet homme. C'est alors qu'elle se retrouve renvoyée, sans s'y attendre, à sa propre histoire familiale. ­Electre 2017
339    $a m
686    $a 803 $2 Cadre de classement de la Bibliographie nationale française
700    $3 13323906 $9 44410 $o ISNI0000000114435564 $a Pingeot $b Mazarine M. $f 1974-.... $4 070
801  0 $a FR $b FR-751131015 $c 20170201 $g AFNOR $h FRBNF452023430000001 $2 intermrc
999    $a FRBNF452023430000001
995    $0 0 $2 0 $4 0 $5 2017-01-04 $9 353529 $P 20.00 $b MED $c MED $e MED1A $f C1400000273 $h ALTROZZ $k R/PIN $o 0 $p 20.00 $r PRETLIV $s R_PIN $w 13 $y 2021-06-29 $A 0

