02498cam a2200409   4500
001 294761
003 http://www.mediathequederoubaix.fr/ark:/20179/KH294761
010    $a 978-2-344-01596-4 $b rel. $d 39 EUR
020    $a FR $b 01668352
033    $a http://catalogue.bnf.fr/ark:/12148/cb451642394
035    $a FRBNF451642390000001
073  0 $a 9782344015964
090    $a 294761
091    $b 20240518 $c 1 $a 2
099    $t LI $x 12 $d 2024-05-18 $c 2017-01-11
100    $a 20161124d2016    m  y0frey50      ba
101 0  $a fre
102    $a FR
105    $a ||||z   00|y|
106    $a r
181  0 $6 01 $a i  $b xxxe   $a b  $b xb2e  
181    $6 02 $c txt $c sti $2 rdacontent
182  0 $6 01 $a n
182    $6 02 $c n $2 rdamedia
200 1  $a Mickey Mouse $b Texte imprimé $e icône du rêve américain $f Garry Apgar
210    $a Grenoble $c Glénat $d DL 2016 $e impr. en Chine
215    $a 1 vol. (336 p.) $c ill. en coul. $d 26 cm
300    $a Bibliogr. p. 313-324. Index
330    $a La première biographie illustrée de Mickey !Mickey Mouse, icône du rêve américain nous raconte l'influence de ce personnage de cartoon unique en son genre sur l'art et la culture populaire depuis ses débuts en 1928. S'appuyant sur une iconographie composée d'images rarissimes, Garry Apgar, spécialiste en histoire de l'art, nous éclaire sur la genèse de la souris conçue par Walt Disney et Ub Iwerks, l'explosion de sa popularité pendant la Grande Dépression, l'évolution de son apparence à travers les époques, son influence sur les artistes et animateurs du monde entier, jusqu'à son accession au statut d'icône culturelle d'envergure internationale !Comprenant plus de 400 images exceptionnelles, cet ouvrage - successeur émérite de The Art of Walt Disney, autre référence en la matière - vous fait découvrir l'histoire de cette figure mythique et, en filigrane, celle de la nation dont Mickey a su si bien incarner l'esprit.
339    $a m
600    $3 12061502 $9 268446 $a Mickey Mouse $c personnage fictif $3 11934444 $9 494 $x Histoire $2 rameau
676    $a 741.580 973 $v 23
686    $a 740 $2 Cadre de classement de la Bibliographie nationale française
700    $3 12502873 $9 334188 $o ISNI0000000080155205 $a Apgar $b Garry $4 070
801  0 $a FR $b FR-751131015 $c 20161124 $g AFNOR $h FRBNF451642390000001 $2 intermrc
999    $a FRBNF451642390000001
995    $0 0 $2 0 $4 0 $5 2017-01-25 $9 354600 $b MED $c MED $e MED1A $f C3100003021 $h AAPCGDD $k Doc./796 DIS $o 0 $p 35.32 $r PRETLIV $s DOC___796_000000000000000_DIS $w 12 $y 2024-04-09

