01166njm a22002053  4500
001 294915
003 http://www.mediathequederoubaix.fr/ark:/20179/KH294915
090    $a 294915
091    $a 1 $b 20240516 $c 0
099    $t DC $x 3 $d 2024-05-16 $c 2017-01-17
100    $a 20170117d2009    u||y0frey50      ba
101    $a fre
200    $a Le Monde du Piano $b Enr. sonore $f Ludwig Van Beethoven, Frédéric Chopin, Robert Schumann, Félix Mendelssohn, Christoph  Willibald Gluck,  comp. $g Guiomar Navaes, p.
210    $d P 2009
215    $a 2 cd $e 1 Livret-collé (43 p.; 22 cm)
327    $a CD 1 : Sonate pour piano n°26 en mi bémol majeur op.81a "Les adieux" / Ludwig Van Beethoven $a Valses / Frédéric Chopin $a Ballet des ombres heureuses" d'Orphée et Eurydice / Christoph Willibald Gluck $a Concerto pour piano en la mineur op. 54 / Robert Schumann $a Papillons op. 2 / $a Arabesque en ut majeur op. 18 /  $a Romances sans paroles / Félix Mendelssohn
339    $a m
679    $a 3.11
801    $a FR $b 595126101 $c 20170117 $g AFNOR
995    $0 0 $2 0 $4 0 $5 2017-01-17 $9 354189 $b MED $c MED $e MED1A $f C0005411283 $k DC/3.11  NOV PIANOS $o 0 $r PRETSON $s DC_3_110000000000000_NOV_PIANOS $u 2 CD $w 3 $y 2018-02-03 $A 0

