01665cam a2200373   4500
001 295038
003 http://www.mediathequederoubaix.fr/ark:/20179/KH295038
010    $a 978-2-8180-4037-9 $b br. $d 23,90 EUR
020    $a FR $b 01657145
033    $a http://catalogue.bnf.fr/ark:/12148/cb45114298m
035    $a FRBNF451142980000004
073  0 $a 9782818040379
090    $a 295038
091    $b 20240518 $c 1 $a 2
099    $t LI $x 3 $d 2024-05-18 $c 2017-01-21
100    $a 20160909d2016    m  y0frey50      ba
101 0  $a fre
102    $a FR
105    $a ||||z   00|a|
106    $a r
181  0 $6 01 $a i  $b xxxe  
181    $6 02 $c txt $2 rdacontent
182  0 $6 01 $a n
182    $6 02 $c n $2 rdamedia
200 1  $a Double nationalité $b Texte imprimé $f Nina Yargekov
210    $a Paris $c POL $d DL 2016 $e 61-Alençon $g Normandie roto impr.
215    $a 1 vol. (684 p.) $d 21 cm
330    $a Une jeune femme se réveille dans un aéroport, se questionnant à la fois sur son identité et sur sa destination. Dans son sac, elle dispose de deux passeports et d'une lingette rince-doigts. Un récit écrit à la deuxième personne du pluriel, comme si le lecteur était le personnage de cette histoire. Prix de Flore 2016. ­Electre 2017
339    $a m
686    $a 803 $2 Cadre de classement de la Bibliographie nationale française
700    $3 15998616 $9 268491 $o ISNI0000000059603835 $a Yargekov $b Nina $f 1980-.... $4 070
801  0 $a FR $b FR-751131015 $c 20160909 $g AFNOR $h FRBNF451142980000004 $2 intermrc
999    $a FRBNF451142980000004
995    $0 0 $2 0 $4 0 $5 2017-01-21 $9 354474 $P 23.90 $b MED $c MED $e MED1A $f C1400000472 $h ALTROZZ $k R/YAR $o 0 $p 23.90 $r PRETLIV $s R_YAR $w 3 $y 2021-04-16 $A 0

