02181ngm0a22003731i 4500
001 295183
003 http://www.mediathequederoubaix.fr/ark:/20179/KH295183
010    $d 60,11 EUR TTC
073  0 $a 5051889576891 $d 85,87 EUR TTC
090    $a 295183
091    $a 1 $b 20240518 $c 0
099    $t VD $x 65 $d 2024-05-18 $c 2017-01-26
100    $a 20170126d2016    u  y0frey5003    ba
101    $a fre $j fre $a eng
102    $a US
200 1  $a Game of thrones - Le trône de fer  $b DVD $f Jack Bender, réal. $e Saison 6 $g Jeremy Podeswa, Daniel Sackheim, réal. $g David Benioff, Bryan Cogman, D.B. Weiss, scénario $g Ramin Djawadi, mus. $g Peter Dinklage, Kit Harington, Lena Headey... [et al.], act.
210    $c HBO $d 2016
215    $a 5 DVD (9 h 10 min) PAL $c 16/9, Couleur, Dolby Digital 5.1
300    $a Les lieux et les histoires des Sept Royaumes, Coulisses, Histories and Lore, commentaires audio, 4 scènes coupées.
300    $a Prêt
330    $a Dans cette saison 6, les survivants de toutes les régions de Westeros et d'Essos vont se rapprocher pour avancer inexorablement vers leurs destins pourtant incertains. Des personnages importants vont forger de nouvelles alliances pour tenter de décupler leurs chances de survie, tandis que de nouveaux protagonistes vont faire leur entrée et perturber l'équilibre du pouvoir à l'est et à l'ouest, au nord comme au sud... 
333    $a Accord parental
339    $a m
510 1  $a Game of Thrones
700    $7 ba0yba0y $8 fre    $a Bender $b Jack $f 1949-.... $4 370 $3 14078506 $9 34883
702  1 $a Dinklage $b Peter $4 005 $3 15101485 $9 120353
702    $7 ba0yba0y $8 fre    $a Harington $b Kit $f 1986-.... $4 005 $3 16683830 $9 122421
702    $7 ba0yba0y $8 fre    $a Headey $b Lena $f 1973-.... $4 005 $3 14186121 $9 79708
702    $7 ba0yba0y $8 fre    $a Benioff $b David $f 1970-.... $4 690 $3 14409096 $9 94180
702  1 $a Cogman $b Bryan $4 690
702  1 $a Weiss $b D.B. $4 690
702    $7 ba0yba0y $8 fre    $a Djawadi $b Ramin $f 1974-.... $4 230 $3 14590190 $9 11804
801  0 $a FR $b COLACO $c 20170126 $g AFNOR
995    $0 0 $2 0 $4 0 $5 2017-02-04 $9 355007 $b MED $c MED $e MED1A $f C1400000372 $h AAPCITV $k DVD/F GAM $l Contient 6 DVD $o 0 $p 60.00 $r PRETDVD $s DVD_F_GAM $u ACCORD PARENTAL $w 65 $y 2024-03-13

