02802cam a2200445   4500
001 295311
003 http://www.mediathequederoubaix.fr/ark:/20179/KH295311
010    $a 978-2-36974-164-0 $b br. $d 7,95 EUR
020    $a FR $b 01675406
033    $a http://catalogue.bnf.fr/ark:/12148/cb45151761r
035    $a FRBNF451517610000002
073  0 $a 9782369741640
090    $a 295311
091    $b 20240518 $c 1 $a 2
099    $t LI $x 47 $d 2024-05-18 $c 2017-02-07
100    $a 20161103d2016    m  y0frey50      ba
101 1  $a fre $c jpn
102    $a FR
105    $a ||||t   00|a|
106    $a r
181  0 $6 01 $a i  $b xxxe   $a b  $b xb2e  
181    $6 02 $c txt $c sti $2 rdacontent
182  0 $6 01 $a n
182    $6 02 $c n $2 rdamedia
200 1  $a Le mari de mon frère $h 2 $b Texte imprimé $f Gengoroh Tagame
210    $a Rancon $c Éditions Akata $d DL 2016 $e impr. en Italie
215    $a 1 vol. (174 p.) $c ill. $d 18 cm
321    $a La Revue des livres pour enfants $x 0398-8384 $c 293
329    $c Bravo ! $a Yaichi, père célibataire de Kana, voit leur quotidien perturbé le jour où Mike Flanagan, canadien, débarque chez eux. Ce dernier n'est autre que le mari du jumeau de Yaichi, aujourd'hui décédé. Mike souhaite découvrir le pays de celui qui a partagé sa vie et s'installe chez Yaichi le temps de son voyage. Mais Yaichi ne sait pas vraiment comment se comporter avec lui. Fresque sociale contemporaine parfaitement maîtrisée. La psychologie des personnages est très bien représentée et pas du tout stéréotypée. Un manga qui aborde intelligemment la réflexion sur l'acceptation de la différence. Une vraie réussite. $d 20170201 $f EVME $2 CNLJ $k Avis critique donné par le Centre national de la littérature pour la jeunesse
330    $a Si la petite Kana est contente de voir son nouvel oncle venu du Canada et l'arrivée surprise de sa mère, d'autres dans le voisinage sont perturbés par la venue d'un imposant homosexuel dans le quartier. Yaichi saisit l'occasion de remettre en cause ses certitudes. ­Electre 2017
333    $a À partir de 13 ans $2 CNLJ $k Avis critique donné par le Centre national de la littérature pour la jeunesse
339    $a m
454  1 $t Otouto no otto $h Vol. 2
461  0 $0 45141859 $t Le mari de mon frère $v 2
608    $a Bandes dessinées $2 CNLJ $k Avis critique donné par le Centre national de la littérature pour la jeunesse
686    $a 805 $2 Cadre de classement de la Bibliographie nationale française
700    $3 15030525 $9 268664 $o ISNI000000012314489X $a Tagame $b Gengorō $f 1964-.... $4 070
801  0 $a FR $b FR-751131015 $c 20161103 $g AFNOR $h FRBNF451517610000002 $2 intermrc
999    $a FRBNF451517610000002
995    $0 0 $2 0 $4 0 $5 2017-02-15 $9 355656 $b MED $c MED $e MED0C $f C2200005374 $h AAPBDMG $k BD MANGA/TAG $o 0 $p 7.00 $r PRETLIV $s BD_MANGA_TAG $w 47 $y 2024-05-07

