01909cam a2200397   4500
001 295531
003 http://www.mediathequederoubaix.fr/ark:/20179/KH295531
010    $a 978-2-253-15848-6 $d 8,50 EUR
020    $a FR $b 01167925
033    $a http://catalogue.bnf.fr/ark:/12148/cb42564889m
035    $a FRBNF425648890000001
073  0 $a 9782253158486
090    $a 295531
091    $b 20240518 $c 1 $a 2
099    $t LI $x 32 $d 2024-05-18 $c 2017-02-08
100    $a 20111212d2011    m  y0frey50      ba
101 0  $a fre
102    $a FR
105    $a ||||z   00|a|
106    $a r
181  0 $6 01 $a i  $b xxxe  
181    $6 02 $c txt $2 rdacontent
182  0 $6 01 $a n
182    $6 02 $c n $2 rdamedia
200 1  $a La forêt des mânes $b Texte imprimé $e roman $f Jean-Christophe Grangé
210    $a Paris $c Librairie générale française $d impr. 2011 $e impr. en Allemagne
215    $a 1 vol. (508 p.) $c couv. ill. en coul. $d 18 cm
225    $a Le livre de poche $v 32207
330    $a Jeanne Korowa, brillante juge d'instruction à la vie affective désastreuse, enquête avec François Taine sur une série de meurtres particulièrement sauvages. Abusant de son autorité, elle fait installer des micros dans le cabinet d'Antoine Féraud, le psychanalyste qui reçoit chaque semaine son ancien petit ami, et tombe sur une séance où un père révèle les pulsions sanguinaires de son fils autiste. ­Electre 2017
339    $a m
410  0 $0 34228560 $t Le Livre de poche $x 0248-3653 $v 32207
686    $a 803 $2 Cadre de classement de la Bibliographie nationale française
700    $3 12231355 $9 31554 $o ISNI0000000077787615 $a Grangé $b Jean-Christophe $f 1961-.... $4 070
801  0 $a FR $b FR-751131015 $c 20111212 $g AFNOR $h FRBNF425648890000001 $2 intermrc
999    $a FRBNF425648890000001
995    $0 0 $2 0 $4 0 $5 2022-03-16 $9 441052 $b MED $c MED $e MED1A $f C1400012959 $h ALTROPL $k RP/GRA $o 0 $p 8.90 $r PRETLIV $s RP_GRA $w 10 $y 2024-05-02 $A 0

