01970cam a2200469   4500
001 295661
003 http://www.mediathequederoubaix.fr/ark:/20179/KH295661
010    $a 978-2-290-05595-3 $b br. $d 6,90 EUR
020    $a FR $b 01249498
033    $a http://catalogue.bnf.fr/ark:/12148/cb42728184f
035    $a FRBNF427281840000006
073  0 $a 9782290055953
090    $a 295661
091    $b 20240518 $c 1 $a 2
099    $t LI $x 33 $d 2024-05-18 $c 2017-02-25
100    $a 20120813d2012    m  y0frey50      ba
101 1  $a fre $c eng
102    $a FR
105    $a ||||z   00|a|
106    $a r
181  0 $6 01 $a i  $b xxxe  
181    $6 02 $c txt $2 rdacontent
182  0 $6 01 $a n
182    $6 02 $c n $2 rdamedia
200 1  $a Les robots $b Texte imprimé $f Isaac Asimov $g traduit de l'américain par Pierre Billon $g traduction révisée par Pierre-Paul Durastanti
210    $a Paris $c J'ai lu $d impr. 2012 $e impr. en Slovaquie
215    $a 1 vol. (284 p.) $c couv. ill. en coul. $d 18 cm
225 19 $a Le cycle des robots $v 1
225    $a J'ai lu $i Science-fiction
308    $a 0453
330    $a Vers l'an 2058, un robopsychologue relate ses souvenirs sur l'évolution des robots et la façon dont ils ont peu à peu dominé l'homme. ­Electre 2017
339    $a m
410  0 $0 34229028 $t J'ai lu $x 0291-3623 $v 453
410  0 $0 34234531 $t J'ai lu. Science-fiction $x 0768-0635 $d 2012
454  1 $t I, robot
461  0 $0 42744385 $t Le cycle des robots $v 1
686    $a 803 $2 Cadre de classement de la Bibliographie nationale française
700    $3 11889282 $9 8917 $o ISNI0000000122590564 $a Asimov $b Isaac $f 1920-1992 $4 070
702    $3 11892062 $9 85358 $o ISNI0000000000108223 $a Billon $b Pierre $f 19..-.... $c angliciste $4 730
801  0 $a FR $b FR-751131015 $c 20120813 $g AFNOR $h FRBNF427281840000006 $2 intermrc
999    $a FRBNF427281840000006
995    $0 0 $2 0 $4 0 $5 2018-09-06 $9 380980 $b MED $c MED $e MED1A $f C1400004089 $h ALTIGSF $k SF/ASI $n 2024-06-04 $o 0 $p 6.00 $r PRETLIV $s SF_ASI $w 26 $y 2024-04-23 $A 0

