00879nam a2200229   4500
001 295794
003 http://www.mediathequederoubaix.fr/ark:/20179/KH295794
090    $a 295794
091    $a 0
099    $t LI
100    $a 20160210d    1752m||y0frey50      ba
101    $a fre
200    $a Traduction des modèles choisis de latinité tirés des meilleurs écrivains $h Seconde partie $i Des extraits de prose
205    $a Nouvelle éd.
210    $a [Paris] $c H.-L. Guerin $c L.-F. Delatour $d 1752
215    $a VIIJ-363 p. $d 17 cm
300    $a Cachets "Ecole nationale des arts industriels, Roubaix"
310    $a Reliure en mauvais état
606    $9 269262 $a Poésie latine
801    $a FR $b 595126101 $c 20160210 $g AFNOR
339    $a m
995    $0 0 $2 0 $4 0 $5 2017-03-03 $9 356234 $b MED $c MED $e MED3I $f c0005916313 $h PPEFGZZ $k MAG L/P 8/ 117 643 $o 2 $r PRETLIV $s MAG_LP_8_117000000000000_643 $w 0 $y 2017-03-03

