02338ngm0a2200409   4500
001 295909
003 http://www.mediathequederoubaix.fr/ark:/20179/KH295909
073  1 $a 3545020044216
090    $a 295909
100    $a 20170203d2017    m  y0frey5003    ba
101 2  $a fre $a far $c far $j fre
102    $a IR $a FR
115    $a c123baizxbx||||bkxx|
200 1  $a Le  client $b DVD $f Asghar Farhadi, réal. $g Asghar Farhadi, scénario $g Sattar Oraki, comp. $g Shahab Hosseini, Taraneh Alidousti, Babak Karimi, Farid Sajjadihosseini, Mina Sadati, Maral Bani Adam, ... [et al.] act.
210    $a Paris $c Memento Films $d 2017
215    $a 1 DVD 2 couches sur une simple face (02 h 03 mn) $c 1.85:1, 16/9 compatible 4/3, coul., (PAL), Son. (Dolby Digital 5.1; farsi; français)
300    $a Langues principales : français, farsi; Sous-Titres : français
300    $a Droit de prêt et consultation
300    $a Prix d'interprétation masculine, Festival de Cannes 2016; Prix du scénario, Festival international du Film, Cannes 2016; Oscar du meilleur film étranger 2017
300    $a ARTE, Doha Film Institute, cop. 2016
327    $a Sous-titres français pour sourds et malentendants ; audiovision pour aveugles et déficients visuels ; making of (23'), interview d'Asghar Farhadi, bande-annonce.
330    $a Contraints de quitter leur appartement du centre de Téhéran en raison d'importants travaux menaçant l'immeuble, Emad et Rana emménagent dans un nouveau logement. Un incident en rapport avec l'ancienne locataire va bouleverser la vie du jeune couple.
345    $b 3545020044216 $d 57.60 EUR
700    $7 ba0yba0e $8 fre    $a Farhadi $b Asghar $f 1972-.... $4 300 $4 690 $3 16197625 $9 97392
702  1 $a Oraki $b Sattar $4 230
702  1 $a Hosseini $b Shahab $4 005
702    $7 ba0yba0e $8 fre    $a Alidousti $b Taraneh $f 1984-.... $4 005 $3 16197632 $9 269035
702  1 $a Karimi $b Babak $4 005
702  1 $a Sajjadihosseini $b Farid $4 005
702  1 $a Sadati $b Mina $4 005
702  1 $a Bani Adam $b Maral $4 005
801  0 $a FR $b ADAV $c 20170203 $g AFNOR
856    $u http://www.adav-assoc.com/4DACTION/GetImage/217756
099    $t VD $x 31 $d 2024-05-18 $c 2017-03-10
339    $a m
091    $a 1 $b 20240518 $c 0
995    $0 0 $2 0 $4 0 $5 2017-04-12 $9 358638 $b MED $c MED $e MED1A $f C1400000868 $h AAPCIFI $k DVD/F FAR $n 2024-06-22 $o 0 $p 39.00 $r PRETLIV $s DVD_F_FAR $w 31 $y 2024-05-11

