02062cam a2200409   4500
001 296048
003 http://www.mediathequederoubaix.fr/ark:/20179/KH296048
010    $a 978-2-07-507717-0 $b br. $d 16 EUR
020    $a FR $b 01876409
033    $a http://catalogue.bnf.fr/ark:/12148/cb45593821s
035    $a FRBNF455938210000007
073  0 $a 9782075077170
090    $a 296048
091    $a 0 $b 20240325 $c 1
099    $t LI $x 54 $d 2024-05-12 $c 2017-03-11
100    $a 20181004d2018    a  y0frey50      ba
101 1  $a fre $c eng
102    $a FR
105    $a ||||z   00|a|
106    $a r
200 1  $a Les royaumes de feu $b Texte imprimé $f Tui T. Sutherland $g traduit de l'anglais (États-Unis) par Vanessa Rubio-Barreau $h 6 $i La montagne de jade
210    $e impr. en Italie $a [Paris] $c Gallimard jeunesse $d DL 2018
214  0 $a [Paris] $c Gallimard jeunesse $d DL 2018
214  3 $a impr. en Italie
215    $a 1 vol. (391 p.) $c ill. $d 21 cm
225 19 $a Les royaumes de feu $v 6
330    $a Au royaume de Pyrrhia, la paix est revenue et, dans l'école de la Montagne, fondée pour réconcilier les différents clans, 35 dragonnets sont répartis en cinq groupes. Lune claire, une jeune Aile de nuit, s'apprête à intégrer l'établissement. Dotée du pouvoir de voir l'avenir, elle prédit la destruction de l'école et la mort de ses congénères. ­Electre 2017
339    $a a
454  1 $t Wings of fire, moon rising
461  0 $t Les royaumes de feu $v 6
609    $9 335446 $a Fantastique
686    $2 Cadre de classement de la Bibliographie nationale française
700    $3 15560798 $9 121710 $a Sutherland $b Tui $f 1978-.... $4 070
702    $3 13344227 $9 58450 $a Rubio-Barreau $b Vanessa $4 730
801  0 $a FR $b FR-751131015 $c 20181004 $g AFNOR $h FRBNF455938210000007 $2 intermrc
995    $0 0 $2 2 $4 0 $5 2017-03-17 $9 356947 $b MED $c MED $e MED2A $f C2500001299 $h JROROZZ $k E R/SUT $o 4 $p 16.00 $r PRETLIV $s E_R_SUT $w 53 $y 2023-08-30
995    $0 0 $2 0 $4 0 $5 2024-04-03 $9 475113 $P 17.00 $b MED $c MED $e MED2A $f C2500034979 $h JROROZZ $k E R/SUT $n 2024-06-02 $o 0 $p 17.00 $r PRETLIV $s E_R_SUT $w 1 $y 2024-05-12

