02166cam a2200445   4500
001 296172
003 http://www.mediathequederoubaix.fr/ark:/20179/KH296172
010    $a 978-2-08-137375-4 $b br. $d 10 EUR
020    $a FR $b 01666803
033    $a http://catalogue.bnf.fr/ark:/12148/cb45118051c
035    $a FRBNF451180510000005
073  0 $a 9782081373754
090    $a 296172
091    $b 20240518 $c 1 $a 2
099    $t LI $x 48 $d 2024-05-18 $c 2017-03-15
100    $a 20160914d2016    a  y0frey50      ba
101 0  $a fre
102    $a FR
105    $a ||||z   00|a|
106    $a r
181  0 $6 01 $a i  $b xxxe  
181    $6 02 $c txt $2 rdacontent
182  0 $6 01 $a n
182    $6 02 $c n $2 rdamedia
200 1  $a Tous pour une ! $b Texte imprimé $f Catherine Kalengula $g illustrations de Marie Spénale
210    $a Paris $c Flammarion $d DL 2016 $e impr. en Espagne
215    $a 1 vol. (174 p.) $c ill. $d 20 cm
225 19 $a Délices et confidences $v 2
329    $c Pourquoi pas ? $2 CNLJ $k Avis critique donné par le Centre national de la littérature pour la jeunesse
330    $a Léo s'est inscrit à un concours de pâtisserie et propose à Chloé de l'accompagner, provoquant une dispute entre cette dernière et Romane. Chloé finit par se sacrifier et demande à Léo d'emmener Romane à sa place au concours. ­Electre 2017
333    $a À partir de 11 ans $2 CNLJ $k Avis critique donné par le Centre national de la littérature pour la jeunesse
339    $a a
461  0 $0 45040478 $t Délices et confidences $v 2
608    $a Romans $2 CNLJ $k Avis critique donné par le Centre national de la littérature pour la jeunesse
686    $a 809 $2 Cadre de classement de la Bibliographie nationale française
700    $3 15101912 $9 310529 $o ISNI0000000005016483 $a Kalengula $b Catherine $f 1972-.... $4 070
702    $3 16802611 $9 265404 $o ISNI0000000451000414 $a Spénale $b Marie $4 440
801  0 $a FR $b FR-751131015 $c 20160914 $g AFNOR $h FRBNF451180510000005 $2 intermrc
999    $a FRBNF451180510000005
995    $0 0 $2 0 $4 0 $5 2017-03-23 $9 357327 $b MED $c MED $e MED2A $f C2500001330 $h JROROZZ $k E R/KAL $o 0 $p 10.00 $r PRETLIV $s E_R_KAL $u livre réparé le 08/04/2023 $w 48 $y 2024-04-12 $7  $8  $A  $m  $z 

