02077cam a2200421   4500
001 296301
003 http://www.mediathequederoubaix.fr/ark:/20179/KH296301
010    $a 978-2-7424-4713-8 $b br. $d 25,90 EUR
020    $a FR $b 01662250
033    $a http://catalogue.bnf.fr/ark:/12148/cb45143872z
035    $a FRBNF451438720000007
073  0 $a 9782742447138
090    $a 296301
091    $b 20240518 $c 1 $a 2
099 00 $x 4 $t LI $d 2024-05-18 $c 2017-03-16
100    $a 20161020d2016    m  y0frey50      ba
101 0  $a fre
102    $a FR
105    $a ||||z   00|y|
106    $a r
181  0 $6 01 $a i  $b xxxe   $a b  $b xb2e  
181    $6 02 $c txt $c sti $2 rdacontent
182  0 $6 01 $a n
182    $6 02 $c n $2 rdamedia
200 1  $a Titouan Lamazou $b Texte imprimé $e oeuvres vagabondes, 1965-2015 $f présenté par Jean de Loisy
210    $a [Paris] $c Gallimard $d DL 2016 $e impr. en Italie
215    $a 1 vol. (253 p.) $c ill. en coul. $d 24 cm
300    $a Contient un entretien de Titouan Lamazou avec Jean de Loisy
330    $a Une sélection d'oeuvres extraites des carnets de voyages à travers le monde de T. Lamazou, réalisées entre les années 1960 et 2000. Depuis ses premiers travaux jusqu'à ses derniers carnets publiés, cet album invite à comprendre comment un mode de vie itinérant a orienté une vocation artistique précoce. L'ouvrage s'ouvre sur un entretien inédit avec le président du Palais de Tokyo. ­Electre 2017
339    $a m
600    $3 12095510 $9 3179 $a Lamazou $b Titouan $f 1955-.... $2 rameau
676    $a 709.2 $v 23
686    $a 700 $2 Cadre de classement de la Bibliographie nationale française
700    $3 12095510 $9 3179 $o ISNI0000000107982842 $a Lamazou $b Titouan $f 1955-.... $4 070
701    $3 13000623 $9 117658 $o ISNI0000000027059142 $a Loisy $b Jean de $f 1957-.... $4 070
801  0 $a FR $b FR-751131015 $c 20161020 $g AFNOR $h FRBNF451438720000007 $2 intermrc
999    $a FRBNF451438720000007
995    $0 0 $2 0 $4 0 $5 2017-03-22 $9 357197 $b MED $c MED $e MED1A $f C1400000665 $h AAPATAP $k Doc./710.9 LAM $o 0 $p 25.90 $r PRETLIV $s DOC__710_900000000000000_LAM $w 4 $y 2022-04-23

