01333nam a2200265   4500
001 296447
003 http://www.mediathequederoubaix.fr/ark:/20179/KH296447
090    $a 296447
091    $a 0
099    $t LI
100    $a 20170321d2016    m||y0frey50      ba
101    $a fre
200    $a Paroisse de la Trinité $e Saint Jean-Baptiste, Saint Michel, Saint Paul $g Paroisse de la Trinité
210    $a [Roubaix] $c [Paroisse de la Trinité] $d [ca 2016]
215    $a [18] p. vol. $c ill. en noir et en coul., couv. ill. en coul. $d 30 cm
304    $a Titre de couverture
307    $a Ex. BR. incomplet. Ne contient que l'église Saint-Michel et l'église Saint Jean-Baptiste ainsi que le feuillet simple. Contient en plus une illustration évoquant le patrimoine rural 
310    $a Cinq documents dans une chemise cartonnée
339    $a m
606    $9 236595 $a Églises $y France $y Roubaix (Nord)
606    $9 254446 $a Chrétiens $y France $y Roubaix (Nord)
710    $9 294634 $a Paroisse de la Trinité $c Roubaix, Nord
801    $a FR $b 595126101 $c 20170321 $g AFNOR
995    $0 0 $2 0 $4 0 $5 2017-03-21 $9 357077 $b MED $c MED $e MED3N $f C0005925964 $h PPEFGZZ $k BR 4/3277 $o 2 $r PRETLIV $s BR_4_327700000000000 $w 0 $y 2017-03-21
995    $0 0 $2 0 $4 0 $5 2017-03-21 $9 357079 $b MED $c MED $e MED3P $f C0005925957 $h PPEFGZZ $k RES 4/1463 $o 2 $r PRETLIV $s RES_4_146300000000000 $w 0 $y 2017-03-21

