02356cam a2200469   4500
001 296627
003 http://www.mediathequederoubaix.fr/ark:/20179/KH296627
010    $a 978-2-344-00169-1 $b rel. $d 14,50 EUR
020    $a FR $b 01718602
033    $a http://catalogue.bnf.fr/ark:/12148/cb45233525k
035    $a FRBNF45233525000000X
073  0 $a 9782344001691
090    $a 296627
091    $b 20240519 $c 1 $a 2
099    $t LI $x 39 $d 2024-05-19 $c 2017-03-25
100    $a 20170317d2017    m  y0frey50      ba
101 0  $a fre
102    $a FR
105    $a ||||t   00|y|
106    $a r
181  0 $6 01 $a i  $b xxxe   $a b  $b xb2e  
181    $6 02 $c txt $c sti $2 rdacontent
182  0 $6 01 $a n
182    $6 02 $c n $2 rdamedia
200 1  $a Persée et la Gorgone Méduse $b Texte imprimé $f scénario, Clotilde Bruneau... $g dessin, Giovanni Lorusso... $g [sous la direction de] Luc Ferry
210    $a Grenoble $c Glénat $d DL 2017 $e 85-Luçon $g Impr. Pollina
215    $a 1 vol. (48-[8] p.) $c ill. en coul. $d 32 cm
225    $a La sagesse des mythes
330    $a Promis à une mort certaine, Danaé et son fils Persée échouent sur l'île de Sérifos. Le roi Polydecte tente de conquérir le coeur de la jeune femme, qui repousse ses avances. Agacé par son insistance, Persée, devenu adulte, défie le roi en lui promettant de rapporter la tête de Méduse, la plus redoutable des Gorgones, dont le regard pétrifie quiconque porte les yeux sur son visage. ­Electre 2017
339    $a m
410  0 $0 45140655 $t La Sagesse des mythes $x 2497-0980 $d 2017
600    $3 12189516 $9 278221 $a Persée $c mythologie grecque $2 rameau
600    $3 11967643 $9 278222 $a Méduse $c mythologie grecque $2 rameau
608    $3 11931019 $9 10461 $a Bandes dessinées $2 rameau
676    $a 292.130 222 $v 23
686    $a 290 $2 Cadre de classement de la Bibliographie nationale française
700    $3 16625634 $9 265969 $o ISNI0000000383099423 $a Bruneau $b Clotilde $f 1987-.... $4 070
702    $3 11902667 $9 22672 $o ISNI0000000121471846 $a Ferry $b Luc $f 1951-.... $4 651
702    $3 16609581 $9 269324 $o ISNI0000000378345781 $a Lorusso $b Giovanni $4 440
801  0 $a FR $b FR-751131015 $c 20170317 $g AFNOR $h FRBNF45233525000000X $2 intermrc
999    $a FRBNF45233525000000X
995    $0 0 $2 0 $4 0 $5 2017-03-29 $9 357750 $b MED $c MED $e MED0C $f C2200005588 $h AAPBDSR $k BD/SERIES $o 0 $p 14.00 $r PRETLIV $s BD_SERIES $w 39 $y 2024-04-24

