01851cam a2200421   4500
001 296774
003 http://www.mediathequederoubaix.fr/ark:/20179/KH296774
010    $a 979-10-94295-02-1 $b br. $d 16 EUR
020    $a FR $b 01613865
033    $a http://catalogue.bnf.fr/ark:/12148/cb44508298x
035    $a FRBNF445082980000008
073  0 $a 9791094295021
090    $a 296774
091    $b 20240519 $c 1 $a 2
099    $t LI $x 1 $d 2024-05-19 $c 2017-03-25
100    $a 20160216d2016    m  y0frey50      ba
101 0  $a fre
102    $a FR
105    $a ||||z   00|a|
106    $a r
181  0 $6 01 $a i  $b xxxe  
181    $6 02 $c txt $2 rdacontent
182  0 $6 01 $a n
182    $6 02 $c n $2 rdamedia
200 1  $a L'orange de Malte $b Texte imprimé $f Jérôme Leroy $g préface de Sébastien Lapaque
205    $a Nouvelle éd. augmentée
210    $a [Le Raincy] $c la Thébaïde $d DL 2016 $e 89-Sens $g Impr. Chevillon
215    $a 1 vol. (187 p.) $d 21 cm
225    $a Roman
330    $a Kléber, jeune homme épris de littérature, se lance à la recherche d'un écrivain oublié des années 1950, Roger Harvey. La recherche se transforme en quête initiatique, entremêlée d'enthousiasmes bibliophiles et de nostalgies désenchantées. Premier roman. ­Electre 2017
339    $a m
410  0 $0 43637534 $t Roman (Le Raincy) $x 2268-2627 $d 2016
686    $a 803 $2 Cadre de classement de la Bibliographie nationale française
700    $3 12394991 $9 280786 $o ISNI0000000078332284 $a Leroy $b Jérôme $f 1964-.... $4 070
702    $3 13085628 $9 49653 $o ISNI0000000073611006 $a Lapaque $b Sébastien $f 1971-.... $4 080
801  0 $a FR $b FR-751131015 $c 20160216 $g AFNOR $h FRBNF445082980000008 $2 intermrc
999    $a FRBNF445082980000008
995    $0 0 $2 0 $4 0 $5 2017-03-28 $9 357707 $P 16.00 $b MED $c MED $e MED1A $f C3200006545 $h ALTROZZ $k R/LER $o 0 $p 16.00 $r PRETLIV $s R_LER $w 1 $y 2017-08-19

