01947cam a2200409   4500
001 296890
003 http://www.mediathequederoubaix.fr/ark:/20179/KH296890
010    $a 978-2-7470-7246-5 $b br. $d 9,95 EUR
020    $a FR $b 01727806
033    $a http://catalogue.bnf.fr/ark:/12148/cb452349268
035    $a FRBNF452349260000003
073  0 $a 9782747072465
090    $a 296890
091    $b 20240519 $c 1 $a 2
099    $t LI $x 78 $d 2024-05-19 $c 2017-04-06
100    $a 20170320d2017    a  y0frey50      ba
101 0  $a fre
102    $a FR
105    $a ||||t   00|a|
106    $a r
181  0 $6 01 $a i  $b xxxe   $a b  $b xb2e  
181    $6 02 $c txt $c sti $2 rdacontent
182  0 $6 01 $a n
182    $6 02 $c n $2 rdamedia
200 1  $a Opération camouflage $b Texte imprimé $f Paul Martin, Nicolas Hubesch
210    $a Montrouge $c BD kids $d DL 2017 $e 85-Luçon $g Impr. Pollina
215    $a 1 vol. (60 p.) $c ill. en coul. $d 21 cm
225 19 $a Kiki et Aliène $v 4
330    $a Toujours aussi passionné par la façon de vivre des humains, Kiki mène des expériences étranges comme manger des cailloux pour le réveillon de Noël. Heureusement, Aliène est là pour l'empêcher d'aller trop loin dans ses découvertes. ­Electre 2017
339    $a a
686    $a 805 $2 Cadre de classement de la Bibliographie nationale française
700    $3 13545476 $9 12518 $o ISNI0000000108020952 $a Martin $b Paul $f 1968-.... $c auteur français de littérature jeunesse $4 070
701    $3 13620283 $9 72647 $o ISNI0000000398561334 $a Hubesch $b Nicolas $f 1969-.... $4 070
801  0 $a FR $b FR-751131015 $c 20170320 $g AFNOR $h FRBNF452349260000003 $2 intermrc
999    $a FRBNF452349260000003
995    $0 0 $2 0 $4 0 $5 2017-04-08 $9 358491 $b MED $c MED $e MED2A $f C2500001938 $h JBDSRZZ $k E BD/SERIES $n 2024-05-18 $o 0 $p 9.95 $r PRETLIV $s E_BD_SERIES $w 73 $y 2024-04-27
995    $0 0 $2 0 $4 0 $5 2017-04-13 $9 358748 $b MED $c MED $e MED0A $f C2500002024 $h JBDZZZZ $k EXT E BD/MAR $o 0 $p 9.95 $r PRETLIV $s EXT_E_BDMAR $w 5 $y 2023-06-23

