02170cam a2200457   4500
001 297006
003 http://www.mediathequederoubaix.fr/ark:/20179/KH297006
010    $a 978-2-7459-7869-1 $b rel. $d 8,90 EUR
020    $a FR $b 01719014
033    $a http://catalogue.bnf.fr/ark:/12148/cb45234587c
035    $a FRBNF452345870000007
073  0 $a 9782745978691
090    $a 297006
091    $b 20240519 $c 1 $a 2
099    $t LI $x 41 $d 2024-05-19 $c 2017-04-07
100    $a 20170320d2017    a  y0frey50      ba
101 0  $a fre
102    $a FR
105    $a ||||z   00|y|
106    $a r
181  0 $6 01 $a i  $b xxxe   $a b  $b xb2e  
181    $6 02 $c txt $c sti $2 rdacontent
182  0 $6 01 $a n
182    $6 02 $c n $2 rdamedia
200 1  $a Les catastrophes naturelles $b Texte imprimé $f textes, d'Emmanuelle Figueras $g illustrations de Maria Karipidou
210    $a Toulouse $c Milan $d DL 2017 $e impr. en Roumanie
215    $a 1 vol. (37 p.) $c ill. en coul. $d 22 cm
225    $a Mes p'tites questions $e 6-8 ans
330    $a Seize questions et réponses sur les catastrophes naturelles et les moyens d'y faire face : définition, fréquence, lieux à risque, séismes, volcans, tsunamis, avalanches, cyclones et invasions de criquets. ­Electre 2017
339    $a a
410  0 $0 42226968 $t Mes p'tites questions $x 2109-814X $d 2017
606    $3 11931689 $9 31646 $a Catastrophes naturelles $2 rameau
608    $3 12042408 $9 314947 $a Ouvrages pour la jeunesse $2 rameau
676    $a 551.083 $v 23
686    $a 550 $2 Cadre de classement de la Bibliographie nationale française
700    $3 12525138 $9 95586 $o ISNI0000000006529096 $a Figueras $b Emmanuelle $f 1968-.... $4 070
702    $3 16643437 $9 114840 $o ISNI0000000433608071 $a Karipidou $b Maria $4 440
801  0 $a FR $b FR-751131015 $c 20170320 $g AFNOR $h FRBNF452345870000007 $2 intermrc
999    $a FRBNF452345870000007
995    $0 0 $2 0 $4 0 $5 2017-06-01 $9 361354 $b MED $c MED $e MED0A $f C2500003291 $h JDT50ZZ $k EXT E/551 VOL $n 2024-07-11 $o 0 $p 8.90 $r PRETLIV $s EXT_E_551_000000000000000_VOL $w 6 $y 2023-09-27
995    $0 0 $2 0 $4 0 $5 2018-11-24 $9 384965 $b MED $c MED $e MED2A $f C2500010188 $h JDT50ZZ $k E/551 VOL $o 0 $p 8.90 $r PRETLIV $s E_551_000000000000000_VOL $w 28 $y 2024-03-30

