02853ngm0a2200469   4500
001 297121
003 http://www.mediathequederoubaix.fr/ark:/20179/KH297121
073  1 $a 3700301050632
090    $a 297121
091    $a 1 $b 20240519 $c 0
099    $t VD $x 58 $d 2024-05-19 $c 2017-04-11
100    $a 20170203d2017    m  y0frey5003    ba
101 0  $a fre
102    $a FR
115    $a c123baizxbx||||bkxx|
200 1  $a L'odyssée $b DVD $f Jérôme Salle, réal. $g Jacques-Yves Cousteau, Jean-Michel Cousteau, Albert Falco, adapt. $g Jérôme Salle, Laurent Turner, scénario $g Alexandre Desplat, comp. $g Lambert Wilson, Pierre Niney, Audrey Tautou, Laurent Lucas, Benjamin Lavernhe, Vincent Heneine, ... [et al.] act.
210    $a Paris $c Wild side video $d 2017
215    $a 1 DVD 2 couches sur une simple face (01 h 57 mn) $c 2.35:1, 16/9, coul., (PAL), Son. (Dolby Digital 2.0; français); (DTS Digital Surround 5.1; français)
300    $a Langues principales : français; 
300    $a Droit de prêt et consultation
300    $a César du meilleur son 2017
300    $a Pan Européenne, Curiosa Films, Moana Films, cop. 2016
327    $a Sous-titres français pour sourds et malentendants ; audiovision pour aveugles et déficients visuels ; making of, scènes coupées, entretien avec l'équipe du film.
330    $a 1948. Jacques-Yves Cousteau, sa femme et ses deux fils, vivent au paradis, dans une jolie maison surplombant la mer Méditerranée. Mais Cousteau ne rêve que d'aventure. Grâce à son invention, un scaphandre autonome qui permet de respirer sous l'eau, il a découvert un nouveau monde. Désormais, ce monde, il veut l'explorer. Et pour ça, il est prêt à tout sacrifier.
339    $a m
345    $b 3700301050632 $d 52.78 EUR
606    $a Films biographiques $x DVD $2 rameau
700    $7 ba0yba0y $8 fre    $a Salle $b Jérôme $f 1971-.... $4 300 $4 690 $3 15002972 $9 107839
702    $7 ba0yba0y $8 fre    $a Cousteau $b Jacques-Yves $f 1910-1997 $4 100 $3 11898032 $9 326
702  1 $a Cousteau $b Jean-Michel $4 100 $3 12152192 $9 34138
702  1 $a Falco $b Albert $4 100 $3 11902202 $9 269542
702    $7 ba0yba0y $8 fre    $a Turner $b Laurent $4 690 $3 15018616 $9 95989
702    $7 ba0yba0y $8 fre    $a Desplat $b Alexandre $f 1961-.... $4 230 $3 13979609 $9 49195
702    $7 ba0yba0y $8 fre    $a Wilson $b Lambert $f 1958-.... $4 005 $3 13901226 $9 7483
702    $7 ba0yba0y $8 fre    $a Niney $b Pierre $f 1989-.... $4 005 $3 16553901 $9 7278
702    $7 ba0yba0y $8 fre    $a Tautou $b Audrey $f 1976-.... $4 005 $3 14053885 $9 308847
702  1 $a Lucas $b Laurent $4 005
702  1 $a Lavernhe $b Benjamin $4 005
702  1 $a Heneine $b Vincent $4 005
801  0 $a FR $b ADAV $c 20170203 $g AFNOR
856    $u http://www.adav-assoc.com/4DACTION/GetImage/218105
995    $0 0 $2 0 $4 0 $5 2017-04-25 $9 358990 $b MED $c MED $e MED1A $f C1400000984 $h AAPCIFI $k DVD/F SAL $o 0 $p 36.00 $r PRETDVD $s DVD_F_SAL $u Surprise $w 58 $y 2023-10-07

