03017cmm a2200613   4500
001 297232
003 http://www.mediathequederoubaix.fr/ark:/20179/KH297232
010    $a 979-10-91081-26-9 $b rel. $d 24 EUR
020    $a FR $b 71807445
033    $a http://catalogue.bnf.fr/ark:/12148/cb45209087k
035    $a FRBNF452090870000001
073  0 $a 9791091081269
090    $a 297232
091    $a 2 $b 20240516 $c 1
099    $t LI $x 19 $d 2024-05-16 $c 2017-04-13
100    $a 20170210d2017    a  y0frey50      ba
101 0  $a fre
102    $a FR
105    $a a   z   000a|
106    $a r
126    $a aguxhxx||||||ud $b bex
181  0 $6 01 $a i  $b xxxe   $a b  $b xb2e  
181    $6 02 $c txt $c sti $2 rdacontent
181  0 $6 03 $a h  $b xxxa   $a d  $b bxxa  
181    $6 04 $c spw $c prm $2 rdacontent
182  0 $6 01 $a n
182    $6 02 $c n $2 rdamedia
182  0 $6 03 $a a
182    $6 04 $c s $2 rdamedia
200 1  $a Shiro et les Kamishibaïs $b Multimédia multisupport $f texte, France Quatromme $g décors et mise en couleurs, Manuela $g personnages, Zad $g Stéphanie Joire, comp.
210    $a Albussac (Corrèze) $c Utopique $d DL 2017
214  0 $a Albussac (Corrèze) $c Utopique $d DL 2017
215    $a 1 vol. (non paginé [34] p.) $c ill. en coul. $d 33 cm
215    $a 1 disque compact (11 min 15 s)
225    $a Il était une voix $v [5]
330    $a Chaque jour, après l'école, Shiro écoute les histoires qu'un vieil homme raconte sous un arbre, avec ses kamishibaïs. Devenu adulte, Shiro continue de venir l'écouter. Mais un jour, le vieux conteur ne vient plus. Triste, Shiro décide de le remplacer. ­Electre 2017
339    $a a
410  0 $0 43836063 $t Il était une voix $x 2274-1496 $v 5
608    $a enregistrement parlé $2 frTAV
608    $a chanson francophone $2 frTAV
608    $a chanson $2 frTAV
608    $a édition commerciale $2 frTAV
608    $a jeunesse $2 frTAV
608    $a Poésies, comptines et chansons $2 CNLJ $k Avis critique donné par le Centre national de la littérature pour la jeunesse
686    $a 413 $2 Cadre de classement de la Bibliographie nationale française
700    $3 16245883 $9 56123 $o ISNI0000000403635802 $a Quatromme $b France $f 1975-.... $4 070
702    $3 17110342 $9 300136 $a Manuela $f 19..-.... $c illustratrice pour la jeunesse $4 440
702    $3 12226320 $9 13779 $o ISNI0000000395821890 $a Zad $f 1964-.... $4 440
702    $3 16150344 $9 269604 $o ISNI0000000071825879 $a Joire $b Stéphanie $4 230
801  0 $a FR $b FR-751131015 $c 20170210 $g AFNOR $h FRBNF452090870000001 $2 intermrc
999    $a FRBNF452090870000001
995    $0 3 $2 1 $4 0 $5 2017-05-02 $9 359436 $b MED $c MED $e MED2A $f C2500002676 $h JABHLZZ $k E LS C/QUA $n 2023-02-12 $o 4 $p 24.00 $r PRETLIV $s E_LS_CQUA $w 13 $y 2023-01-22
995    $0 0 $2 0 $4 0 $5 2022-01-11 $9 438289 $P 24.00 $b MED $c MED $e MED0A $f C2500026177 $h JABEFAE $k MOB E A/QUA $l CONTIENT 1 CD $o 0 $p 24.00 $r PRETLIV $s MOB_E_A_QUA $w 0 $y 2022-01-11 $7  $8  $A  $m  $z 
995    $0 0 $2 0 $4 0 $5 2022-02-25 $9 440241 $P 24.00 $b MED $c MED $e MED2A $f C2500026707 $h JABHLZZ $k E LS C/QUA $o 0 $p 24.00 $r PRETLIV $s E_LS_C_QUA $w 6 $y 2024-04-14

