01908cam a2200397   4500
001 297354
003 http://www.mediathequederoubaix.fr/ark:/20179/KH297354
010    $a 978-2-37418-029-8 $b rel. $d 13,50 EUR
020    $a FR $b 01725248
033    $a http://catalogue.bnf.fr/ark:/12148/cb45241533x
035    $a FRBNF452415330000006
073  0 $a 9782374180298
090    $a 297354
091    $b 20240519 $c 1 $a 2
099    $t LI $x 9 $d 2024-05-19 $c 2017-04-26
100    $a 20170328d2017    a  y0frey50      ba
101 0  $a fre
102    $a FR
105    $a ||||z   00|a|
106    $a r
181  0 $6 01 $a i  $b xxxe   $a b  $b xb2e  
181    $6 02 $c txt $c sti $2 rdacontent
182  0 $6 01 $a n
182    $6 02 $c n $2 rdamedia
200 1  $a Kadogo $b Texte imprimé $f Ingrid Chabbert, Joël Alessandra
210    $a Vincennes $c des Ronds dans l'o jeunesse $a [Paris] $c Amnesty international $d DL 2017
215    $a 1 vol. (non paginé [28] p.) $c ill. en coul. $d 28 cm
330    $a Pour ses 11 ans, Gabriel a reçu une kalachnikov en cadeau. Il s'amuse avec toute la journée, mais, au moment de se coucher, son oncle le force à monter dans une voiture qui l'emmène dans un camp d'entraînement. Un album sur l'embrigadement des enfants soldats. ­Electre 2017
339    $a a
686    $a 809 $2 Cadre de classement de la Bibliographie nationale française
700    $3 16238832 $9 309058 $o ISNI0000000103246071 $a Chabbert $b Ingrid $f 1978-.... $4 070
701    $3 15550592 $9 90609 $o ISNI0000000078476181 $a Alessandra $b Joël $f 1967-.... $4 070
801  0 $a FR $b FR-751131015 $c 20170328 $g AFNOR $h FRBNF452415330000006 $2 intermrc
999    $a FRBNF452415330000006
995    $0 0 $2 0 $4 0 $5 2017-05-06 $9 359796 $b MED $c MED $e MED2A $f C2500002838 $h JABEFAE $k E A/ALE $o 0 $p 13.50 $r PRETLIV $s E_A_ALE $w 8 $y 2023-02-21
995    $0 0 $2 0 $4 0 $5 2017-05-23 $9 360889 $b MED $c MED $e MED0A $f C2500003104 $h JABEFAE $k EXT E A/CHA $o 0 $p 13.50 $r PRETLIV $s EXT_E_ACHA $w 1 $y 2018-02-24

