02900cam a2200481   4500
001 297462
003 http://www.mediathequederoubaix.fr/ark:/20179/KH297462
010    $a 978-2-205-07611-0 $b rel. $d 12 EUR
020    $a FR $b 01664490
033    $a http://catalogue.bnf.fr/ark:/12148/cb45136259m
035    $a FRBNF451362590000002
073  0 $a 9782205076110
090    $a 297462
091    $b 20240519 $c 1 $a 2
099    $t LI $x 20 $d 2024-05-19 $c 2017-04-26
100    $a 20161010d2016    m  y0frey50      ba
101 1  $a fre $c eng
102    $a FR
105    $a ||||z   00|y|
106    $a r
181  0 $6 01 $a i  $b xxxe   $a b  $b xb2e  
181    $6 02 $c txt $c sti $2 rdacontent
182  0 $6 01 $a n
182    $6 02 $c n $2 rdamedia
200 1  $a Le problème avec les femmes $b Texte imprimé $f Jacky Fleming $g traduit de l'anglais (Royaume-Uni) par Nora Bouazzouni
210    $a [Paris] $c Dargaud $d DL 2016 $e impr. en Italie
215    $a 1 vol. (non paginé [ca 140] p.) $c ill. $d 20 cm
321    $a La Revue des livres pour enfants. Sélection annuelle $c 297
329    $a Cette petite BD démonte nombre de préjugés ayant circulé au fil du temps, à propos de la supposée infériorité physique ou intellectuelle des femmes, émanant de penseurs, philosophes ou scientifiques, bien entendu tous de sexe masculin. Fort heureusement, de nombreux exemples de femmes remarquables (mais curieusement oubliées de l'Histoire) prouvent le contraire. Écrit par une dessi­natrice de presse anglaise, cet ouvrage fait preuve d'une salutaire ironie, déconstruisant jusqu'à l'absurde les discours misogynes de tout poil. Salutaire et indispensable. $d 20171101 $2 CNLJ $k Avis critique donné par le Centre national de la littérature pour la jeunesse
330    $a Un recueil de dessins humoristiques illustrant la place des femmes dans l'histoire, à partir de citations de Freud, Schopenhauer et Darwin, entre autres. Prix Artémisia humour 2017. ­Electre 2017
333    $a À partir de 13 ans $2 CNLJ $k Avis critique donné par le Centre national de la littérature pour la jeunesse
339    $a m
454  1 $t The trouble with women
606    $3 11931497 $9 3587 $a Femmes $x Conditions sociales $2 rameau
608    $3 11931282 $9 3458 $a Ouvrages humoristiques $2 rameau
608    $a Documentaires : sciences humaines $2 CNLJ $k Avis critique donné par le Centre national de la littérature pour la jeunesse
676    $a 305.402 07 $v 23
686    $a 300 $2 Cadre de classement de la Bibliographie nationale française
700    $3 17078148 $9 269748 $o ISNI000000045974459X $a Fleming $b Jacky $4 070
702    $3 17078155 $9 269749 $o ISNI0000000459744637 $a Bouazzouni $b Nora $4 730
801  0 $a FR $b FR-751131015 $c 20161010 $g AFNOR $h FRBNF451362590000002 $2 intermrc
999    $a FRBNF451362590000002
995    $0 0 $2 0 $4 0 $5 2017-04-28 $9 359261 $b MED $c MED $e MED0C $f C2200005753 $h AAPBDZZ $k BD/FLE $o 0 $p 12.00 $r PRETLIV $s BD_FLE $w 20 $y 2024-04-23

