00988nam a2200241   4500
001 297692
003 http://www.mediathequederoubaix.fr/ark:/20179/KH297692
005 20220927080045.0
090    $a 297692
091    $a 0
099    $t LI $c 2014-06-30 $d 2022-09-27 $x 0
100    $a 19       1909    k||y0frey5003    ba
101    $a fre
200    $a Les travailleurs de la mer $a L'archipel de la Manche $f Victor Hugo $g dessins de Victor Hugo
210    $a Paris $c Société d'éd. littéraires et artistiques $d [ca 1909]
215    $a LI-518 p. $c ill. $d 29 cm
225 0  $a Oeuvres complètes illustrées de Victor Hugo $i Roman
310    $a En très mauvais état
339    $a m
410    $t Oeuvres complètes illustrées de Victor Hugo. Roman
700    $7 ba0yba0y $8 fre    $a Hugo $b Victor $f 1802-1885 $9 2365
801  0 $a FR $b 595126101 $c 20050324 $g AFNOR
995    $0 0 $2 0 $4 0 $5 2017-04-28 $9 359132 $b MED $c MED $e MED3J $f c0005906697 $h PPEFGZZ $k MAG L/P4/ 210 510 $o 2 $r PRETLIV $s MAG_LP4_210_510000000000000 $w 0 $y 2017-04-28

