01049nam a2200265 n 4500
001 297804
003 http://www.mediathequederoubaix.fr/ark:/20179/KH297804
005 20181115183305.0
090    $a 297804
091    $a 0
099    $t LI $c 2014-06-30 $d 2014-06-30 $x 0
100    $a 20160715 2016    m||u0frey5003    ba
101    $a fre
102    $a FR
200    $a Mémoire d'un roubaisien, Didier Knoff $f [réalisé par le Service Ville d'art et d'histoire de Roubaix] $e Exposition à la Condition publique du 2 au 14 décembre 2016
210    $a Roubaix $c Ville de Roubaix $d 2016
215    $a [6] p. $c ill., couv. ill. $d 21 cm
225 2  $a Exposition
339    $a m
410    $t Exposition
607    $9 141101 $a Roubaix (Nord) $x Récits personnels
700    $9 175818 $a Knoff $b Didier
710 02 $9 131810 $a Roubaix $c Nord $c roubaisien $b Service Ville d'art et d'histoire
801    $a FR $b 595126101 $c 20140430 $g AFNOR
995    $0 0 $2 0 $4 0 $5 2017-05-02 $9 359453 $b MED $c MED $e MED3O $f C0005906758 $h PPEFGZZ $k RES 8/1408 $o 2 $r PRETLIV $s RES_81408_000000000000000 $w 0 $y 2017-05-02

