02214cim a22004933  4500
001 297928
003 http://www.mediathequederoubaix.fr/ark:/20179/KH297928
010    $a 978-2-36762-311-5
020    $a FR $b 71806321
033    $a http://catalogue.bnf.fr/ark:/12148/cb45251717f
035    $a FRBNF452517170000007
071 01 $b Audiolib $a 4574694 $c album
073  0 $a 9782367623115
090    $a 297928
091    $a 2 $b 20240518 $c 1
099    $t LS $x 9 $d 2024-05-18 $c 2017-05-06
100    $a 20170413d2017    u  y0frey50      ba
101 0  $a fre
102    $a FR
126    $a aguxhxx||||||cd $b bex
181  0 $6 01 $a h  $b xxxa  
181    $6 02 $c spw $2 rdacontent
182  0 $6 01 $a a
182    $6 02 $c s $2 rdamedia
200 1  $a Ma part de Gaulois $b Enregistrement sonore $f Magyd Cherfi, aut. $g texte intégral lu par l'auteur
210    $a [Paris] $c Audiolib $d P 2017
214  0 $a [Paris] $c Audiolib
214  4 $d P 2017
214  2 $a [Paris] $c Audiolib
215    $a 1 CD MP3 (6 h 14 min)
306    $a Audiolib, P 2017
330    $a Le chanteur, membre du groupe Zebda, revient sur le printemps 1981, moment où il a dû concilier ses origines maghrébines, son vécu toulousain, ses révoltes d'adolescent et sa volonté de réussir son baccalauréat. Il raconte les difficultés des banlieues en France et le fait de se forger une identité pour les enfants d'immigrés. Prix d'une vie Le Parisien Magazine 2016, prix des Députés 2017. ­Electre 2017
339    $a m
608    $a enregistrement parlé $2 frTAV
608    $a édition phonographique $2 frTAV
608    $a lecture $2 frTAV
608    $a Oeuvre d'origine : roman $2 frTAV
686    $a 109 $2 Cadre de classement de la Bibliographie nationale française
700    $3 14087176 $9 60533 $o ISNI0000000044315515 $a Cherfi $b Magyd $f 1962-.... $4 070
702    $3 14087176 $9 60533 $o ISNI0000000044315515 $a Cherfi $b Magyd $f 1962-.... $4 550 $4 vre
716    $3 15605785 $a Audiolib
801  0 $a FR $b FR-751131015 $c 20170413 $g AFNOR $h FRBNF452517170000007 $2 intermrc
999    $a FRBNF452517170000007
995    $0 0 $2 0 $4 0 $5 2017-05-06 $9 359740 $P 21.80 $b MED $c MED $e MED1A $f C1400001209 $h ALTLSZZ $k LA 786.1/CHE $o 0 $p 21.80 $r PRETLS $s LA_786_100000000000000_CHE $w 9 $y 2024-01-27

