04883cem a2200901   4500
001 298058
003 http://www.mediathequederoubaix.fr/ark:/20179/KH298058
010    $a 978-2-309-50288-1 $d 5,90 EUR
020    $a FR $b 41600406
033    $a http://catalogue.bnf.fr/ark:/12148/cb44510107s
035    $a FRBNF445101070000005
073  0 $a 9782309502881
090    $a 298058
091    $a 2 $b 20240519 $c 1
099    $t LI $x 2 $d 2024-05-19 $c 2017-05-09
100    $a 20160218d2015    u  y0frey50      ba
101 0  $a fre
102    $a FR
120    $a b||    ||    
121    $b ||||||||
121    $a a||aab|||
123 0  $a a $b 15000 $d E0025500 $e E0031300 $f N0504200 $g N0503400
124    $b j
181  0 $6 01 $a b  $b cb2e  
181    $6 02 $c cri $2 rdacontent
182  0 $6 01 $a n
182    $6 02 $c n $2 rdamedia
200 1  $a Lille $b Document cartographique $f [réalisé et publié par] Blay-Foldex
206 0  $b 1:15 000 $d E 2°55' - E 3°13' / N 50°42' - N 50°34'
210    $a Montreuil $c Blay-Foldex $d 2015 $e 37-Descartes $g Impr. Baugé
215    $a 1 plan r°-v° $c en coul. $d 100 x 65 cm, plié sous couv.  22 x 11 cm $e notice (72 p. ; 22 cm)
225    $a Plan Guide Blay-Foldex
300    $a En 3e de couv. : "Lille centre-ville" à 1:11 600
300    $a Dans la notice : informations pratiques et touristiques, index des noms de rues
300    $a Contient un "flashcode"
330    $a Plan de Lille, de son centre-ville et des communes environnantes ou limitrophes. Avec un index des rues et des informations sur la ville : son histoire, les sites et les monuments à visiter, les transports en commun, les équipements touristiques, etc. ­Electre 2017
339    $a m
410  0 $0 40569581 $t Plan guide Blay-Foldex $d 2012
607    $3 15266924 $9 297579 $a Lille (Nord, France) $3 15223407 $9 346579 $x Agglomérations urbaines $2 AFNOR NF Z 44-081
607    $3 15266924 $9 297579 $a Lille (Nord, France) $3 15228055 $9 315285 $y Centre $2 AFNOR NF Z 44-081
607    $3 15266924 $9 297579 $a Lille (Nord, France) $2 AFNOR NF Z 44-081
607    $3 15266738 $9 270073 $a Croix (Nord, France) $2 AFNOR NF Z 44-081
607    $3 15266768 $9 270074 $a Emmerin (Nord, France) $2 AFNOR NF Z 44-081
607    $3 15266795 $9 270075 $a Fâches-Thumesnil (Nord, France) $2 AFNOR NF Z 44-081
607    $3 15266860 $9 297580 $a Haubourdin (Nord, France) $2 AFNOR NF Z 44-081
607    $3 15185735 $9 315286 $a Hellemmes (Nord, France) $2 AFNOR NF Z 44-081
607    $3 15266941 $9 270076 $a La Madeleine (Nord, France) $2 AFNOR NF Z 44-081
607    $3 15266902 $9 270077 $a Lambersart (Nord, France) $2 AFNOR NF Z 44-081
607    $3 15266917 $9 270078 $a Lesquin (Nord, France) $2 AFNOR NF Z 44-081
607    $3 15266920 $9 270079 $a Lezennes (Nord, France) $2 AFNOR NF Z 44-081
607    $3 15266929 $9 270080 $a Lomme (Nord, France) $2 AFNOR NF Z 44-081
607    $3 15266934 $9 270081 $a Loos (Nord, France) $2 AFNOR NF Z 44-081
607    $3 15266950 $9 270082 $a Marcq-en-Baroeul (Nord, France) $2 AFNOR NF Z 44-081
607    $3 15266958 $9 270083 $a Marquette-lez-Lille (Nord, France) $2 AFNOR NF Z 44-081
607    $3 15266982 $9 270084 $a Mons-en-Baroeul (Nord, France) $2 AFNOR NF Z 44-081
607    $3 15267029 $9 270085 $a Pérenchies (Nord, France) $2 AFNOR NF Z 44-081
607    $3 15267079 $9 270086 $a Ronchin (Nord, France) $2 AFNOR NF Z 44-081
607    $3 15267095 $9 270087 $a Sainghin-en-Mélantois (Nord, France) $2 AFNOR NF Z 44-081
607    $3 15267099 $9 270088 $a Saint-André (Nord, France) $2 AFNOR NF Z 44-081
607    $3 15267138 $9 270089 $a Sequedin (Nord, France) $2 AFNOR NF Z 44-081
607    $3 15267157 $9 270090 $a Templemars (Nord, France) $2 AFNOR NF Z 44-081
607    $3 15266587 $9 270091 $a Villeneuve-d'Ascq (Nord, France) $2 AFNOR NF Z 44-081
607    $3 15267216 $9 270092 $a Wasquehal (Nord, France) $2 AFNOR NF Z 44-081
607    $3 15267125 $9 270093 $a Santes (Nord, France) $2 AFNOR NF Z 44-081
607    $3 15267183 $9 270094 $a Verlinghem (Nord, France) $2 AFNOR NF Z 44-081
607    $3 15267218 $9 270095 $a Wattignies (Nord, France) $2 AFNOR NF Z 44-081
607    $3 15266721 $9 270096 $a Chéreng (Nord, France) $2 AFNOR NF Z 44-081
607    $3 15266830 $9 270097 $a Fretin (Nord, France) $2 AFNOR NF Z 44-081
607    $3 15266890 $9 270098 $a Houplin-Ancoisne (Nord, France) $2 AFNOR NF Z 44-081
607    $3 15266873 $9 270099 $a Hem (Nord, France) $2 AFNOR NF Z 44-081
608    $a Plan de ville (feuille) $2 frTCP
660    $a e-fr
686    $a 936 $2 Cadre de classement de la Bibliographie nationale française
710    $3 15341981 $9 297584 $a Blay-Foldex $c Fondettes, Indre-et-Loire $4 180
712 02 $3 15341981 $9 297584 $a Blay-Foldex $c Fondettes, Indre-et-Loire $4 650
801  0 $a FR $b FR-751131015 $c 20160218 $g AFNOR $h FRBNF445101070000005 $2 intermrc
999    $a FRBNF445101070000005
995    $0 0 $2 0 $4 0 $5 2017-05-20 $9 360756 $b MED $c MED $e MED0C $f c3200007202 $h PRRRGZZ $k FR/CARTE $o 0 $p 12.00 $r PRETLIV $s FR_CARTE $w 2 $y 2020-12-16

