01649cam1a22003851i 4500
001 298188
003 http://www.mediathequederoubaix.fr/ark:/20179/KH298188
005 20240424212019.0
010    $a 9782265115590 $b br. $d 21,90 EUR
035    $a FRBNF452936160000008
073  0 $a 9782265115590
090    $a 298188
091    $a 0
099    $t LI $x 108 $d 2024-04-24 $c 2017-05-11
100    $a 20170510d2017    |  |0frey5003||||ba
101 0  $a fre
102    $a FR
105    $a         0||a|
106    $a r
200 1  $a Sharko $f Franck Thilliez
210    $a Paris $c Fleuve éditions $d 2017
211    $a 20170511
215    $a 1 vol. $d 22 cm
330    $a Lucie Hennebelle reprend une affaire que son oncle Anatole, policier retraité, n'a pu achever avant son suicide. Sur la trace de Julien Ramirez, soupçonné d'avoir enlevé une adolescente, elle commet l'irréparable. Franck Sharko et Lucie, prêts à camoufler ce crime qui pourrait coûter sa carrière et sa liberté à Lucie, s'attaquent à un trafic terrifiant. ­Electre 2017
339    $a m
345    $b 9782265115590
607    $9 141027 $a Lille (Nord) $x Roman
676    $a 843 $v 23
686    $2 electre
686    $2 electre
700    $3 14478713 $a Thilliez $b Franck $f 1973-.... $4 070 $9 73146
801  3 $a FR $b Electre $c 20170510 $g AFNOR
830    $a ELECTRE0A/DB/170426/CdeLit6 20170511
995    $0 0 $2 0 $4 0 $5 2017-05-11 $9 359983 $P 21.90 $b MED $c MED $e MED1A $f C1400005333 $h ALTROPL $k RP/THI $n 2024-05-15 $o 0 $p 21.90 $r PRETLIV $s RP_THI $w 59 $y 2024-04-24 $A 0
995    $0 0 $2 0 $4 0 $5 2021-09-07 $9 431949 $b MED $c MED $e MED0C $f C3200026292 $h PRRRGZZ $k FR/RP THI $o 0 $p 12.00 $r PRETLIV $s FR_RP_THI $w 9 $y 2024-03-29 $A 0

