02007cam a2200433   4500
001 298302
003 http://www.mediathequederoubaix.fr/ark:/20179/KH298302
010    $a 978-2-8189-4152-2 $b rel. $d 10,90 EUR
020    $a FR $b 01725065
033    $a http://catalogue.bnf.fr/ark:/12148/cb45234402w
035    $a FRBNF452344020000004
073  0 $a 9782818941522
090    $a 298302
091    $b 20240519 $c 1 $a 2
099    $t LI $x 90 $d 2024-05-19 $c 2017-05-12
100    $a 20170317d2017    m  y0frey50      ba
101 0  $a fre
102    $a FR
105    $a ||||t   00|a|
106    $a r
181  0 $6 01 $a i  $b xxxe   $a b  $b xb2e  
181    $6 02 $c txt $c sti $2 rdacontent
182  0 $6 01 $a n
182    $6 02 $c n $2 rdamedia
200 1  $a Le grand jour $b Texte imprimé $f dessins, Ernst $g scénario, Zidrou $g couleurs, Laurent Carpentier
210    $a Charnay-lès-Mâcon $c Bamboo édition $d DL 2017 $e 91-Palaiseau $g Impr. PPO graphic
215    $a 1 vol. (46 p.) $c ill. en coul. $d 30 cm
225 19 $a Boule à zéro $v 6
330    $a La suite des aventures de Zita à La Gaufre, où elle est hospitalisée depuis neuf ans pour une leucémie. Dans ce volume, Zita est amoureuse. ­Electre 2017
339    $a a
461  0 $0 42684599 $t Boule à zéro $v 6
608    $a Bandes dessinées $2 CNLJ $k Avis critique donné par le Centre national de la littérature pour la jeunesse
686    $a 805 $2 Cadre de classement de la Bibliographie nationale française
700    $3 12016377 $9 9300 $o ISNI000000012281824X $a Ernst $f 1954-.... $4 440
702    $3 12265406 $9 22725 $o ISNI0000000121289163 $a Zidrou $f 1962-.... $4 070
801  0 $a FR $b FR-751131015 $c 20170317 $g AFNOR $h FRBNF452344020000004 $2 intermrc
999    $a FRBNF452344020000004
995    $0 0 $2 0 $4 0 $5 2017-05-19 $9 360682 $b MED $c MED $e MED0A $f C2500003059 $h JBDZZZZ $k EXT E BD/ZID $n 2024-07-06 $o 0 $p 10.90 $r PRETLIV $s EXT_E_BDZID $w 8 $y 2022-08-25
995    $0 0 $2 0 $4 0 $5 2020-10-22 $9 416011 $b MED $c MED $e MED2A $f C2500019528 $h JBDSRZZ $k E BD/SERIES $o 0 $p 10.90 $r PRETLIV $s E_BD_SERIES $w 43 $y 2024-05-18

