01996cam1a2200457 i 4500
001 298426
003 http://www.mediathequederoubaix.fr/ark:/20179/KH298426
005 20240519043202.0
010    $a 978-2-7470-3297-1 $b br. $d 5,90 EUR
035    $a ELC583947 $z 2010090854
073  0 $a 9782747032971
090    $a 298426
091    $a 2 $b 20240519 $c 0
099    $t LI $x 45 $d 2024-05-19 $c 2017-05-17
100    $a 20170406d2010    d  |0frey5003||||ba
101 1  $a fre $c eng
102    $a FR
105    $a         0||y|
106    $a r
200 1  $a Le fantôme de la plage $b Texte imprimé $f R.L. Stine $g traduit de l'américain par Marie-José Lamorlette
205    $a 15e éd.
210    $a Montrouge (Hauts-de-Seine) $c Bayard Jeunesse $d 2010
211    $a 20100507
215    $a 1 vol. (139 p.) $d 18 x 13 cm
225 2  $a Bayard poche $x 1623-8621 $i Chair de poule $x 1623-863X $v 8
330    $a Susanne et son frère Jerry passent les vacances chez de vieux cousins en Nouvelle-Angleterre. En se promenant sur le rivage, ils ont remarqué une mystérieuse grotte à flanc de rocher et apprennent que dans la région tout le monde la croit hantée. ­Electre 2017
333    $a A partir de 9 ans
339    $a a
345    $b 9782747032971
410  0 $t Bayard poche. Chair de poule $x 1623-863X $v 8
609    $2 rbxRomJ $a Horreur
686    $2 electre
686    $2 electre
686    $2 electre
689    $a Horreur
700  1 $3 13565341 $9 91528 $a Stine $b Robert Lawrence $f 1943-.... $4 070
702    $3 11910864 $7 ba0yba0y $8 fre    $a Lamorlette $b Marie-José $4 730 $9 2923
801  3 $a FR $b Electre $c 20170406 $g AFNOR
856 4  $u http://www.electre.com/GetBlob.ashx?Ean=9782747032971,0-583947&Size=Original
995    $0 3 $2 1 $4 0 $5 2020-08-29 $9 413474 $b MED $c MED $e MED2A $f C2500018837 $h JROROZZ $k E R/STI $n 2023-06-02 $o 4 $p 5.90 $r PRETLIV $s E_R_STI $w 14 $y 2023-04-21
995    $0 0 $2 1 $4 0 $5 2023-10-07 $9 466867 $P 6.20 $b MED $c MED $e MED2A $f C2600008389 $h JROROZZ $k E R/STI $n 2024-04-06 $o 0 $p 6.20 $r PRETLIV $s E_R_STI $w 4 $y 2024-03-16

