02521njm0a2200445   4500
001 298589
003 http://www.mediathequederoubaix.fr/ark:/20179/KH298589
071 01 $a rkx063cd $b Record Kicks
073  0 $a 5050580656314
090    $a 298589
091    $a 1 $b 20240509 $c 0
099    $t DC $x 10 $d 2024-05-09 $c 2017-05-23
100    $a 20170516d2016    u  y0frey5003    ba
101 0  $a eng
127    $a 010100
200 1  $a Late nights and heartbreak $b [enr. sonore] $f Hannah Williams, chant $f Affirmations (The), ens. instr.
210    $a Milan $c Record Kicks $d 2016
215    $a 1 CD (61 min)
327 1  $a Tame in the water $a Dazed and confused $a Fighting your shadow $a Woman got soul $a Aint enough $a Fool $a Late nights & heartbreak $a In your arms $a Still in my head $a Callin' me back $a 7am to Seville $a Another sunrise $a Your luck can change
330    $a "Ouragan soul made in UK", cet album de son brut et authentique a été enregistré et produit par Malcolm Catto, le grand manitou de The Heliocentrics.
334    $a Soul Bag No.225 p.78 du 10/01/2017 $b 5/5
334    $a Sélection FIP de Décembre 2016 $b 20/20
339    $a m
345    $a GAM $b 5050580656314 $c disque compact $d 11,51 E
464  1 $a Tame in the water $3 http://www.gamannecy.com/polysson/201701/01-5050580656314.mp3
464  1 $a Dazed and confused $3 http://www.gamannecy.com/polysson/201701/02-5050580656314.mp3
464  1 $a Fighting your shadow $3 http://www.gamannecy.com/polysson/201701/03-5050580656314.mp3
464  1 $a Woman got soul $3 http://www.gamannecy.com/polysson/201701/04-5050580656314.mp3
464  1 $a Aint enough $3 http://www.gamannecy.com/polysson/201701/05-5050580656314.mp3
679    $a 180
700  1 $a Williams $b Hannah $4 721
711 02 $a Affirmations (The) $4 545 $4 ens. instr.
801  0 $a FR $b GAM $c 20170516 $g AFNOR
856 4  $u http://www.gamannecy.com/upload/albums/201610/5050580656314_thumb.jpg
856 4  $u http://www.gamannecy.com/polysson/201701/01-5050580656314.mp3 $z Tame in the water
856 4  $u http://www.gamannecy.com/polysson/201701/02-5050580656314.mp3 $z Dazed and confused
856 4  $u http://www.gamannecy.com/polysson/201701/03-5050580656314.mp3 $z Fighting your shadow
856 4  $u http://www.gamannecy.com/polysson/201701/04-5050580656314.mp3 $z Woman got soul
856 4  $u http://www.gamannecy.com/polysson/201701/05-5050580656314.mp3 $z Aint enough
995    $0 0 $2 0 $4 0 $5 2017-06-15 $9 361975 $b MED $c MED $e MED3C $f C3100003731 $h AMV14ZZ $k DC/180 WIL $o 0 $p 11.52 $r PRETSON $s DC_180_000000000000000_WIL $w 10 $y 2021-04-24

