02006cam a2200445   4500
001 298712
003 http://www.mediathequederoubaix.fr/ark:/20179/KH298712
010    $a 978-2-35413-353-5 $b rel. $d 14,20 EUR
020    $a FR $b 01762492
033    $a http://catalogue.bnf.fr/ark:/12148/cb45223127z
035    $a FRBNF452231270000009
073  0 $a 9782354133535
090    $a 298712
091    $b 20240509 $c 1 $a 2
099 00 $x 49 $t LI $d 2024-05-09 $c 2017-05-30
100    $a 20170303d2017    a  y0frey50      ba
101 1  $a fre $c eng
102    $a FR
105    $a ||||z   00|a|
106    $a r
181  0 $6 01 $a i  $b xxxe   $a b  $b xb2e  
181    $6 02 $c txt $c sti $2 rdacontent
182  0 $6 01 $a n
182    $6 02 $c n $2 rdamedia
200 1  $a Le très gros ours très sale $b Texte imprimé $f Britta Teckentrup $g [traduction de Julie Duteil]
210    $a [Paris] $c Minedition $d DL 2017 $e impr. en Hongrie
215    $a 1 vol. (non paginé [26] p.) $c ill. en coul. $d 30 cm
225    $a Un livre d'images Minedition $x 1958-086X
330    $a Le gros ours sent mauvais car il estime qu'il n'a pas besoin de se laver. Néanmoins, il finit par comprendre que pour se faire des amis, il doit prendre un bon bain. ­Electre 2017
339    $a a
410  0 $0 41477258 $t Un Livre d'images minedition $x 1958-086X $d 2017
410  0 $0 40005186 $t Un Livre Minedition $d 2017
454  1 $t The smelly bear
608    $a Albums $2 CNLJ $k Avis critique donné par le Centre national de la littérature pour la jeunesse
686    $a 809 $2 Cadre de classement de la Bibliographie nationale française
700    $3 16180161 $9 104802 $o ISNI000000036607550X $a Teckentrup $b Britta $f 1969-.... $4 070
702    $3 15591651 $9 97322 $o ISNI0000000019415768 $a Duteil $b Julie $4 730
801  0 $a FR $b FR-751131015 $c 20170303 $g AFNOR $h FRBNF452231270000009 $2 intermrc
999    $a FRBNF452231270000009
995    $0 0 $2 0 $4 0 $5 2017-06-06 $9 361568 $b MED $c MED $e MED0A $f C2500003142 $h JABEFAE $k EXT E A/TEC $n 2024-07-13 $o 0 $p 14.20 $r PRETLIV $s EXT_E_A_TEC $w 7 $y 2023-09-14

