02300cam a2200481   4500
001 298826
003 http://www.mediathequederoubaix.fr/ark:/20179/KH298826
010    $a 978-2-35032-335-0 $b rel. $d 29,50 EUR
020    $a FR $b 01741301
033    $a http://catalogue.bnf.fr/ark:/12148/cb452578907
035    $a FRBNF45257890000000X
073  0 $a 9782350323350
090    $a 298826
091    $b 20240509 $c 1 $a 2
099    $t LI $x 4 $d 2024-05-09 $c 2017-06-08
100    $a 20170425d2017    m  y0frey50      ba
101 0  $a fre
102    $a FR
105    $a ||||z   00|y|
106    $a r
181  0 $6 01 $a i  $b xxxe   $a b  $b xb2e  
181    $6 02 $c txt $c sti $2 rdacontent
182  0 $6 01 $a n
182    $6 02 $c n $2 rdamedia
200 1  $a Dentelle aux fuseaux $b Texte imprimé $e techniques de base $f Centre d'enseignement de la dentelle au fuseau, CEDF du Puy-en-Velay $g sous la direction de Mick Fouriscot
205    $a Nouvelle éd. revue et augmentée
210    $a Paris $c l'Inédite $d DL 2017 $e 92-Malakoff $g Impr. Leporello
214  0 $a Paris $c l'Inédite $d DL 2017
214  3 $a 92-Malakoff $c Impr. Leporello
215    $a 1 vol. (76) p. $c ill. en coul. $d 30 cm
225    $a Patrimoine de la dentelle européenne
330    $a Un ouvrage pratique pour maîtriser la dentelle au fuseau, de l'initiation à l'approfondissement des techniques de base grâce à des explications illustrées, des exercices et des cartons pour 85 modèles, 85 diagrammes et 114 schémas. ­Electre 2017
339    $a m
410  0 $0 41392202 $t Patrimoine de la dentelle européenne $x 2272-3285 $d 2017
606    $3 11961570 $9 10351 $a Dentelle aux fuseaux $3 11933639 $9 2152 $x Technique $2 rameau
606    $3 12484958 $9 6292 $a Dentelle $x Modèles $2 rameau
676    $a 746.222 028 $v 23
686    $a 740 $2 Cadre de classement de la Bibliographie nationale française
702    $3 12606600 $9 21536 $o ISNI0000000120272626 $a Fouriscot $b Mick $f 1934-.... $4 651
710    $3 11882125 $9 271672 $a Centre d'enseignement de la dentelle au fuseau $c Le Puy-en-Velay $4 070
801  0 $a FR $b FR-751131015 $c 20170425 $g AFNOR $h FRBNF45257890000000X $2 intermrc
999    $a FRBNF45257890000000X
995    $0 0 $2 0 $4 0 $5 2017-06-14 $9 361961 $b MED $c MED $e MED1A $f C1400001420 $h AAPATLC $k Doc./701 XYZ $o 0 $p 29.50 $r PRETLIV $s DOC___701_000000000000000_XYZ $w 4 $y 2022-05-13

