01908cam a22004453  4500
001 298974
003 http://www.mediathequederoubaix.fr/ark:/20179/KH298974
010    $a 9782828915490
010    $a 2828915492
033    $a http://catalogue.bnf.fr/ark:/12148/cb45351057x
035    $a FRBNF453510570000007
035    $a OCoLC1013896604
090    $a 298974
091    $a 2 $b 20240516 $c 1
099    $t LI $x 7 $d 2024-05-16 $c 2017-06-10
100    $a 20180322d2017    m  y0frey50      ba
101 0  $a fre
102    $a CH
105    $a a   z   00|y|
106    $a z
181  0 $6 01 $a i  $b xxxe  
181    $6 02 $c txt $2 rdacontent
182  0 $6 01 $a n
182    $6 02 $c n $2 rdamedia
200 1  $a La saga Eurovision $b Texte imprimé $f Jean-Marc Richard, Mary Clapasson et Nicolas Tanner
210    $a Genève (Suisse) $c Editions RTS $d 2017 $a Lausanne (Suisse) $c Favre $d 2017
214  0 $a Lausanne $c Favre
214  4 $d C 2017
215    $a 429 p. $c ill. $d 24 cm
330    $a Une histoire du concours depuis sa création en 1956 abordant ses coulisses, ses succès, ses échecs, ses controverses ou encore les divers courants musicaux à travers des interviews, des photographies, des anecdotes et des statistiques. Avec les classements par pays de chaque édition. ­Electre 2017
339    $a m
601    $3 14644489 $9 270543 $a Eurovision de la chanson $3 11934444 $9 494 $x Histoire $2 rameau
676    $a 782.421 640794 $v 23
700    $3 14501300 $9 300142 $o ISNI0000000001084630 $a Richard $b Jean-Marc $f 1960-.... $4 070
701    $3 17723122 $9 321225 $o ISNI0000000464707726 $a Clapasson $b Mary $4 070
701    $3 17723125 $9 321226 $a Tanner $b Nicolas $4 070
801  3 $a US $b OCoLC $c 20180322 $h 1013896604 $2 marc21
801  0 $b CHBCC
999    $a FRBNF453510570000007
995    $0 0 $2 0 $4 0 $5 2017-06-10 $9 361773 $b MED $c MED $e MED1A $f C3100003798 $h AMV00ZZ $k Doc./780 ABC $o 0 $p 25.48 $r PRETLIV $s DOC___780_000000000000000_ABC $w 7 $y 2020-12-18

