01894cam a2200397   4500
001 299091
003 http://www.mediathequederoubaix.fr/ark:/20179/KH299091
010    $a 978-2-8236-0829-8 $b br. $d 25 EUR
020    $a FR $b 01733217
033    $a http://catalogue.bnf.fr/ark:/12148/cb45276527t
035    $a FRBNF452765270000002
073  0 $a 9782823608298
090    $a 299091
091    $b 20240509 $c 1 $a 2
099    $t LI $x 42 $d 2024-05-09 $c 2017-06-14
100    $a 20170522d2017    m  y0frey50      ba
101 1  $a fre $c eng
102    $a FR
105    $a ||||z   00|a|
106    $a r
181  0 $6 01 $a i  $b xxxe  
181    $6 02 $c txt $2 rdacontent
182  0 $6 01 $a n
182    $6 02 $c n $2 rdamedia
200 1  $a L'âme des horloges $b Texte imprimé $f David Mitchell $g traduit de l'anglais par Manuel Berri
210    $a [Paris] $c Éditions de l'Olivier $d DL 2017 $e 61-Lonrai $g Normandie roto impr.
215    $a 1 vol. (779 p.) $d 22 cm
330    $a Holly Sikes, 15 ans, fugue après s'être disputée avec sa mère. Depuis longtemps, l'adolescente entend des voix qui proviennent de mystérieux personnages. Après son départ de chez elle, ces hallucinations auditives se doublent de visions d'épouvante dans lesquelles Holly se retrouve au centre des affrontements entre deux factions d'immortels, les Horlogers et les Anachorètes. ­Electre 2017
339    $a m
454  1 $t The bone clocks
686    $a 803 $2 Cadre de classement de la Bibliographie nationale française
700    $3 14539922 $9 92403 $o ISNI0000000120297954 $a Mitchell $b David $f 1969-.... $4 070
702    $3 14539924 $9 92404 $o ISNI0000000008874942 $a Berri $b Manuel $4 730
801  0 $a FR $b FR-751131015 $c 20170522 $g AFNOR $h FRBNF452765270000002 $2 intermrc
999    $a FRBNF452765270000002
995    $0 0 $2 0 $4 0 $5 2017-06-14 $9 361941 $b MED $c MED $e MED1A $f C1400001356 $h ALTROZZ $k R/MIT $o 0 $r PRETLIV $s R_MIT $u coup de coeur $w 42 $y 2024-04-10 $A 0

