02235cam a2200457   4500
001 299213
003 http://www.mediathequederoubaix.fr/ark:/20179/KH299213
010    $a 979-10-352-0015-2 $b br. $d 14,50 EUR
020    $a FR $b 01910647
033    $a http://catalogue.bnf.fr/ark:/12148/cb452684719
035    $a FRBNF452684710000000
073  0 $a 9791035200152
090    $a 299213
091    $a 2 $b 20240509 $c 1
099 00 $x 20 $t LI $d 2024-05-09 $c 2017-06-22
100    $a 20170511d2017    a  y0frey50      ba
101 0  $a fre
102    $a FR
105    $a ||||z   00|a|
106    $a r
181  0 $6 01 $a i  $b xxxe  
181    $6 02 $c txt $2 rdacontent
182  0 $6 01 $a n
182    $6 02 $c n $2 rdamedia
200 1  $a Le bonheur est un déchet toxique $b Texte imprimé $e roman $f Manu Causse
210    $e 53-Mayenne $g Impr. Floch $a [Paris] $c Éditions Thierry Magnier $d DL 2017
214  0 $a [Paris] $c Éditions Thierry Magnier $d DL 2017
214  3 $a 53-Mayenne $c Impr. Floch
215    $a 1 vol. (273 p.) $d 22 cm
225    $a Collection animée par Soazig le Bail, assistée de Charline Vanderpoorte
329    $c Intéressant $2 CNLJ $k Avis critique donné par le Centre national de la littérature pour la jeunesse
330    $a Nathanaël doit aller vivre à la campagne chez sa mère, végane et militante, qu'il rencontre pour la première fois. L'adolescent devra trouver le juste équilibre entre sa nouvelle vie et les souvenirs heureux des jours passés avec son père récemment décédé. ­Electre 2017
333    $a À partir de 15 ans $2 CNLJ $k Avis critique donné par le Centre national de la littérature pour la jeunesse
339    $a a
410  0 $0 36943204 $t Roman (Paris. 1998) $x 1292-4113 $d 2017
608    $a Romans $2 CNLJ $k Avis critique donné par le Centre national de la littérature pour la jeunesse
686    $a 809 $2 Cadre de classement de la Bibliographie nationale française
700    $3 14634451 $9 103548 $o ISNI0000000382756890 $a Causse $b Manu $f 1972-.... $4 070
801  0 $a FR $b FR-751131015 $c 20170511 $g AFNOR $h FRBNF452684710000000 $2 intermrc
999    $a FRBNF452684710000000
995    $0 0 $2 0 $4 0 $5 2017-06-23 $9 362190 $b MED $c MED $e MED2A $f C2500003550 $h JROROZZ $k E R/CAU $o 0 $p 14.50 $r PRETLIV $s E_R_CAU $w 20 $y 2023-12-02

