02900njm0a2200433   4500
001 299367
003 http://www.mediathequederoubaix.fr/ark:/20179/KH299367
071 01 $a AD4187C $b Mon Slip
073  0 $a 3521383441879
090    $a 299367
091    $a 1 $b 20240509 $c 0
099    $t DC $x 1 $d 2024-05-09 $c 2017-06-24
100    $a 20170621d2016    u  y0frey5003    ba
101 0  $a fre
127    $a 003900
200 1  $a Mille bouches $b [enr. sonore] $f Camille Hardouin, comp. & chant
210    $a Paris $c Mon Slip $d 2016
215    $a 1 CD (39 min) $e 1 livret
300    $a Textes des chansons
327 1  $a Mille bouches $a Si demain $a Il m'plait pas $a Les pirates $a Ma retenue $a Marry the road $a Lies $a Pablo $a J'veux pas $a La vagabonde
330    $a Seule sur scène, bouleversante de sincérité, elle nous emmène dans un monde à la sensibilité étonnante. Une voix éraillée, des accents folks, des impulsions électriques, et cette impression de partager des confidences au milieu de la nuit. L'émotion n'est jamais loin, prête à nous faire chavirer pour les chansons de cette artiste désarmante. On en sort bousculé, ému. Longtemps portant ses chansons sous le nom de La Demoiselle inconnue, Camille Hardouin a aujourd'hui tombé le masque, pour mieux se révéler.
339    $a m
345    $a GAM $b 3521383441879 $c disque compact $d 14,70 E
464  1 $a Mille bouches $3 http://mp3streams.musicme.com/partners/10000001/3521383441879-01_01.mp3
464  1 $a Si demain $3 http://mp3streams.musicme.com/partners/10000001/3521383441879-01_02.mp3
464  1 $a Il m'plait pas $3 http://mp3streams.musicme.com/partners/10000001/3521383441879-01_03.mp3
464  1 $a Les pirates $3 http://mp3streams.musicme.com/partners/10000001/3521383441879-01_04.mp3
464  1 $a Ma retenue $3 http://mp3streams.musicme.com/partners/10000001/3521383441879-01_05.mp3
679    $a 099.2
700  1 $a Hardouin $b Camille $4 230 $3 16776769 $9 270798
801  0 $a FR $b GAM $c 20170621 $g AFNOR
856 4  $u http://www.gamannecy.com/upload/albums/201703/3521383441879_thumb.jpg
856 4  $u http://mp3streams.musicme.com/partners/10000001/3521383441879-01_01.mp3 $z Mille bouches
856 4  $u http://mp3streams.musicme.com/partners/10000001/3521383441879-01_02.mp3 $z Si demain
856 4  $u http://mp3streams.musicme.com/partners/10000001/3521383441879-01_03.mp3 $z Il m'plait pas
856 4  $u http://mp3streams.musicme.com/partners/10000001/3521383441879-01_04.mp3 $z Les pirates
856 4  $u http://mp3streams.musicme.com/partners/10000001/3521383441879-01_05.mp3 $z Ma retenue
995    $0 0 $2 0 $3 0 $4 0 $5 2017-06-29 $9 362455 $b MED $c MED $e MED3C $f C3100003911 $h AMV80ZZ $k DC/099.2 HAR $o 0 $p 14.71 $r PRETSON $s DC_099_200000000000000_HAR $u Artiste régional $w 1 $y 2019-08-06 $A 0
995    $0 0 $2 0 $3 0 $4 0 $5 2017-06-29 $9 362456 $b MED $c MED $e MED2D $f C3100003912 $h PENRSZZ $k FLRSON/DC  2910 $o 2 $p 14.71 $r PRETSON $s FLRSONDC_2910_000000000000000 $w 0 $y 2017-06-29 $A 0

