01070nam a2200229   4500
001 299484
003 http://www.mediathequederoubaix.fr/ark:/20179/KH299484
005 20181115183306.0
090    $a 299484
091    $a 0
099    $t LI $c 2014-06-30 $d 2014-06-30 $x 0
100    $a 19       1948    k  y0frey5003    ba
101    $a fre
200    $a Tissage ameublement, préparation, coconnage, nombre de têtes à conduire $e juin 1950 $f Syndicat patronal textile de Roubaix-Tourcoing, bureau des normes et salaires
210    $a [S.l.] $c Syndicat patronal textile de Roubaix-Tourcoing $d [1950]
215    $a 6 p. $d 27 cm
339    $a m
606    $9 237234 $a Industries textiles $y France $y Roubaix (Nord)
710 0  $9 128298 $4 650 $a Syndicat patronal textile de Roubaix-Tourcoing $c Nord $b Bureau des normes et salaires
801  0 $a FR $b 595126101 $c 20070829 $g AFNOR
930    $5 595126101:C0002214192 $b 595126101 $a RES 4/630 $e Fonds patrimonial
995    $0 0 $2 0 $4 0 $5 2017-06-28 $9 362419 $b MED $c MED $e MED3P $f C0005925452 $h PPEFGZZ $k RES 4/1476 $o 2 $p 25.00 $r PRETLIV $s RES_41476_000000000000000 $w 0 $y 2017-06-28

