02559cam a2200445   4500
001 299612
003 http://www.mediathequederoubaix.fr/ark:/20179/KH299612
010    $a 978-2-35289-340-0 $b rel. $d 12 EUR
020    $a FR $b 01742868
033    $a http://catalogue.bnf.fr/ark:/12148/cb452834229
035    $a FRBNF452834220000000
073  0 $a 9782352893400
090    $a 299612
091    $b 20240509 $c 1 $a 2
099    $t LI $x 17 $d 2024-05-09 $c 2017-07-04
100    $a 20170602d2017    a  y0frey50      ba
101 1  $a fre $c eng
102    $a FR
105    $a ||||z   00|a|
106    $a r
181  0 $6 01 $a i  $b xxxe   $a b  $b xb2e  
181    $6 02 $c txt $c sti $2 rdacontent
182  0 $6 01 $a n
182    $6 02 $c n $2 rdamedia
200 1  $a Je t'aime $b Texte imprimé $f texte & images de Remy Charlip $g [traduction Olga Kent]
210    $a [Nantes] $c Éditions MeMo $d impr. 2017 $e impr. en République tchèque
215    $a 1 vol. (non paginé [25] p.) $c ill. $d 13 cm
321    $a La Revue des livres pour enfants. Sélection annuelle $c 297
329    $a C'est une déclaration d'amour dans un petit livre (13 x 11 cm) aux dessins tendres et minimalistes (une femme, un enfant, un lit, une chaise). Un échange, avant de s'endormir, qui sonne comme une chanson « Je t'aime, parce que... ». L'adulte joue avec les mots sur la légère inquiétude de l'enfant en quête de certitudes. Les personnages approchent avec humour et poésie une question délicate, puisque l'amour ne s'explique pas... et pourtant « c'est si doux ». Paru aux États-Unis en 1967. $d 20171101 $2 CNLJ $k Avis critique donné par le Centre national de la littérature pour la jeunesse
330    $a Réédition d'un album évoquant la déclaration d'amour d'un adulte à un enfant. ­Electre 2017
333    $a À partir de 3 ans $2 CNLJ $k Avis critique donné par le Centre national de la littérature pour la jeunesse
339    $a a
454  1 $t I love you
608    $a Poésies, comptines et chansons $2 CNLJ $k Avis critique donné par le Centre national de la littérature pour la jeunesse
686    $a 809 $2 Cadre de classement de la Bibliographie nationale française
700    $3 14436763 $9 73314 $o ISNI0000000063084222 $a Charlip $b Remy $f 1929-2012 $4 070
702    $3 16517915 $9 107878 $o ISNI0000000120434031 $a Kent $b Olga $4 730
801  0 $a FR $b FR-751131015 $c 20170602 $g AFNOR $h FRBNF452834220000000 $2 intermrc
999    $a FRBNF452834220000000
995    $0 3 $2 1 $4 0 $5 2017-07-13 $9 363375 $b MED $c MED $e MED2A $f C2500004193 $h JABPFEV $k PE A/CHA $n 2019-05-02 $o 4 $p 12.00 $r PRETLIV $s PE_A_CHA $w 17 $y 2019-04-11

