04200cam a2200577   4500
001 299724
003 http://www.mediathequederoubaix.fr/ark:/20179/KH299724
010    $a 978-2-215-15674-1 $b rel. $d 17,95 EUR
020    $a FR $b 01753658
033    $a http://catalogue.bnf.fr/ark:/12148/cb45318132q
035    $a FRBNF453181320000000
073  0 $a 9782215156741
090    $a 299724
091    $b 20240509 $c 1 $a 2
099    $t LI $x 17 $d 2024-05-09 $c 2017-07-06
100    $a 20170721d2017    a  y0frey50      ba
101 0  $a fre
102    $a FR
105    $a ||||z   00|y|
106    $a r
181  0 $6 01 $a i  $b xxxe   $a b  $b xb2e  
181    $6 02 $c txt $c sti $2 rdacontent
182  0 $6 01 $a n
182    $6 02 $c n $2 rdamedia
200 1  $a Rois & reines de tous les temps et de tous les pays $b Texte imprimé $f Anne-Florence Lemasson, Dominique Ehrhard
210    $a [Paris] $c Fleurus $d DL 2017 $e impr. en Chine
215    $a 1 vol. (104 p.) $c ill. en coul. $d 40 cm
300    $a Lexique
321    $a La Revue des livres pour enfants $x 0398-8384 $c 299
321    $a La Revue des livres pour enfants. Sélection annuelle $c 303
329    $c Bravo ! $a Rois, reines, pharaon, empereurs, impératrice, princes et même pape : ces souverains de toutes les époques et de toutes les aires géographiques sont représentés en pied dans leur tenue d'apparat, le format allongé du livre rendant hommage à leur puissance. Pour chacun, un texte de présentation accessible est accompagné d'une carte qui permet de bien comprendre les enjeux de leur époque. À côté de figures bien connues, on apprécie de faire la connaissance de la reine Nzinga qui lutta en Afrique contre les colons portugais au XVIIe siècle ou de Potatau te Wherowhero, roi des Maoris au XIXe siècle. Un tour du monde instructif et élégant. $d 20180201 $f VM $2 CNLJ $k Avis critique donné par le Centre national de la littérature pour la jeunesse
329    $a Rois, reines, pharaon, empereurs, impératrice, princes et même pape : ces souverains de toutes les époques et de toutes les aires géographiques sont représentés en pied dans leur tenue d'apparat, le format allongé du livre rendant hommage à leur puissance. Pour chacun, un texte de présentation accessible est accompagné d'une carte qui permet de bien comprendre les enjeux de leur époque et de découvrir certaines figures moins connues. Un tour du monde instructif et élégant. $d 20181101 $2 CNLJ $k Avis critique donné par le Centre national de la littérature pour la jeunesse
330    $a Présentation de cinquante souverains et reines du monde entier. Avec un portait de chacun dans leur tenue d'apparat. ­Electre 2017
333    $a À partir de 11 ans $2 CNLJ $k Avis critique donné par le Centre national de la littérature pour la jeunesse
339    $a a
517 1  $a Rois et reines de tous les temps et de tous les pays
606    $3 11948240 $9 322 $7 ba0yba0y $8 fre    $a Rois et souverains $3 12042408 $9 314947 $x Ouvrages pour la jeunesse $2 rameau $9 322
606    $3 11948617 $9 20251 $7 ba0yba0y $8 fre    $a Reines $3 12042408 $9 314947 $x Ouvrages pour la jeunesse $2 rameau $9 20251
606    $3 11948240 $9 322 $a Rois et souverains $2 rameau
606    $3 11948617 $9 20251 $a Reines $2 rameau
608    $3 11935764 $9 107 $a Biographie $2 rameau
608    $3 12042408 $9 314947 $a Ouvrages pour la jeunesse $2 rameau
608    $a Documentaires : sciences humaines $2 CNLJ $k Avis critique donné par le Centre national de la littérature pour la jeunesse
676    $a 920.008 621 $v 23
686    $a 920 $2 Cadre de classement de la Bibliographie nationale française
700    $3 17132840 $9 277457 $o ISNI000000046415077X $a Lemasson $b Anne-Florence $4 070
701    $3 12307518 $9 66151 $o ISNI0000000381659845 $a Ehrhard $b Dominique $f 1958-.... $4 070
801  0 $a FR $b FR-751131015 $c 20170721 $g AFNOR $h FRBNF453181320000000 $2 intermrc
999    $a FRBNF453181320000000
995    $0 3 $2 1 $4 0 $5 2017-07-22 $9 363927 $b MED $c MED $e MED2A $f C2500003949 $h JDT90ZZ $k E/916 PER $n 2019-05-31 $o 4 $p 17.95 $r PRETLIV $s E_916_000000000000000_PER $w 15 $y 2019-05-09
995    $0 0 $2 0 $4 0 $5 2018-10-03 $9 382209 $b MED $c MED $e MED0A $f C2200008433 $h JDT90ZZ $k EXT E/916 PER $o 0 $p 17.95 $r PRETLIV $s EXT_E_916_000000000000000_PER $w 2 $y 2023-09-28

