02098cam a2200445   4500
001 299841
003 http://www.mediathequederoubaix.fr/ark:/20179/KH299841
010    $a 978-2-253-00054-9 $b br. $d 8,60 EUR
020    $a FR $b 01564405
033    $a http://catalogue.bnf.fr/ark:/12148/cb44406871w
035    $a FRBNF444068710000005
073  0 $a 9782253000549
090    $a 299841
091    $b 20240509 $c 1 $a 2
099    $t LI $x 22 $d 2024-05-09 $c 2017-07-11
100    $a 20150902d2015    m  y0frey50      ba
101 1  $a fre $c eng
102    $a FR
105    $a ||||z   00|a|
106    $a r
181  0 $6 01 $a i  $b xxxe  
181    $6 02 $c txt $2 rdacontent
182  0 $6 01 $a n
182    $6 02 $c n $2 rdamedia
200 1  $a Traînée de poudre $b Texte imprimé $f Patricia Cornwell $g roman traduit de l'anglais (États-Unis) par Andrea H. Japp
210    $a Paris $c Librairie générale française $d DL 2015 $e 72-La Flèche $g Impr. CPI Brodard et Taupin
215    $a 1 vol. (617 p.) $d 18 cm
225 19 $a Une enquête de Kay Scarpetta
225    $a Le livre de poche $e thriller $v 33907
330    $a Peu après une tuerie de masse, Kay Scarpetta apprend qu'une jeune femme vient d'être retrouvée morte sur le campus d'un institut de technologie à Boston. Le cadavre est recouvert d'un étrange résidu phosphorescent. Deux semaines plus tard, un procès devait avoir lieu entre la victime et la société fiduciaire Double S. ­Electre 2017
339    $a m
410  0 $0 34228560 $t Le Livre de poche $x 0248-3653 $v 33907
454  1 $t Dust
461  0 $6 75446 $t Une enquête de Kay Scarpetta
686    $a 803 $2 Cadre de classement de la Bibliographie nationale française
700    $3 12266506 $9 45016 $o ISNI0000000121281954 $a Cornwell $b Patricia $f 1956-.... $4 070
702    $3 12218710 $9 264955 $o ISNI0000000116915959 $a Japp $b Andrea H. $f 1955-.... $4 730
801  0 $a FR $b FR-751131015 $c 20150902 $g AFNOR $h FRBNF444068710000005 $2 intermrc
999    $a FRBNF444068710000005
995    $0 0 $2 0 $4 0 $5 2017-07-11 $9 363187 $P 8.60 $b MED $c MED $e MED1A $f C1400001457 $h ALTROPL $k RP/COR $o 0 $p 8.60 $r PRETLIV $s RP_COR $w 22 $y 2024-01-27 $A 0

