01822cam a2200421   4500
001 299980
003 http://www.mediathequederoubaix.fr/ark:/20179/KH299980
010    $a 979-10-97160-03-6 $b br. $d 16 EUR
020    $a FR $b 01759138
033    $a http://catalogue.bnf.fr/ark:/12148/cb45284438x
035    $a FRBNF452844380000005
039    $o OPP $a 45623528 $d 20210119
073  0 $a 9791097160036
090    $a 299980
091    $b 20240509 $c 1 $a 2
099    $t LI $x 41 $d 2024-05-17 $c 2017-07-11
100    $a 20170606d2017    m  y0frey50      ba
101 0  $a fre
102    $a FR
105    $a ||||t   00|y|
106    $a r
181  0 $6 01 $a i  $b xxxe   $a b  $b xb2e  
181    $6 02 $c txt $c sti $2 rdacontent
182  0 $6 01 $a n
182    $6 02 $c n $2 rdamedia
200 1  $a Un autre regard $b Texte imprimé $f Emma
210    $a [Paris] $c Massot éditions $d DL 2017 $e 18-Saint-Amand-Montrond $g Impr. Clerc
214  0 $a [Paris] $c Massot éditions $d DL 2017
214  3 $a 18-Saint-Amand-Montrond $c Impr. Clerc
215    $a 1 vol. (non paginé [ca 112] p.) $c ill. en coul. $d 26 cm
330    $a Une bande dessinée qui aborde sans tabou et avec humour des sujets tels que le baby blues, la violence du monde médical envers les jeunes mères, le clitoris et le manque d'information des femmes à son sujet ou encore la vie des réfugiés en France. ­Electre 2017
339    $a m
676    $a 848.920 3 (oeuvre) $v 23
686    $a 804 $2 Cadre de classement de la Bibliographie nationale française
700    $3 17156137 $9 278359 $o ISNI0000000476255341 $a Emma $f 1980?-.... $4 070
801  0 $a FR $b FR-751131015 $c 20170606 $g AFNOR $h FRBNF452844380000005 $2 intermrc
999    $a FRBNF452844380000005
995    $0 0 $2 0 $4 0 $5 2017-07-19 $9 363586 $b MED $c MED $e MED0C $f C2200006225 $h AAPBDZZ $k BD/EMM $n 2024-06-07 $o 0 $p 16.00 $r PRETLIV $s BD_EMM $w 41 $y 2024-05-17

