02622cam a2200493   4500
001 300112
003 http://www.mediathequederoubaix.fr/ark:/20179/KH300112
010    $a 978-2-215-15637-6 $b rel. $d 8,90 EUR
020    $a FR $b 01654818
033    $a http://catalogue.bnf.fr/ark:/12148/cb45093094x
035    $a FRBNF450930940000006
073  0 $a 9782215156376
090    $a 300112
091    $b 20240509 $c 1 $a 2
099    $t LI $x 45 $d 2024-05-15 $c 2017-07-18
100    $a 20160804d2016    a  y0frey50      ba
101 0  $a fre
102    $a FR
105    $a ||||z   00|y|
106    $a r
181  0 $6 01 $a i  $b xxxe  
181    $6 02 $c txt $2 rdacontent
182  0 $6 01 $a n
182    $6 02 $c n $2 rdamedia
200 1  $a Les réseaux sociaux, comment ça marche ? $b Texte imprimé $e et toutes les questions que tu te poses pour rester connecté ! $f texte de Emmanuel Trédez $g illustrations de Halfbob
210    $a [Paris] $c Fleurus $d DL 2016 $e impr. en Slovaquie
215    $a 1 vol. (47 p.) $c ill. en coul. $d 23 cm
225    $a Petites et grandes questions
330    $a Des réponses aux questions des enfants sur les réseaux sociaux : droit, risques, amitié, etc. ­Electre 2017
339    $a a
410  0 $0 45097159 $t Petites et grandes questions $x 2647-3305 $d 2016
606    $3 15077588 $9 98821 $7 ba0yba0y $8 fre    $a Réseaux sociaux (Internet) $3 12042408 $9 314947 $x Ouvrages pour la jeunesse $2 rameau $9 98821
606    $3 15077588 $9 98821 $a Réseaux sociaux (Internet) $2 rameau
608    $3 12042408 $9 314947 $a Ouvrages pour la jeunesse $2 rameau
676    $a 006.754 083 $v 23
686    $a 004 $2 Cadre de classement de la Bibliographie nationale française
700    $3 13208100 $9 62600 $o ISNI0000000073663893 $a Trédez $b Emmanuel $f 1968-.... $4 070
702    $3 16269066 $9 267549 $o ISNI0000000118994152 $a Halfbob $f 1974-.... $4 440
801  0 $a FR $b FR-751131015 $c 20160804 $g AFNOR $h FRBNF450930940000006 $2 intermrc
999    $a FRBNF450930940000006
995    $0 0 $2 0 $4 0 $5 2017-07-22 $9 363864 $b MED $c MED $e MED2A $f C2500004088 $h JDT00ZZ $k E/002 SOC $o 0 $p 8.90 $r PRETLIV $s E_002_000000000000000_SOC $w 27 $y 2024-05-17 $7  $8  $A  $m  $z CELINE EMI
995    $0 0 $2 0 $4 0 $5 2018-10-03 $9 382214 $b MED $c MED $e MED0A $f C2200008346 $h JDT00ZZ $k EXT E/002 SOC $o 0 $p 9.50 $r PRETLIV $s EXT_E_002_000000000000000_SOC $w 2 $y 2023-12-21
995    $0 0 $2 0 $4 0 $5 2019-09-26 $9 399145 $b MED $c MED $e MED0A $f C3500010323 $h JDT00ZZ $k EXT E/002 SOC $n 2024-06-27 $o 0 $p 9.50 $r PRETLIV $s EXT_E_002_000000000000000_SOC $w 14 $y 2024-04-23 $8 MA003
995    $0 0 $2 0 $4 0 $5 2019-11-09 $9 401594 $P 9.50 $b BUS $c BUS $e BUS1A $f C2500015367 $h JDT00ZZ $k BUS E/002 SOC $o 0 $p 9.50 $r PRETLIV $s BUS_E_002_000000000000000_SOC $w 2 $y 2023-07-25 $A 0

