03010cam a2200481   4500
001 300241
003 http://www.mediathequederoubaix.fr/ark:/20179/KH300241
010    $a 978-2-7470-5395-2 $b br. $d 13,90 EUR
020    $a FR $b 01745915
033    $a http://catalogue.bnf.fr/ark:/12148/cb45278459n
035    $a FRBNF45278459000000X
073  0 $a 9782747053952
090    $a 300241
091    $b 20240509 $c 1 $a 2
099    $t LI $x 19 $d 2024-05-09 $c 2017-08-08
100    $a 20170524d2017    a  y0frey50      ba
101 1  $a fre $c dut
102    $a FR
105    $a ||||z   00|a|
106    $a r
181  0 $6 01 $a i  $b xxxe  
181    $6 02 $c txt $2 rdacontent
182  0 $6 01 $a n
182    $6 02 $c n $2 rdamedia
200 1  $a Le scarabée d'or $b Texte imprimé $f Tosca Menten $g traduit du néerlandais (Pays-Bas) par Vincent Folliet
210    $a Montrouge $c Bayard jeunesse $d DL 2017 $e impr. en Italie
215    $a 1 vol. (284 p.) $d 20 cm
225 19 $a Dummie la momie $v 1
321    $a La Revue des livres pour enfants $x 0398-8384 $c 298
329    $c Bravo ! $a Dummie est la momie d'un fils de pharaon, mort à 9 ans, qui a reçu en viatique une pierre magique. Ranimé par la foudre, il se réfugie chez Jules et son père qui acceptent l'existence du peu ragoûtant Dummie. Ils lui apprennent leur langue et la vie au XXIe siècle, et l'inscrivent à l'école en le faisant passer pour un grand brûlé. Dummie subit le sort des nouveaux quand ils sont différents, jusqu'à être mis en danger de mort par une élève jalouse. Un premier tome sympathique et inventif, qui alterne réalisme et imaginaire débridé. $d 20171201 $f VE $2 CNLJ $k Avis critique donné par le Centre national de la littérature pour la jeunesse
330    $a Jules et son père, Charles, recueillent et tentent d'intégrer dans leur vie quotidienne Dummie la momie, qui parle exclusivement égyptien et ne connaît rien du monde moderne. Mais il est difficile pour Dummie d'être comme les autres alors qu'elle refuse d'enlever ses bandelettes. ­Electre 2017
333    $a À partir de 9 ans $2 CNLJ $k Avis critique donné par le Centre national de la littérature pour la jeunesse
339    $a a
454  1 $t Dummie de mummie en de gouden scarabee
461  0 $0 45279919 $t Dummie la momie $v 1
608    $a Romans $2 CNLJ $k Avis critique donné par le Centre national de la littérature pour la jeunesse
686    $a 809 $2 Cadre de classement de la Bibliographie nationale française
700    $3 17129602 $9 278399 $o ISNI0000000111642752 $a Menten $b Tosca $f 1961-.... $4 070
702    $3 16960799 $9 121082 $o ISNI0000000449017540 $a Folliet $b Vincent $4 730
801  0 $a FR $b FR-751131015 $c 20170524 $g AFNOR $h FRBNF45278459000000X $2 intermrc
999    $a FRBNF45278459000000X
995    $0 0 $2 0 $4 0 $5 2017-08-29 $9 364761 $b MED $c MED $e MED0A $f C2500004479 $h JROROZZ $k EXT E R/MEN $o 0 $p 13.90 $r PRETLIV $s EXT_E_R_MEN $w 3 $y 2022-06-10
995    $0 0 $2 0 $4 0 $5 2017-09-05 $9 365064 $b MED $c MED $e MED2A $f C2500004610 $h JROROZZ $k E R/MEN $o 0 $p 13.90 $r PRETLIV $s E_R_MEN $w 16 $y 2023-01-07

