00786nam a2200205   4500
001 300362
003 http://www.mediathequederoubaix.fr/ark:/20179/KH300362
010    $a 9780553573404 $d 11,10 eur
090    $a 300362
091    $a 2 $b 20240509 $c 0 $s http://www.sudoc.fr/157354334 $m 3
099    $t LI $x 28 $d 2024-05-17 $c 2017-08-18
100    $a 20160106d2006    u  u0frey50      ba
101    $a fre
200 1  $a A Game of Thrones $f Martin George $d A song of ice and fire $e Vol.1 : A Game of Thrones
210    $c Bantam Books $d 2006
215    $d 17 cm
339    $a m
701    $a George $b Martin
801  3 $a Fr $b Librairie Dialogues $c 20160106 $g AFNOR
995    $0 0 $2 0 $4 0 $5 2017-08-18 $9 364338 $P 11.10 $b MED $c MED $e MED3A $f C3200008063 $h ACFLALE $k ANG/R MAR $n 2024-06-07 $o 0 $p 11.10 $r PRETLIV $s ANG_R_MAR $w 27 $y 2024-05-17 $A 0

