02301ngm0a2200421   4500
001 300494
003 http://www.mediathequederoubaix.fr/ark:/20179/KH300494
073  1 $a 3459370440645
090    $a 300494
091    $a 1 $b 20240516 $c 0
099    $t VD $x 66 $d 2024-05-16 $c 2017-08-24
100    $a 20070503d2009    a  y0frey5003    ba
101 2  $a eng $a fre $c eng $j eng $j fre
102    $a US
115    $a c076baizxbx||||bkxx|
200 1  $a Les aventures de Bernard et Bianca $b DVD $f Wolfgang Reitherman, Art Stevens, John Lounsbery, réal. $g Margery Sharp, adapt. $g Larry Clemmons, Ken Anderson, scénario $g Artie Butler, Carol Connors, Sammy Fain, comp.
210    $a Marne-la-Vallée $c The Walt Disney Company $d 2009
215    $a 1 DVD 2 couches sur une simple face (01 h 16 mn) $c 1.66:1, 16/9 compatible 4/3, coul., (PAL), Son. (Dolby Surround; anglais; français)
225 1  $a Walt Disney Grand Classique
300    $a Langues principales : anglais, français; Sous-Titres : anglais, français
300    $a Droit de prêt seulement
300    $a Walt Disney Pictures, cop. 1977
300    $a  Enfant de 3 à 7 ans
300    $a *
330    $a A New York, les souris du monde entier se réunissent et décident de porter secours à Penny, une petite orpheline séquestrée par l'affreuse Madame Médusa. Bernard et Bianca, intrépides détectives de choc, se portent volontaires. Plus de trois cent cinquante techniciens, plus de trois cent trente mille dessins, sept cent cinquante décors, un budget de six millions de dollars... Un dessin animé des studios Disney, bien sûr !
345    $b 3459370440645 $d 64.50 EUR
700  1 $a Reitherman $b Wolfgang $4 300
701  1 $a Stevens $b Art $4 300
701  1 $a Lounsbery $b John $4 300
702  1 $a Sharp $b Margery $4 100
702  1 $a Clemmons $b Larry $4 690
702  1 $a Anderson $b Ken $4 690
702  1 $a Butler $b Artie $4 230
702  1 $a Connors $b Carol $4 230
702  1 $a Fain $b Sammy $4 230
801  0 $a FR $b ADAV $c 20070503 $g AFNOR
995    $0 0 $2 0 $4 0 $5 2017-08-24 $9 364591 $b MED $c MED $e MED2A $f C2500004518 $h JCIFED2 $k DVD/PE DA BER $l Contient 1 DVD $o 0 $p 44.00 $r PRETDVD $s DVD_PE_DA_BER $w 49 $y 2023-11-15 $A 0
995    $0 0 $2 0 $4 0 $5 2017-12-28 $9 370484 $V 1 $b BUS $c BUS $e BUS1A $f C2500006169 $h JCIFED2 $k DVDBUS/PE DA BER $o 0 $p 44.00 $r PRETDVD $s DVDBUS_PE_DA_BER $w 17 $y 2022-11-23 $A 0

