02510cam a2200433   4500
001 300613
003 http://www.mediathequederoubaix.fr/ark:/20179/KH300613
010    $a 979-10-276-0248-3 $b br. $d 9,95 EUR
020    $a FR $b 01747815
033    $a http://catalogue.bnf.fr/ark:/12148/cb453066103
035    $a FRBNF453066100000008
073  0 $a 9791027602483
090    $a 300613
091    $b 20211210 $c 1 $a 0
099    $t LI $x 210 $d 2024-05-16 $c 2017-08-30
100    $a 20170705d2017    a  y0frey50      ba
101 0  $a fre
102    $a FR
105    $a ||||t   00|a|
106    $a r
200 1  $a Mortelle Adèle $b Texte imprimé $f Mr Tan $g [dessins de] Diane Le Feyer $h 12 $i À la pêche aux nouilles !
210    $a Paris $c Éditions Tourbillon $d DL 2017 $e 85-Luçon $g Impr. Pollina
215    $a 1 vol. (77 p.) $c ill. en coul. $d 21 cm
225 19 $a Mortelle Adèle $v 12
225    $a Globulle
330    $a Adèle part en vacances avec ses parents et son chat Ajax, au bord de la mer. Elle retrouve les moniteurs de la colonie des Ragondins joyeux qui s'occupent maintenant du centre aéré de la plage et devient rapidement leur cauchemar. ­Electre 2017
339    $a a
410  0 $0 43673588 $t Globulle $x 2269-3653 $d 2017
461  0 $0 43805008 $t Mortelle Adèle $v 12
686    $2 Cadre de classement de la Bibliographie nationale française
700    $3 16602050 $7 ba0yba0y $8 fre    $a Mr Tan $f 1981-.... $4 070 $9 74715
702    $3 15650231 $7 ba0yba0y $8 fre    $a Le Feyer $b Diane $4 440 $9 95795
801  0 $a FR $b FR-751131015 $c 20170705 $g AFNOR $h FRBNF453066100000008 $2 intermrc
995    $0 0 $2 1 $4 0 $5 2017-09-01 $9 364912 $b MED $c MED $e MED0A $f C2500004545 $h JBDZZZZ $k EXT E BD/TAN $n 2021-07-07 $o 0 $p 9.95 $r PRETLIV $s EXT_E_BD_TAN $w 4 $y 2020-08-27
995    $0 0 $2 0 $4 0 $5 2017-09-21 $9 365905 $b MED $c MED $e MED2A $f C2500004945 $h JBDSRZZ $k E BD/SERIES $n 2024-06-21 $o 0 $p 9.95 $r PRETLIV $s E_BD_SERIES $w 76 $y 2024-05-10
995    $0 0 $2 1 $4 0 $5 2020-12-12 $9 419387 $P 9.95 $b MED $c MED $e MED0A $f C3500012243 $h JBDZZZZ $k EXT E BD/TAN $n 2021-10-21 $o 0 $r PRETLIV $s EXT_E_BD_TAN $w 1 $y 2021-09-01
995    $0 0 $2 0 $4 0 $5 2021-01-22 $9 421388 $b MED $c MED $e MED2A $f C2500021238 $h JBDSRZZ $k E BD/SERIES $n 2024-06-27 $o 0 $p 9.95 $r PRETLIV $s E_BD_SERIES $w 45 $y 2024-05-16 $7  $8  $A  $m  $z 
995    $0 0 $2 0 $4 0 $5 2023-05-16 $9 460613 $P 10.95 $b MED $c MED $e MED2A $f C2600008203 $h JBDSRZZ $k E BD/SERIES $n 2024-04-13 $o 0 $p 10.95 $r PRETLIV $s E_BD_SERIES $w 11 $y 2024-03-23
995    $0 0 $2 0 $4 0 $5 2023-07-26 $9 464128 $P 9.95 $b MED $c MED $e MED0A $f C3500018568 $h JBDZZZZ $k EXT E BD/TAN $n 2024-06-25 $o 0 $r PRETLIV $s EXT_E_BD_TAN $w 3 $y 2024-04-27

