02078cam a2200385   4500
001 300726
003 http://www.mediathequederoubaix.fr/ark:/20179/KH300726
010    $a 978-2-8222-2045-3 $b rel. $d 12 EUR
020    $a FR $b 01752884
033    $a http://catalogue.bnf.fr/ark:/12148/cb453139990
035    $a FRBNF453139990000000
073  0 $a 9782822220453
090    $a 300726
091    $b 20230413 $c 1 $a 0
099    $t LI $x 74 $d 2024-04-27 $c 2017-09-05
100    $a 20170718d2017    m  y0frey50      ba
101 0  $a fre
102    $a FR
105    $a ||||t   00|a|
106    $a r
200 1  $a Le journal d'Aurélie Laflamme $b Texte imprimé $f adaptation, Véronique Grisseaux $g illustrations et graphisme, Laëtitia Aynié $g d'après les romans d'India Desjardins $h 4 $i Plein de secrets
210    $a [Bruxelles] $a [Paris] $c Jungle ! $a [Neuilly-sur-Seine] $c Michel Lafon $d 2017 $e 85-Luçon $g Impr. Pollina
215    $a 1 vol. (72 p.) $c ill. en coul. $d 28 cm
225 19 $a Le journal d'Aurélie Laflamme $v 4
225    $a Miss Jungle !
330    $a Aurélie apprivoise plutôt bien sa nouvelle vie mais son entourage choisit ce moment pour agir de façon bizarre : sa mère n'est plus aussi complice, sa meilleure amie Kat devient une extraterrestre devant son ex et son copain lui complique la vie. Elle doit pourtant se concentrer sur son avenir, d'autant plus que ses professeurs lui font comprendre qu'elle n'a pas pris les bonnes décisions. ­Electre 2017
339    $a a
410  0 $0 42402452 $t Miss (Bruxelles) $d 2017
461  0 $t Le journal d'Aurélie Laflamme $v 4
686    $2 Cadre de classement de la Bibliographie nationale française
700    $3 13548328 $9 59333 $a Grisseaux $b Véronique $f 1959-.... $4 070
702    $3 14441696 $9 97962 $a Aynié $b Laëtitia $f 1979-.... $4 440
702    $3 16260058 $9 110978 $a Desjardins $b India $f 1976-.... $4 100
801  0 $a FR $b FR-751131015 $c 20170718 $g AFNOR $h FRBNF453139990000000 $2 intermrc
995    $0 0 $2 0 $4 0 $5 2017-09-05 $9 365106 $b MED $c MED $e MED2A $f C2500004697 $h JBDSRZZ $k E BD/SERIES $n 2024-06-08 $o 0 $p 12.00 $r PRETLIV $s E_BD_SERIES $w 74 $y 2024-04-27

