01317cam a2200361   4500
001 300847
003 http://www.mediathequederoubaix.fr/ark:/20179/KH300847
010    $a 979-10-96454-00-6 $b br. $d 18 EUR
020    $a FR $b 01663139
033    $a http://catalogue.bnf.fr/ark:/12148/cb45073560k
035    $a FRBNF450735600000008
073  0 $a 9791096454006
090    $a 300847
091    $b 20240509 $c 1 $a 2
099    $t LI $x 3 $d 2024-05-09 $c 2017-09-07
100    $a 20160705d2016    m  y0frey50      ba
101 0  $a fre
102    $a FR
105    $a ||||z   00|a|
106    $a r
181  0 $6 01 $a i  $b xxxe  
181    $6 02 $c txt $2 rdacontent
182  0 $6 01 $a n
182    $6 02 $c n $2 rdamedia
200 1  $a Regards noirs $b Texte imprimé $f Émilie Perez-Piron
210    $a Raches $c Audience $d DL 2016 $e 59-Roubaix $g Impr. Sobook
215    $a 1 vol. (257 p.) $d 23 cm
339    $a m
686    $a 803 $2 Cadre de classement de la Bibliographie nationale française
700    $3 16945502 $9 271967 $o ISNI0000000444716588 $a Piron $b Émilie $f 1985-.... $4 070
801  0 $a FR $b FR-751131015 $c 20160705 $g AFNOR $h FRBNF450735600000008 $2 intermrc
999    $a FRBNF450735600000008
995    $0 0 $2 0 $4 0 $5 2017-10-14 $9 366833 $b MED $c MED $e MED3E $f c3200008441 $h PRRRGZZ $k Mag 8/46 628 $o 0 $p 18.00 $r PRETLIV $s MAG_8_460000000000000_628 $w 3 $y 2019-08-06

