02197cam a2200421   4500
001 300967
003 http://www.mediathequederoubaix.fr/ark:/20179/KH300967
010    $a 978-2-0813-9132-1 $b br. $d 18 EUR
020    $a FR $b 01728713
033    $a http://catalogue.bnf.fr/ark:/12148/cb452043965
035    $a FRBNF452043960000004
073  0 $a 9782081391321
090    $a 300967
091    $b 20240509 $c 1 $a 2
099    $t LI $x 4 $d 2024-05-09 $c 2017-09-09
100    $a 20170203d2017    m  y0frey50      ba
101 0  $a fre
102    $a FR
105    $a ||||z   00|y|
106    $a r
181  0 $6 01 $a i  $b xxxe  
181    $6 02 $c txt $2 rdacontent
182  0 $6 01 $a n
182    $6 02 $c n $2 rdamedia
200 1  $a La fin de l'hospitalité $b Texte imprimé $f Fabienne Brugère, Guillaume Le Blanc
210    $a [Paris] $c Flammarion $d DL 2017 $e 61-Lonrai $g Normandie roto impr.
215    $a 1 vol. (238 p.) $c ill. $d 21 cm
330    $a La réflexion des deux philosophes, née de leur visite dans différents camps de réfugiés européens. Ils reviennent ici sur le sens de l'hospitalité qui faisait foi entre l'Antiquité et la période des Lumières et s'interrogent sur la façon dont l'étranger est progressivement devenu un ennemi à repousser, ainsi que sur l'avenir des relations sociales dans ces conditions. ­Electre 2017
339    $a m
606    $3 13318513 $9 24758 $a Réfugiés $3 11965815 $9 504 $x Conditions sociales $3 11934129 $9 2860 $y Pays de l'Union européenne $3 12432924 $9 2858 $z 1990-2020 $2 rameau
606    $3 11973137 $9 86212 $a Admission des étrangers $3 11934129 $9 2860 $y Pays de l'Union européenne $3 12432924 $9 2858 $z 1990-2020 $2 rameau
676    $a 325.21 $v 23
686    $a 320 $2 Cadre de classement de la Bibliographie nationale française
700    $3 13532733 $9 95578 $o ISNI0000000116419701 $a Brugère $b Fabienne $4 070
701    $3 12440197 $9 88895 $o ISNI0000000109107638 $a Le Blanc $b Guillaume $f 1966-.... $4 070
801  0 $a FR $b FR-751131015 $c 20170203 $g AFNOR $h FRBNF452043960000004 $2 intermrc
999    $a FRBNF452043960000004
995    $0 0 $2 0 $4 0 $5 2017-09-13 $9 365639 $P 18.00 $b MED $c MED $e MED3A $f C2400000682 $h ACFSSZZ $k Doc./325.2 BRU $o 0 $p 18.00 $r PRETLIV $s DOC__325_200000000000000_BRU $w 4 $y 2021-05-27

