02163cam a2200421   4500
001 301079
003 http://www.mediathequederoubaix.fr/ark:/20179/KH301079
010    $a 978-2-203-12430-1 $b rel. $d 16 EUR
020    $a FR $b 01768691
033    $a http://catalogue.bnf.fr/ark:/12148/cb453429621
035    $a FRBNF453429620000007
073  0 $a 9782203124301
090    $a 301079
091    $b 20240509 $c 1 $a 2
099    $t LI $x 56 $d 2024-05-09 $c 2017-09-22
100    $a 20170907d2017    m  y0frey50      ba
101 0  $a fre
102    $a BE
105    $a ||||t   00|a|
106    $a r
181  0 $6 01 $a i  $b xxxe   $a b  $b xb2e  
181    $6 02 $c txt $c sti $2 rdacontent
182  0 $6 01 $a n
182    $6 02 $c n $2 rdamedia
200 1  $a Momo $h 2 $b Texte imprimé $f scénario, Jonathan Garnier $g dessin & couleur, Rony Hotin
210    $a [Bruxelles] $a [Paris] $c Casterman $d DL 2017 $e 85-Chasnais $g Impr. Pollina
215    $a 1 vol. (83 p.) $c ill. en coul. $d 31 cm
330    $a Momo vient de perdre sa grand-mère et son père est en mer. Heureusement, les villageois sont là pour elle. Même le bougon de poissonnier veut bien l'accueillir à condition qu'elle garde son secret. Ce dernier adore les chats et en élève toute une colonie. Or, la petite fille aimerait plutôt qu'on lui dise quand rentre son père et où est sa grand-mère. ­Electre 2017
339    $a a
461  0 $0 45343892 $t Momo $v 2
608    $a Bandes dessinées $2 CNLJ $k Avis critique donné par le Centre national de la littérature pour la jeunesse
686    $a 805 $2 Cadre de classement de la Bibliographie nationale française
700    $3 16514253 $9 114568 $o ISNI0000000120903045 $a Garnier $b Jonathan $f 1982-.... $4 070
702    $3 17108281 $9 269452 $o ISNI0000000459970597 $a Hotin $b Rony $4 440
801  0 $a FR $b FR-751131015 $c 20170907 $g AFNOR $h FRBNF453429620000007 $2 intermrc
999    $a FRBNF453429620000007
995    $0 0 $2 0 $4 0 $5 2017-09-23 $9 366044 $b MED $c MED $e MED0A $f C2500004873 $h JBDZZZZ $k EXT E BD/GAR $n 2024-07-13 $o 0 $p 16.00 $r PRETLIV $s EXT_E_BD_GAR $w 9 $y 2023-09-14
995    $0 0 $2 0 $4 0 $5 2017-09-30 $9 366241 $b MED $c MED $e MED2A $f C2500005061 $h JBDZZZZ $k E BD/GAR $o 0 $p 16.00 $r PRETLIV $s E_BD_GAR $w 47 $y 2024-04-20

