01797cam a2200433   4500
001 301210
003 http://www.mediathequederoubaix.fr/ark:/20179/KH301210
010    $a 978-2-35118-333-5 $b br. $d 9 EUR
020    $a FR $b 01737514
033    $a http://catalogue.bnf.fr/ark:/12148/cb45303106r
035    $a FRBNF453031060000004
073  0 $a 9782351183335
090    $a 301210
091    $b 20240509 $c 1 $a 2
099    $t LI $x 2 $d 2024-05-09 $c 2017-09-26
100    $a 20170629d2017    m  y0frey50      ba
101 0  $a fre
102    $a FR
105    $a ||||z   00|y|
106    $a r
181  0 $6 01 $a i  $b xxxe  
181    $6 02 $c txt $2 rdacontent
182  0 $6 01 $a n
182    $6 02 $c n $2 rdamedia
200 1  $a Le bouddhisme tibétain $b Texte imprimé $e origines, histoire, philosophies et écoles $f Serge Zaludkowski
210    $a Paris $c Almora $d DL 2017
215    $a 1 vol. (300 p.) $c ill. $d 18 cm
225    $a Spiritualités pratiques
300    $a Bibliogr., 5 p. Index
330    $a Une introduction au bouddhisme tibétain depuis son origine indienne qui en présente la philosophie et les spiritualités, les maîtres ou les écoles. ­Electre 2017
339    $a m
410  0 $0 43687271 $t Spiritualités pratiques $x 2269-7101 $d 2017
606    $3 11979560 $9 18258 $a Bouddhisme tibétain $3 11934444 $9 494 $x Histoire $2 rameau
676    $a 294.392 309 $v 23
686    $a 290 $2 Cadre de classement de la Bibliographie nationale française
700    $3 16567749 $9 326173 $o ISNI0000000366392433 $a Zaludkowski $b Serge $4 070
801  0 $a FR $b FR-751131015 $c 20170629 $g AFNOR $h FRBNF453031060000004 $2 intermrc
999    $a FRBNF453031060000004
995    $0 0 $2 0 $4 0 $5 2017-10-25 $9 367214 $P 9.00 $b MED $c MED $e MED3A $f C2400000756 $h ACFREZZ $k Doc./260 BOU $o 0 $p 9.00 $r PRETLIV $s DOC__260_000000000000000_BOU $w 2 $y 2018-01-20

