02656njm0a2200481   4500
001 301371
003 http://www.mediathequederoubaix.fr/ark:/20179/KH301371
071 01 $a 9100745 $b Roc Nation
073  0 $a 0857491007458
090    $a 301371
091    $a 2 $b 20240509 $c 0
099    $t DC $x 9 $d 2024-05-09 $c 2017-10-04
100    $a 20170901d2017    u  y0frey5003    ba
101 0  $a eng
127    $a 004700
200 1  $a 4:44 $b [enr. sonore] $f Jay-Z, chant $g James Blake, arr. & chant $g Beyoncé, chant $g Frank Ocean, chant... [et al.]
210    $a New York $c Roc Nation $d 2017
215    $a 1 CD (47 min) $e 1 livret
327 1  $a Kill Jay Z $a The story of O.J. $a Smile $g Gloria Carter $a Caught their eyes $g Frank Ocean $a 4:44 $a Family feud $g Beyoncé $a Bam $a Moonlight $a Marcy me $a Legacy $a Adnis $a Blue's freestyle/We family $a Manyfacedgod $g James Blake
330    $a Le rappeur/entrepreneur qu'on ne présente plus, présente son 13e album dans un "trailer" avec Mahershala Ali (Oscar du second meilleur rôle pour Moonlight) et l'acteur/réalisateur Danny Glover !
334    $a Télérama No.3529 p.67 du 30/08/2017 $b 4/4
334    $a Inrockuptibles No.1128 p.75 du 12/07/2017
339    $a m
345    $a GAM $b 0857491007458 $c disque compact $d 16,91 E
464  1 $a Kill Jay Z $3 http://www.gamannecy.com/polysson/201707/01-0857491007458.mp3
464  1 $a The story of O.J. $3 http://www.gamannecy.com/polysson/201707/02-0857491007458.mp3
464  1 $a Smile $g Gloria Carter $3 http://www.gamannecy.com/polysson/201707/03-0857491007458.mp3
464  1 $a Caught their eyes $g Frank Ocean $3 http://www.gamannecy.com/polysson/201707/04-0857491007458.mp3
464  1 $a 4:44 $3 http://www.gamannecy.com/polysson/201707/05-0857491007458.mp3
679    $a 2 $c 90.2
700  1 $a Jay-Z $f 1969-.... $4 721
702  1 $a Blake $b James $4 230
702  1 $a Beyoncé $f 1981-.... $4 721
702  1 $a Frank Ocean $f 1987-.... $4 721
702  1 $a Carter $b Gloria $4 721
801  0 $a FR $b GAM $c 20170901 $g AFNOR
856 4  $u http://www.gamannecy.com/upload/albums/201707/0857491007458_thumb.jpg
856 4  $u http://www.gamannecy.com/polysson/201707/01-0857491007458.mp3 $z Kill Jay Z
856 4  $u http://www.gamannecy.com/polysson/201707/02-0857491007458.mp3 $z The story of O.J.
856 4  $u http://www.gamannecy.com/polysson/201707/03-0857491007458.mp3 $z Smile
856 4  $u http://www.gamannecy.com/polysson/201707/04-0857491007458.mp3 $z Caught their eyes
856 4  $u http://www.gamannecy.com/polysson/201707/05-0857491007458.mp3 $z 4:44
995    $0 0 $2 0 $4 0 $5 2017-12-22 $9 370180 $b MED $c MED $e MED1A $f C3100004313 $h AMV15ZZ $k DC/2 JAY 90.2 $o 0 $p 16.91 $r PRETSON $s DC_2_JAY_900000000000000_2 $w 9 $y 2023-03-03

