02188cam a2200433   4500
001 301498
003 http://www.mediathequederoubaix.fr/ark:/20179/KH301498
010    $a 978-2-37731-008-1 $b rel. $d 16 EUR
020    $a FR $b 01762428
033    $a http://catalogue.bnf.fr/ark:/12148/cb453451678
035    $a FRBNF453451670000003
073  0 $a 9782377310081
090    $a 301498
091    $b 20240509 $c 1 $a 2
099    $t LI $x 10 $d 2024-05-09 $c 2017-10-06
100    $a 20170911d2017    a  y0frey50      ba
101 0  $a fre
102    $a FR
105    $a ||||z   00|a|
106    $a r
181  0 $6 01 $a i  $b xxxe   $a b  $b xb2e  
181    $6 02 $c txt $c sti $2 rdacontent
182  0 $6 01 $a n
182    $6 02 $c n $2 rdamedia
200 1  $a Jouer aux fantômes $b Texte imprimé $f Didier Lévy, Sonja Bougaeva
210    $a Paris $c Sarbacane $d DL 2017 $e 85-Luçon $g Impr. Pollina
215    $a 1 vol. (non paginé [26] p.) $c ill. en coul. $d 33 cm
225    $a Collection dirigée par Emmanuelle Beulque
330    $a Tous les soirs, un petit garçon dort avec sa maman dans un appartement différent. Après l'école, il l'attend à la bibliothèque pour qu'elle l'emmène vers leur destination nocturne. Femme de ménage, sans domicile, cette maman termine sa tournée par une agence immobilière où elle trouve les clés d'appartements vides. ­Electre 2017
339    $a a
410  0 $0 42506712 $t Collection dirigée par Emmanuelle Beulque $d 2017
608    $a Albums $2 CNLJ $k Avis critique donné par le Centre national de la littérature pour la jeunesse
686    $a 809 $2 Cadre de classement de la Bibliographie nationale française
700    $3 12487791 $9 44645 $o ISNI0000000121328732 $a Lévy $b Didier $f 1964-.... $4 070
701    $3 15516013 $9 101613 $o ISNI0000000109998397 $a Bougaeva $b Sonja $f 1975-.... $4 070
801  0 $a FR $b FR-751131015 $c 20170911 $g AFNOR $h FRBNF453451670000003 $2 intermrc
999    $a FRBNF453451670000003
995    $0 0 $2 0 $4 0 $5 2017-10-27 $9 367311 $b MED $c MED $e MED2A $f C2500005296 $h JABEFAE $k E A/BOU $o 0 $p 16.00 $r PRETLIV $s E_ABOU $w 6 $y 2022-06-28
995    $0 0 $2 0 $4 0 $5 2017-11-17 $9 368056 $b MED $c MED $e MED0A $f C2500005768 $h JABEFAE $k EXT E A/LEV $o 0 $p 16.00 $r PRETLIV $s EXT_E_A_LEV $w 4 $y 2021-12-18

