02128cam a2200457   4500
001 301615
003 http://www.mediathequederoubaix.fr/ark:/20179/KH301615
010    $a 978-2-02-137017-1 $b br. $d 20 EUR
020    $a FR $b 01769847
033    $a http://catalogue.bnf.fr/ark:/12148/cb45361976w
035    $a FRBNF453619760000005
073  0 $a 9782021370171
090    $a 301615
091    $b 20240509 $c 1 $a 2
099    $t LI $x 2 $d 2024-05-09 $c 2017-10-12
100    $a 20171004d2017    m  y0frey50      ba
101 0  $a fre
102    $a FR
105    $a ||||z   00|y|
106    $a r
181  0 $6 01 $a i  $b xxxe  
181    $6 02 $c txt $2 rdacontent
182  0 $6 01 $a n
182    $6 02 $c n $2 rdamedia
200 1  $a À la recherche du sauvage idéal $b Texte imprimé $f François-Xavier Fauvelle
210    $a Paris $c Éditions du Seuil $d DL 2017 $e 61-Lonrai $g Normandie roto impr.
215    $a 1 vol. (219 p.) $c ill. $d 21 cm
225    $a L'univers historique
300    $a Bibliogr. p. 201-216. Index
330    $a L'histoire d'un peuple oublié, les Khoekhoe, en Afrique du Sud, leur rencontre avec les Occidentaux, leur mode de vie, leur culture. Inadaptés au monde qui se construit à leurs dépens, ces hommes et ces femmes deviennent la caricature d'un peuple meurtri, ce dont témoignera l'histoire de la "Vénus hottentote". Le livre suit les traces de leur disparition. ­Electre 2017
339    $a m
410  0 $0 34225822 $t L'Univers historique $x 0083-3673 $d 2017
600    $3 13756405 $9 278426 $a Baartman $b Sarah $f 1789-1815 $2 rameau
606    $3 12068264 $9 278427 $a Khoi-Khoi (peuple d'Afrique) $2 rameau
676    $a 305.896 1 $v 23
676    $a 968 $v 23
686    $a 300 $2 Cadre de classement de la Bibliographie nationale française
700    $3 12543081 $9 113097 $o ISNI0000000079845399 $a Fauvelle-Aymar $b François-Xavier $f 1968-.... $4 070
801  0 $a FR $b FR-751131015 $c 20171004 $g AFNOR $h FRBNF453619760000005 $2 intermrc
999    $a FRBNF453619760000005
995    $0 0 $2 0 $4 0 $5 2017-10-17 $9 366864 $P 20.00 $b MED $c MED $e MED3A $f C2400000723 $h ACFHSZZ $k Doc./968 SUD $o 0 $p 20.00 $r PRETLIV $s DOC___968_000000000000000_SUD $w 2 $y 2022-08-24

