01581cam a2200385   4500
001 301731
010    $a 978-2-278-08569-9 $b br. $d 13,50 EUR
020    $a FR $b 01772117
033    $a http://catalogue.bnf.fr/ark:/12148/cb453677445
035    $a FRBNF453677440000008
039    $o OPP $a 45346535 $d 20171213
073  0 $a 9782278085699
090    $a 301731
091    $b 20240509 $c 1 $a 2
099    $t LI $x 6 $d 2024-05-16 $c 2017-10-17
100    $a 20171011d2017    a  y0frey50      ba
101 0  $a fre
102    $a FR
105    $a ||||z   00|a|
106    $a r
181  0 $6 01 $a i  $b xxxe  
181    $6 02 $c txt $2 rdacontent
182  0 $6 01 $a n
182    $6 02 $c n $2 rdamedia
200 1  $a La loi du Phajaan $b Texte imprimé $f Jean-François Chabas
210    $a Paris $c Didier jeunesse $d cop. 2017 $e 61-Alençon $g Normandie roto impr.
215    $a 1 vol. (116 p.) $d 22 cm
330    $a Kiet se souvient des circonstances, alors qu'il était enfant, qui lui ont permis de rencontrer Sura, son ami éléphant. ­Electre 2017
339    $a a
608    $a Romans $2 CNLJ $k Avis critique donné par le Centre national de la littérature pour la jeunesse
686    $a 809 $2 Cadre de classement de la Bibliographie nationale française
700    $3 12526016 $9 333418 $o ISNI0000000121388567 $a Chabas $b Jean-François $f 1967-.... $4 070
801  0 $a FR $b FR-751131015 $c 20171011 $g AFNOR $h FRBNF453677440000008 $2 intermrc
999    $a FRBNF453677440000008
995    $0 0 $2 0 $3 0 $4 0 $5 2017-10-27 $9 367396 $b MED $c MED $e MED2A $f C2500005406 $h JROROZZ $k E R/CHA $n 2024-06-06 $o 0 $p 13.50 $r PRETLIV $s E_RCHA $w 6 $y 2024-05-16 $A 0

