01069nam a2200229   4500
001 301838
003 http://www.mediathequederoubaix.fr/ark:/20179/KH301838
090    $a 301838
091    $a 0
099    $t LI $d 2022-09-11
100    $a 20171026d1911    m||y0frey50      ba
101    $a fre
200    $a Etablissement végétarien Natura Vigor $e spécialités hygiéniques et végétariennes, aliments pour régimes, aliments énergétiques... etc. $f Natura Vigor
210    $a Paris $c Natura Vigor $d ca 1911] $e St Etienne $g Imp. Bonabaud
215    $a 164 p. $c ill., couv. ill. $d 25 cm
300    $a Contient aussi un bulletin de commande de 4 pages sur papier bleu
320    $a Index
606    $9 254686 $a Vente par correspondance $x Ouvrages illustrés $y France $y Paris (France)
606    $7 ba0yba0y $8 fre    $a Végétarisme $x Ouvrages illustrés $9 106860
710    $9 301708 $a Natura Vigor $c Paris
801    $a FR $b 595126101 $c 20171026 $g AFNOR
995    $0 0 $2 0 $4 0 $5 2017-10-26 $9 367245 $b MED $c MED $e MED3M $f C0005944880 $h PPEFGZZ $k BR 8/3098 $o 2 $p 120.00 $r PRETLIV $s BR_8_309800000000000 $w 0 $y 2017-10-26

