01954cam a2200445   4500
001 301962
003 http://www.mediathequederoubaix.fr/ark:/20179/KH301962
010    $a 978-2-13-079551-3 $b br. $d 21 EUR
020    $a FR $b 01800878
033    $a http://catalogue.bnf.fr/ark:/12148/cb45392744k
035    $a FRBNF453927440000006
073  0 $a 9782130795513
090    $a 301962
091    $b 20240509 $c 1 $a 2
099    $t LI $x 8 $d 2024-05-09 $c 2017-10-28
100    $a 20171117d2017    m  y0frey50      ba
101 0  $a fre
102    $a FR
105    $a ||||z   00|y|
106    $a r
181  0 $6 01 $a i  $b xxxe  
181    $6 02 $c txt $2 rdacontent
182  0 $6 01 $a n
182    $6 02 $c n $2 rdamedia
200 1  $a Décider à plusieurs $b Texte imprimé $f Christian Thuderoz
210    $a Paris $c PUF $d DL 2017
214  0 $a Paris $c PUF $d DL 2017
214  3 $a 12-Millau $c Impr. Maury
215    $a 1 vol. (414 p.) $d 19 cm
330    $a La prise de décision au sein d'un groupe est un problème récurrent dans la vie quotidienne, en entreprise ou encore en politique. Après une étude des mécanismes et des obstacles, l'analyse se porte sur les parades qui consistent à privilégier l'intelligence collective plutôt que la pensée unique. ­Electre 2017
339    $a m
606    $3 12440910 $9 272527 $a Décision de groupe $2 rameau
606    $3 12005906 $9 102247 $a Animation de groupes $2 rameau
606    $3 12093711 $9 277557 $a Systèmes d'aide à la décision $2 rameau
676    $a 658.403 6 $v 23
686    $a 650 $2 Cadre de classement de la Bibliographie nationale française
700    $3 12119725 $9 30487 $o ISNI0000000115195558 $a Thuderoz $b Christian $4 070
801  0 $a FR $b FR-751131015 $c 20171117 $g AFNOR $h FRBNF453927440000006 $2 intermrc
999    $a FRBNF453927440000006
995    $0 0 $2 0 $4 0 $5 2017-11-09 $9 367770 $P 21.00 $b MED $c MED $e MED3A $f C2400000780 $h ACFSSZZ $k Doc./301.1 SOC $n 2024-05-23 $o 0 $p 21.00 $r PRETLIV $s DOC___301_100000000000000_SOC $w 8 $y 2024-04-11

