00768nam a2200205   4500
001 302080
003 http://www.mediathequederoubaix.fr/ark:/20179/KH302080
090    $a 302080
091    $a 0
099    $t LI
100    $a 20171108d1861    u||y0frey50      ba
101    $a dut
200    $a Het Vlaemsch in de Kamer Der Volksvertegenwoordigers $e zittingen van 3.en en 4.en december 1861
210    $a Gent $c E. Vanderhaeghen $d [1861]
215    $a 127 p. $d 19 cm
300    $a Cachet de la Bibliothèque de la ville de Roubaix
300    $a Inventaire ENSAIT n° A 2528
317    $a Collection ENSAIT
801    $a FR $b 595126101 $c 20171108 $g AFNOR
995    $0 0 $2 0 $4 0 $5 2017-11-08 $9 367726 $b MED $c MED $e MED3M $f c0005944569 $h PPEFGZZ $k BR 8/3106 $o 2 $r PRETLIV $s BR_8_310600000000000 $w 0 $y 2017-11-08

