02082cam a2200445   4500
001 302202
003 http://www.mediathequederoubaix.fr/ark:/20179/KH302202
010    $a 978-2-36429-105-8 $b br. $d 16,90 EUR
020    $a FR $b 01769855
033    $a http://catalogue.bnf.fr/ark:/12148/cb45373624h
035    $a FRBNF453736240000005
073  0 $a 9782364291058
090    $a 302202
091    $b 20240509 $c 1 $a 2
099    $t LI $x 7 $d 2024-05-09 $c 2017-11-16
100    $a 20171019d2017    m  y0frey50      ba
101 0  $a fre
102    $a FR
105    $a ||||z   00|y|
106    $a r
181  0 $6 01 $a i  $b xxxe  
181    $6 02 $c txt $2 rdacontent
182  0 $6 01 $a n
182    $6 02 $c n $2 rdamedia
200 1  $a L'explosion de la violence $b Texte imprimé $e quand les individus pètent les plombs $f Olivier Labouret
210    $a Gap $c Éditions Yves Michel $d DL 2017 $e 13-Gémenos $g Impr. Groupe Horizon
215    $a 1 vol. (269 p.) $d 22 cm
225    $a Société civile
330    $a Un essai qui met en cause le système socio-économique et les pressions qu'il ferait subir aux individus, ces dernières étant présentées comme les déclencheurs d'actes de violence individuels. Sont pointés du doigt notamment les médias, la tendance à la psychiatrisation à outrance et les institutions sécuritaires. ­Electre 2017
339    $a m
410  0 $0 41069643 $t Société civile (Gap) $x 1957-9209 $d 2017
606    $3 11942040 $9 7206 $a Psychiatrie $3 11931476 $9 109 $y France $2 rameau
606    $3 16989979 $9 278445 $a Violence institutionnelle $2 rameau
606    $3 11960538 $9 72473 $a Violence $x Sociologie $2 rameau
676    $a 303.6 $v 23
686    $a 300 $2 Cadre de classement de la Bibliographie nationale française
700    $3 15966559 $9 272645 $o ISNI0000000058891839 $a Labouret $b Olivier $4 070
801  0 $a FR $b FR-751131015 $c 20171019 $g AFNOR $h FRBNF453736240000005 $2 intermrc
999    $a FRBNF453736240000005
995    $0 0 $2 0 $4 0 $5 2017-11-30 $9 368733 $P 16.90 $b MED $c MED $e MED3A $f C2400000848 $h ACFSSZZ $k Doc./303.3 VIO $o 0 $p 16.90 $r PRETLIV $s DOC___303_300000000000000_VIO $w 7 $y 2024-01-20

