02009cam a2200409   4500
001 302326
003 http://www.mediathequederoubaix.fr/ark:/20179/KH302326
010    $a 978-2-35204-624-0 $b rel. $d 17 EUR
020    $a FR $b 01768839
033    $a http://catalogue.bnf.fr/ark:/12148/cb45360664t
035    $a FRBNF453606640000003
073  0 $a 9782352046240
090    $a 302326
091    $b 20240509 $c 1 $a 2
099    $t LI $x 28 $d 2024-05-09 $c 2017-11-21
100    $a 20171002d2017    a  y0frey50      ba
101 0  $a fre
102    $a FR
105    $a ||||z   00|a|
106    $a r
181  0 $6 01 $a i  $b xxxe   $a b  $b xb2e  
181    $6 02 $c txt $c sti $2 rdacontent
182  0 $6 01 $a n
182    $6 02 $c n $2 rdamedia
200 1  $a Brune et Rose, absolument insupportables ! $b Texte imprimé $f un texte de Mijo Beccaria $g illustré par Nicole Claveloux
210    $a Paris $c les Arènes $d DL 2017
215    $a 1 vol. (non paginé [44] p.) $c ill. en coul. $d 23 x 25 cm
330    $a Brune et Rose sont deux princesses désobéissantes, insolentes et intrépides. Un jour, elles décident de quitter secrètement le château pour découvrir le monde extérieur et vivre des aventures qui les font grandir. ­Electre 2017
339    $a a
608    $a Albums $2 CNLJ $k Avis critique donné par le Centre national de la littérature pour la jeunesse
686    $a 809 $2 Cadre de classement de la Bibliographie nationale française
700    $3 12752685 $9 272666 $o ISNI0000000066526612 $a Beccaria $b Marie-Josèphe $f 1933-.... $4 070
702    $3 11896988 $9 8 $o ISNI000000012142103X $a Claveloux $b Nicole $f 1940-.... $4 440
801  0 $a FR $b FR-751131015 $c 20171002 $g AFNOR $h FRBNF453606640000003 $2 intermrc
999    $a FRBNF453606640000003
995    $0 0 $2 0 $4 0 $5 2017-11-30 $9 368688 $b MED $c MED $e MED2A $f C2500005945 $h JABEFAE $k E A/CLA $o 0 $p 17.00 $r PRETLIV $s E_A_CLA $w 23 $y 2024-03-27 $A 0
995    $0 0 $2 0 $4 0 $5 2018-01-16 $9 371342 $b MED $c MED $e MED0A $f C2500006937 $h JABEFAE $k EXT E A/BEC $n 2024-07-11 $o 0 $p 17.00 $r PRETLIV $s EXT_E_A_BEC $w 5 $y 2023-09-26 $A 0

