02079cam a2200421   4500
001 302433
003 http://www.mediathequederoubaix.fr/ark:/20179/KH302433
010    $a 978-2-203-12208-6 $b rel. $d 16 EUR
020    $a FR $b 01768772
033    $a http://catalogue.bnf.fr/ark:/12148/cb45395081k
035    $a FRBNF453950810000005
073  0 $a 9782203122086
090    $a 302433
091    $b 20240509 $c 1 $a 2
099    $t LI $x 33 $d 2024-05-09 $c 2017-11-23
100    $a 20171121d2017    m  y0frey50      ba
101 1  $a fre $c spa
102    $a FR
105    $a ||||t   00|a|
106    $a r
181  0 $6 01 $a i  $b xxxe   $a b  $b xb2e  
181    $6 02 $c txt $c sti $2 rdacontent
182  0 $6 01 $a n
182    $6 02 $c n $2 rdamedia
200 1  $a Equatoria $b Texte imprimé $f dessin et couleurs, Rubén Pellejero $g scénario, Juan Díaz Canales $g traduction de l'espagnol, Anne Marie Ruiz $g d'après Hugo Pratt
210    $a [Paris] $c Casterman $d DL 2017 $e 85-Luçon $g Impr. Pollina
215    $a 1 vol. (76 p.) $c ill. en coul. $d 31 cm
225 19 $a Corto Maltese $v 14
330    $a En 1911 Corto Maltese quitte Venise pour Alexandrie où il espère trouver le mythique miroir du prêtre Jean. En route il fait la connaissance de la belle Ferida Schnitzer, fille d'un célèbre explorateur allemand, et à son arrivée sauve Winston Churchill d'un attentat nationaliste. Bientôt Corto embarque avec Henry de Monfreid pour Zanzibar. ­Electre 2017
339    $a m
461  0 $6 64982 $t Corto Maltese $v 14
686    $a 805 $2 Cadre de classement de la Bibliographie nationale française
700    $3 12077146 $9 272697 $o ISNI0000000078233059 $a Pellejero $b Rubén $f 1952-.... $4 440
702    $3 13575453 $9 77408 $o ISNI0000000079803674 $a Díaz Canales $b Juan $f 1972-.... $4 070
702    $3 11920562 $9 7429 $o ISNI0000000121426092 $a Pratt $b Hugo $f 1927-1995 $4 100
801  0 $a FR $b FR-751131015 $c 20171121 $g AFNOR $h FRBNF453950810000005 $2 intermrc
999    $a FRBNF453950810000005
995    $0 0 $2 0 $4 0 $5 2017-11-28 $9 368568 $b MED $c MED $e MED0C $f C2200006627 $h AAPBDSR $k BD/SERIES $o 0 $p 16.00 $r PRETLIV $s BD_SERIES $w 33 $y 2024-05-10

