06362njm0a2201009   4500
001 302561
003 http://www.mediathequederoubaix.fr/ark:/20179/KH302561
071 01 $a SOUL032CD $b History of Soul Records
073  0 $a 5060331751090
090    $a 302561
091    $a 2 $b 20240509 $c 0
099    $t DC $x 21 $d 2024-05-09 $c 2017-11-25
100    $a 20171121d2017    u  y0frey5003    ba
101 0  $a eng
127    $a 010800 $a 010900
200 1  $a Chicago soul, vol. 2 $e 1962-1965 $b [enr. sonore] $f Jamo Thomas, chant $f Jesse Fortune, chant $f Moss Tolbert, chant... [et al.]
210    $a [S.l.] $c History of Soul Records $d 2017
215    $a 2 CD (68, 69 min) $e 1 livret
327 1  $a Stop the baby $f Jamo Thomas $a My side of the track $f Tim $a Found true love $f Billy Butler & the Enchanters $a It's my time $f Drew-Vels (The) $a Bottomless pit $f Chuck $g Daylighters (The) $a No good guy $f Doris Smith $a Let her love me $f Otis Leaville $a Sling shot $f Jackey Beavers $a How much longer $f Geraldine Taylor $a Going or coming $f Ricky Allen $a Come back baby $f Amazers (The) $a It's too late $f Jerry Butler $a Money in my pocket $f Moss Tolbert $a If you really love me $f Sandra Stephens $a Heartbreak society $f Radiants (The) $a This is goodbye $f Ringleaders (The) $a Peace of mind $f Vontastics (The) $a Just being careful $f Baby Huey $g Baby Sitters (The) $a You better think again $f Accents (The) $a New York city $f Harvey $g 7 Sounds $a I'm on the prowl $f Roberta $a Rainbow $f Gene Chandler $a You'll never get away $f Wales Wallace $a Wait $f Jeanette Nellis $a Hamburger on a bun $f Vibrations (The) $a Minstrel and queen $f Impressions (The) $a Treat her nice $f Natalie & Gifts $g Henry Ford $a Little echo $f Gerald Sims $a Monkey man $f Baby Huey $g Baby Sitters (The) $a Jack-a-rue $f Jackey Beaver $a Who you gonna love $f Accents (The) $a Hey Bobby $f Bobby Starr $a Let's go get stoned $f Chuck Bernard $a The blues don't like nobody $f Tony Adams $a Love me baby $f Al Perkins $a Loving you $f Sheppards (The) $a Nobody but me $f Sam Chatmon $g Sparks $a Wishing $f Ruby Stackhouse $a Seven day fool $f Etta James $a Too many cooks $f Jesse Fortune $a Shook up over you $f Dee Clark $a Lenora $f Vondells (The) $a Easy lovin' $f Wade Flemons $a Hey ! Little girl $f Edward St Ann $a Glamour girl $f Harvey $g 7 Sounds $a Little young lover $f Impressions (The) $a Open your heart $f Sugar Pie DeSanto $a Forgive me $f Gene Chandler $a If I only had you $f Radiants (The) $a Stay with me $f Kavetts (The) $a Since I fell for you $f Vibrations (The) $a True love is a treasure $f Versalettes (The) $a Baby, let me love you $f Donnie Elbert
330    $a Sur le label History of Soul, cette compilation présente 53 pépites de Chicago soul, couvrant les années 1962 à 1965, à travers les productions des petits labels (Conlo, Blue Rock, Ja-Wes) qui ont fait l'histoire de la musique soul de Chicago.
339    $a m
345    $a GAM $b 5060331751090 $c disque compact $d 16,70 E
464  1 $a Stop the baby $f Jamo Thomas $3 http://www.gamannecy.com/polysson/201711/01-5060331751090.mp3
464  1 $a My side of the track $f Tim $3 http://www.gamannecy.com/polysson/201711/02-5060331751090.mp3
464  1 $a Found true love $f Billy Butler & the Enchanters $3 http://www.gamannecy.com/polysson/201711/03-5060331751090.mp3
464  1 $a It's my time $f Drew-Vels (The) $3 http://www.gamannecy.com/polysson/201711/04-5060331751090.mp3
464  1 $a Bottomless pit $f Chuck $g Daylighters (The) $3 http://www.gamannecy.com/polysson/201711/05-5060331751090.mp3
679    $a 180
700  1 $a Thomas $b Jamo $4 721
701  1 $a Fortune $b Jesse $4 721
701  1 $a Tolbert $b Moss $4 721
701  1 $a Ford $b Henry $4 721
701  1 $a Nellis $b Jeanette $4 721
701  1 $a Wallace $b Wales $4 721
701  1 $a Chandler $b Gene $f 1937-.... $4 721
701  1 $a St Ann $b Edward $4 721
701  1 $a Elbert $b Donnie $4 721
701  1 $a Clark $b Dee $f 1938-1990 $4 721
701  1 $a Stephens $b Sandra $4 721
701  1 $a James $b Etta $f 1938-2012 $4 721
701  1 $a Allen $b Ricky $4 721
701  1 $a Taylor $b Geraldine $4 721
701  1 $a Beavers $b Jackey $4 230
701  1 $a Leaville $b Otis $4 721
701  1 $a Smith $b Doris $4 721
701  1 $a Chuck $4 721
701  1 $a Tim $4 721
701  1 $a Flemons $b Wade $4 721
701  1 $a Beaver $b Jackey $4 721
701  1 $a DeSanto $b Sugar Pie $f 1935-.... $4 721
701  1 $a Stackhouse $b Ruby $4 721
701  1 $a Chatmon $b Sam $f 1897-1983 $4 230
701  1 $a Perkins $b Al $4 721
701  1 $a Adams $b Tony $4 721
701  1 $a Chuck Bernard $4 721
701  1 $a Butler $b Jerry $f 1939-.... $4 721
701  1 $a Starr $b Bobby $4 721
701  1 $a Baby Huey $f 1944-1970 $4 721
701  1 $a Sims $b Gerald $4 721
701  1 $a Harvey $4 721
701  1 $a Roberta $4 721
711 02 $a Sheppards (The) $4 545 $4 ens. voc. & instr.
711 02 $a Versalettes (The) $4 545 $4 ens. voc. & instr.
711 02 $a Billy Butler & the Enchanters $4 545 $4 ens. voc. & instr.
711 02 $a Drew-Vels (The) $4 545 $4 ens. voc. & instr.
711 02 $a Daylighters (The) $4 545 $4 ens. voc. & instr.
711 02 $a Kavetts (The) $4 545 $4 ens. voc. & instr.
711 02 $a Vontastics (The) $4 545 $4 ens. voc. & instr.
711 02 $a Ringleaders (The) $4 545 $4 ens. voc. & instr.
711 02 $a Vondells (The) $4 545 $4 ens. voc. & instr.
711 02 $a Radiants (The) $4 545 $4 ens. voc. & instr.
711 02 $a Baby Sitters (The) $4 545 $4 ens. voc. & instr.
711 02 $a Accents (The) $4 545 $4 ens. voc. & instr.
711 02 $a Amazers (The) $4 545 $4 ens. voc. & instr.
711 02 $a 7 Sounds $4 545 $4 ens. voc. & instr.
711 02 $a Impressions (The) $4 545 $4 ens. voc. & instr.
711 02 $a Vibrations (The) $4 545 $4 ens. voc. & instr.
711 02 $a Natalie & Gifts $4 545 $4 ens. voc. & instr.
711 02 $a Sparks $4 545 $4 ens. voc. & instr.
801  0 $a FR $b GAM $c 20171121 $g AFNOR
856 4  $u http://www.gamannecy.com/upload/albums/201710/5060331751090_thumb.jpg
856 4  $u http://www.gamannecy.com/polysson/201711/01-5060331751090.mp3 $z Stop the baby
856 4  $u http://www.gamannecy.com/polysson/201711/02-5060331751090.mp3 $z My side of the track
856 4  $u http://www.gamannecy.com/polysson/201711/03-5060331751090.mp3 $z Found true love
856 4  $u http://www.gamannecy.com/polysson/201711/04-5060331751090.mp3 $z It's my time
856 4  $u http://www.gamannecy.com/polysson/201711/05-5060331751090.mp3 $z Bottomless pit
995    $0 0 $2 0 $4 0 $5 2017-11-29 $9 368668 $b MED $c MED $e MED1A $f C3100004353 $h AMV14ZZ $k DC/180 A $l contient 2 DC $n 2024-05-03 $o 0 $p 16.70 $r PRETSON $s DC_180_000000000000000_A $w 21 $y 2024-04-12

