02409cmm a2200553   4500
001 302673
003 http://www.mediathequederoubaix.fr/ark:/20179/KH302673
010    $a 978-2-01-910447-4 $d 10,90 EUR
020    $a FR $b 71801432
033    $a http://catalogue.bnf.fr/ark:/12148/cb45160850b
035    $a FRBNF451608500000003
073  0 $a 9782019104474
090    $a 302673
091    $b 20240509 $c 1 $a 2
099    $t LI $x 58 $d 2024-05-09 $c 2017-11-28
100    $a 20161118d2016    ue y0frey50      ba
101 0  $a fre $a eng
102    $a FR
105    $a a   j   000y|
106    $a r
126    $a aguxhxx||||||ud $b bex
181  0 $6 01 $a i  $b xxxe   $a b  $b xb2e  
181    $6 02 $c txt $c sti $2 rdacontent
181  0 $6 03 $a h  $b xxxa  
181    $6 04 $c spw $2 rdacontent
182  0 $6 01 $a n
182    $6 02 $c n $2 rdamedia
182  0 $6 03 $a a
182    $6 04 $c s $2 rdamedia
200 1  $a Objectif collège $b Multimédia multisupport $e tout l'anglais oral et écrit $e 6e et 5e $f Daniel Guimberteau,... $g [illustrations, Princess H.]
210    $a [Paris] $c Hachette éducation $d DL 2016
214  0 $a [Paris] $c Hachette éducation $d DL 2016
215    $a 1 vol. (96 p.) $c ill. en coul. $d 29 cm
215    $a 1 disque compact (1 h 18 min)
300    $a 11-13 ans
300    $a Lexiques anglais-français, français-anglais
330    $a Tout le programme d'anglais en vingt leçons, avec pour chacune : une bande dessinée sur des scènes de la vie courante, du vocabulaire et des expressions à retenir, un rappel de grammaire illustré d'exemples, des exercices et leurs corrigés. Le CD audio reprend le vocabulaire et les rappels de grammaire. ­Electre 2017
339    $a a
503 1  $a Méthode de langue (anglais)
608    $a enregistrement parlé $2 frTAV
608    $a édition commerciale $2 frTAV
608    $a enseignement scolaire secondaire $2 frTAV
608    $a méthode de langue $2 frTAV
686    $a 405 $2 Cadre de classement de la Bibliographie nationale française
702    $3 16182064 $9 116268 $o ISNI0000000077214921 $a Guimberteau $b Daniel $4 070
702    $3 13749275 $9 71156 $o ISNI0000000054889221 $a Princess H. $f 1960-.... $4 440
801  0 $a FR $b FR-751131015 $c 20161118 $g AFNOR $h FRBNF451608500000003 $2 intermrc
999    $a FRBNF451608500000003
995    $0 0 $2 0 $4 0 $5 2017-12-26 $9 370286 $b MED $c MED $e MED2A $f C2500005879 $h JABLADT $k E ANG  ABC $o 0 $p 10.90 $r PRETLIV $s E_ANG_ABC $w 43 $y 2024-05-18 $A 0

