03325cam a2200505   4500
001 302921
003 http://www.mediathequederoubaix.fr/ark:/20179/KH302921
010    $a 978-2-410-00921-7 $b rel. $d 17,90 EUR
020    $a FR $b 01757790
033    $a http://catalogue.bnf.fr/ark:/12148/cb45295894z
035    $a FRBNF452958940000004
073  0 $a 9782410009217
090    $a 302921
091    $b 20240509 $c 1 $a 2
099    $t LI $x 4 $d 2024-05-09 $c 2017-12-06
100    $a 20170620d2017    a  y0frey50      ba
101 0  $a fre
102    $a FR
105    $a ||||z   00|y|
106    $a r
181  0 $6 01 $a i  $b xxxe   $a b  $b xb2e  
181    $6 02 $c txt $c sti $2 rdacontent
182  0 $6 01 $a n
182    $6 02 $c n $2 rdamedia
200 1  $a Le livre aux oiseaux $b Texte imprimé $f Nathalie Tordjman, Judith Gueyfier & Julien Norwood
210    $a Paris $c Belin jeunesse $d DL 2017 $e 85-Luçon $g Impr. Pollina
215    $a 1 vol. (77 p.) $c ill. en coul. $d 26 cm
300    $a Index
321    $a La Revue des livres pour enfants. Sélection annuelle $c 297
329    $a Nathalie Tordjman, accompagnée ici par deux illustrateurs, se propose de répondre à cinq questions d'ordre ornithologique. Qu'est-ce qu'un oiseau ? Comment se déplacent les oiseaux ? Que mangent les oiseaux ? Comment naissent les poussins ? Où vivent les oiseaux ? En tout, 130 espèces de nos latitudes sont présentées dans ce bel ouvrage documentaire. Les différents focus, expériences ou mini-quiz proposés donnent un vrai dynamisme à l'ensemble. En fin d'ouvrage, il est possible de scanner un QR code pour écouter le chant de vingt oiseaux. $d 20171101 $2 CNLJ $k Avis critique donné par le Centre national de la littérature pour la jeunesse
330    $a Une description des oiseaux en cinq chapitres : ce qu'est un oiseau, comment ils se déplacent, ce qu'ils mangent, comment ils naissent et où ils vivent.  Avec des doubles pages thématiques, des planches pour découvrir ces animaux dans leur milieu naturel, des jeux, des conseils et des activités pour devenir un ornithologue passionné et un accès numérique par flashcode à des chants d'oiseaux. ­Electre 2017
333    $a À partir de 9 ans $2 CNLJ $k Avis critique donné par le Centre national de la littérature pour la jeunesse
339    $a a
606    $3 11932889 $9 26713 $7 ba0yba0y $8 fre    $a Oiseaux $3 12042408 $9 314947 $x Ouvrages pour la jeunesse $2 rameau $9 26713
606    $3 11932889 $9 26713 $a Oiseaux $2 rameau
608    $3 12042408 $9 314947 $a Ouvrages pour la jeunesse $2 rameau
608    $a Documentaires : sciences et techniques $2 CNLJ $k Avis critique donné par le Centre national de la littérature pour la jeunesse
676    $a 598.083 $v 23
686    $a 590 $2 Cadre de classement de la Bibliographie nationale française
700    $3 12057012 $9 46673 $o ISNI0000000121393999 $a Tordjman $b Nathalie $f 1956-.... $4 070
702    $3 14608947 $9 47342 $o ISNI0000000109602612 $a Norwood $b Julien $f 1980-.... $4 440
702    $3 14622430 $9 84550 $o ISNI0000000110295568 $a Gueyfier $b Judith $f 1981-.... $4 440
801  0 $a FR $b FR-751131015 $c 20170620 $g AFNOR $h FRBNF452958940000004 $2 intermrc
999    $a FRBNF452958940000004
995    $0 0 $2 0 $4 0 $5 2017-12-06 $9 369097 $b MED $c MED $e MED0A $f C2500006050 $h JDT50ZZ $k EXT E/598 ABC $n 2024-07-11 $o 0 $p 17.90 $r PRETLIV $s EXT_E_598_000000000000000_ABC $w 4 $y 2023-09-02 $A 0

