01511ngm0a2200301   4500
001 303029
003 http://www.mediathequederoubaix.fr/ark:/20179/KH303029
090    $a 303029
100    $a 20170929d        m  y0frey5003    ba
101 0  $a fre
102    $a FR
115    $a c056baizxbx||||bkxx|
200 1  $a Voyage en Occident $b DVD $f Jill Coulon, réal. $g Jill Coulon, scénario
210    $a Lussas $c Andana Films $d 2017
215    $a 1 DVD 2 couches sur une simple face (56 mn) $c coul., (PAL), Son. (Dolby Digital 5.1; finnois)
300    $a Langues principales : français; 
300    $a Droit de prêt et consultation
300    $a Futurikon, Planète +, cop. 2015
300    $a *
330    $a Voyage dans un bus de touristes chinois qui visitent, pour la première fois et au pas de course, six pays d'Europe en dix jours. Jeu de miroirs et de contrastes entre deux civilisations, ce road-movie déconstruit avec humour, poésie et intelligence les stéréotypes sur la classe moyenne émergente chinoise et met à nu les images que se font les Chinois de nous, les Européens et Occidentaux.
345    $d 49.80 EUR
700  1 $a Coulon $b Jill $4 300 $4 690
801  0 $a FR $b ADAV $c 20170929 $g AFNOR
856    $u http://www.adav-assoc.com/4DACTION/GetImage/240792
099    $t VD $x 5 $d 2024-05-09 $c 2017-12-06
339    $a m
091    $a 1 $b 20240509 $c 0
995    $0 0 $2 0 $4 0 $5 2017-12-21 $9 370149 $b MED $c MED $e MED1A $f C1400002706 $h AAPPLGO $k DVD/900.9 ABC $o 0 $p 34.00 $r PRETDVD $s DVD_900_900000000000000_ABC $w 5 $y 2021-07-10

