02710cam a2200421   4500
001 303175
003 http://www.mediathequederoubaix.fr/ark:/20179/KH303175
010    $a 978-2-280-36541-3 $b br. $d 7,50 EUR
020    $a FR $b 01744954
033    $a http://catalogue.bnf.fr/ark:/12148/cb45293186x
035    $a FRBNF452931860000005
073  0 $a 9782280365413
090    $a 303175
091    $b 20240509 $c 1 $a 2
099    $t LI $x 9 $d 2024-05-09 $c 2017-12-07
100    $a 20170615d2017    m  y0frey50      ba
101 1  $a fre $c eng
102    $a FR
105    $a ||||z   00|a|
106    $a r
181  0 $6 01 $a i  $b xxxe  
181    $6 02 $c txt $2 rdacontent
182  0 $6 01 $a n
182    $6 02 $c n $2 rdamedia
200 1  $a Une semaine pour t'aimer $b Texte imprimé $f Kristi Gold $c Plus qu'une seul aventure $f Kathie DeNosky
210    $a Paris $c Harlequin $d DL 2017 $e impr. en Espagne
215    $a 1 vol. (373 p.) $d 18 cm
225    $a Passions $x 1950-2761 $v 664
300    $a Trad. de : "In pursuit of his wife" / Kristi Gold. "The rancher's one-week wife" / Katie DeNosky
330    $a Une semaine pour t'aimer, Kristi Gold  Sebastian, son mari, est ici, au Texas ? Nasira est furieuse : n'a-t-elle pas été assez claire lorsqu'elle lui a annoncé, trois semaines plus tôt, qu'elle quittait Londres pour aller vivre aux États-Unis et qu'elle tirait un trait sur leur mariage ? Pourtant, face aux efforts que Sebastian déploie pour la reconquérir – lui qui se montrait si froid et insensible auparavant –, Nasira se fixe un ultimatum : elle se laisse une semaine, et pas un jour de plus, pour prendre une décision définitive… Plus qu'une simple aventure, Kathie DeNosky Karly ne décolère pas. Non seulement la tempête qui fait rage au-dehors l'empêche de repartir à Seattle, mais en plus elle va devoir cohabiter avec Blake, son futur ex-mari, alors qu'elle lui rendait visite pour qu'il signe enfin les papiers de leur divorce ! Un huis clos forcé qui risque de s'avérer des plus délicats. Car, si Karly a décidé de quitter Blake, ce n´est pas parce qu'elle ne l'aime plus… mais parce qu'il risque à tout moment de découvrir le secret qu'elle lui cache…  $2 éditeur
339    $a m
410  0 $0 40973229 $t Passions (Paris. 2006) $x 1950-2761 $v 664
454  0 $t In pursuit of his wife
686    $a 803 $2 Cadre de classement de la Bibliographie nationale française
700    $3 13759934 $9 40997 $o ISNI0000000116000257 $a Gold $b Kristi $4 070
801  0 $a FR $b FR-751131015 $c 20170615 $g AFNOR $h FRBNF452931860000005 $2 intermrc
999    $a FRBNF452931860000005
995    $0 0 $2 0 $4 0 $5 2018-03-23 $9 373795 $b MED $c MED $e MED1A $f C3200006495 $h ALTROAM $k RS/GOL $o 0 $p 7.50 $r PRETLIV $s RS_GOL $w 9 $y 2023-06-30

