01916cam a2200409   4500
001 303351
003 http://www.mediathequederoubaix.fr/ark:/20179/KH303351
010    $a 978-2-10-073808-3 $b br. $d 16 EUR
020    $a FR $b 01600572
033    $a http://catalogue.bnf.fr/ark:/12148/cb44458069n
035    $a FRBNF444580690000000
073  0 $a 9782100738083
090    $a 303351
091    $b 20240509 $c 1 $a 2
099    $t LI $x 6 $d 2024-05-09 $c 2017-12-08
100    $a 20151124d2015    m  y0frey50      ba
101 0  $a fre
102    $a FR
105    $a ||||z   00|y|
106    $a r
181  0 $6 01 $a i  $b xxxe  
181    $6 02 $c txt $2 rdacontent
182  0 $6 01 $a n
182    $6 02 $c n $2 rdamedia
200 1  $a Violences sexuelles $b Texte imprimé $e les 40 questions-réponses incontournables $f Dr Muriel Salmona
210    $a Paris $c Dunod $d DL 2015 $e 42-Saint-Just-la-Pendue $g Impr. Chirat
215    $a 1 vol. (XV-271 p.) $d 21 cm
300    $a Bibliogr. p. 265-271. Webliogr. p. 264
330    $a Un guide pratique pour toutes les victimes de violences sexuelles : le vécu, l'après, les soins, la plainte, etc. Il explique également la bonne attitude à adopter pour l'entourage et les professionnels qui les accompagnent et comment la société et les pouvoirs publics peuvent lutter. ­Electre 2017
339    $a m
606    $3 12460487 $9 48818 $a Victimes d'abus sexuels $3 11931476 $9 109 $y France $3 12432924 $9 2858 $z 1990-2020 $2 rameau
676    $a 364.153 0944 $v 23
686    $a 360 $2 Cadre de classement de la Bibliographie nationale française
700    $3 16696395 $9 114103 $o ISNI0000000439791495 $a Salmona $b Muriel $4 070
801  0 $a FR $b FR-751131015 $c 20151124 $g AFNOR $h FRBNF444580690000000 $2 intermrc
999    $a FRBNF444580690000000
995    $0 0 $2 0 $4 0 $5 2017-12-22 $9 370215 $P 16.00 $b MED $c MED $e MED3A $f C2400000984 $h ACFSSZZ $k Doc./354 FEM $n 2024-05-26 $o 0 $p 16.00 $r PRETLIV $s DOC___354_000000000000000_FEM $w 6 $y 2024-04-14

