02401cam a22004573  4500
001 303455
003 http://www.mediathequederoubaix.fr/ark:/20179/KH303455
010    $a 2-86497-020-1 $b rel. $d 40 F
020    $a FR $b 08805810
033    $a http://catalogue.bnf.fr/ark:/12148/cb349731796
035    $a FRBNF34973179000000X
039    $o OPL $a 006386256
090    $a 303455
091    $b 20240509 $c 1 $a 2
099    $t LI $x 128 $d 2024-05-15 $c 2017-12-08
100    $a 19840420d1987    m  y0frey50      ba
101 0  $a fre
102    $a FR
105    $a ||||z   00|||
106    $a r
181  0 $6 01 $a i  $b xxxe  
181    $6 02 $c txt $2 rdacontent
182  0 $6 01 $a n
182    $6 02 $c n $2 rdamedia
200 1  $a Astérix chez Rahàzade $b Texte imprimé $e ou le compte des mille et une heures $f texte et dessins de Uderzo
210    $a Paris $c Albert René $d 1987
214  0 $a Paris $c Albert René $d 1987
215    $a 1 vol. (48 p.) $c ill. en coul., couv. ill. en coul. $d 30 cm
225    $a Une aventure d'Astérix le Gaulois
330    $a Un fakir venu d'Inde sur son tapis volant, Kiçàh, débarque au village. Il n'a pas plu dans son depuis plusieurs mois et il a entendu dire que le barde, Assurancetourix, a le pouvoir de provoquer une averse dès qu'il chante. Il lui demande de l'accompagner et de venir chanter pour le Gange asséché avant que la princesse Rahàzade ne soit exécutée pour apaiser les dieux. ­Electre 2017
339    $a a
410  0 $0 37138184 $t Une Aventure d'Astérix le Gaulois $x 0758-4520 $d 1987
461  0 $t Une aventure d'Astérix
500 11 $3 14573759 $9 299682 $a Les aventures d'Astérix $m français $2 lien automatique
686    $a 82 $2 Cadre de classement de la Bibliographie nationale française
700    $3 11927309 $9 5790 $o ISNI0000000120959006 $a Uderzo $b Albert $f 1927-2020 $4 070
801  0 $a FR $b FR-751131015 $c 19840420 $g AFNOR $h FRBNF34973179000000X $2 intermrc
999    $a FRBNF34973179000000X
995    $0 0 $2 0 $4 0 $5 2018-01-06 $9 370865 $b MED $c MED $e MED2A $f C2500005623 $h JBDSRZZ $k E BD/SERIES $n 2024-05-17 $o 0 $p 9.95 $r PRETLIV $s E_BD_SERIES $w 90 $y 2024-04-26
995    $0 3 $2 1 $4 0 $5 2021-01-12 $9 420679 $b MED $c MED $e MED2A $f C2500020904 $h JBDSRZZ $k E BD/SERIES $n 2021-11-04 $o 4 $p 9.99 $r PRETLIV $s E_BD_SERIES $w 10 $y 2021-10-14
995    $0 0 $2 0 $4 0 $5 2022-07-16 $9 447002 $P 10.50 $b MED $c MED $e MED2A $f C2500028289 $h JBDSRZZ $k E BD/SERIES $n 2024-06-05 $o 0 $p 10.50 $r PRETLIV $s E_BD_SERIES $w 28 $y 2024-05-15

