02099cam a2200481   4500
001 303644
003 http://www.mediathequederoubaix.fr/ark:/20179/KH303644
010    $a 978-2-84801-957-4 $b br. $d 13,99 EUR
020    $a FR $b 01500384
033    $a http://catalogue.bnf.fr/ark:/12148/cb43499682f
035    $a FRBNF434996820000002
039    $o ALS $a 1891508
073  0 $a 9782848019574
090    $a 303644
091    $a 2 $b 20240509 $c 1
099    $t LI $x 14 $d 2024-05-09 $c 2017-12-16
100    $a 20140515d2014    a  y0frey50      ba
101 0  $a fre
102    $a FR
105    $a ||||z   00|y|
106    $a r
181  0 $6 01 $a i  $b xxxe  
181    $6 02 $c txt $2 rdacontent
182  0 $6 01 $a n
182    $6 02 $c n $2 rdamedia
200 1  $a La sécurité routière $b Texte imprimé $f [Virginie Desmoulins, Olivia Cosneau]
210    $a Paris $c Tourbillon $d DL 2014 $e impr. en Chine
215    $a 1 vol. (non paginé [10] p.) $c tout en ill. en coul. $d 21 cm
225 19 $a Anim'doc $v 11
300    $a Livre cartonné avec animations
330    $a Les premières notions de sécurité routière et des dangers de la route ou de ses abords. ­Electre 2017
339    $a a
461  0 $0 42796231 $t Anim'doc $v 11
606    $3 11933252 $9 21210 $7 ba0yba0y $8 fre    $a Sécurité routière $3 11931476 $9 109 $y France $3 12042408 $9 314947 $x Ouvrages pour la jeunesse $2 rameau $9 21210
606    $3 11933252 $9 21210 $a Sécurité routière $3 11931476 $9 109 $y France $2 rameau
608    $3 12042408 $9 314947 $a Ouvrages pour la jeunesse $2 rameau
676    $a 363.125 083 $v 23
686    $a 360 $2 Cadre de classement de la Bibliographie nationale française
700    $3 13534570 $9 59654 $o ISNI0000000073296368 $a Desmoulins $b Virginie $f 1974-.... $4 070
701    $3 14576110 $9 116723 $o ISNI0000000001389477 $a Cosneau $b Olivia $4 070
801  0 $a FR $b FR-751131015 $c 20140515 $g AFNOR $h FRBNF434996820000002 $2 intermrc
999    $a FRBNF434996820000002
995    $0 0 $2 0 $4 0 $5 2018-01-02 $9 370592 $b MED $c MED $e MED0A $f C2500006292 $h JDT30ZZ $k EXT PE/363.1 DES $n 2024-06-27 $o 0 $p 13.99 $r PRETLIV $s EXT_PE_363_100000000000000_DES $w 14 $y 2024-04-16 $8 MA0C11 $A 0

