01888cam a2200421   4500
001 303837
003 http://www.mediathequederoubaix.fr/ark:/20179/KH303837
010    $a 978-2-7470-5736-3 $b br. $d 14,90 EUR
020    $a FR $b 01812060
033    $a http://catalogue.bnf.fr/ark:/12148/cb45408086b
035    $a FRBNF454080860000005
073  0 $a 9782747057363
090    $a 303837
091    $b 20240328 $c 1 $a 0
099    $t LI $x 19 $d 2024-05-11 $c 2017-12-22
100    $a 20171208d2017    a  y0frey50      ba
101 1  $a fre $c eng
102    $a FR
105    $a ||||z   00|a|
106    $a r
181  0 $6 01 $a i  $b xxxe  
181    $6 02 $c txt $2 rdacontent
182  0 $6 01 $a n
182    $6 02 $2 rdamedia
200 1  $a L'Épouvanteur $b Texte imprimé $f Joseph Delaney $g traduit de l'anglais (Grande-Bretagne) par Marie-Hélène Delval $h 14 $i Thomas Ward
210    $a Montrouge $c Bayard jeunesse $d DL 2017
214  0 $a Montrouge $c Bayard jeunesse $d DL 2017
214  3 $a impr. en Italie
215    $a 1 vol. (346 p.) $c ill. $d 20 cm
225 19 $a L'Épouvanteur $v 14
330    $a Depuis la mort de John Gregory, lors de son combat contre le Malin, Thomas Ward a repris la charge de d'épouvanteur de Chipenden. Jenny, 15 ans, lui propose de devenir son apprentie. Ils partent en compagnie de Grimalkin affronter le Kobalos qui tue des jeunes filles en ville. ­Electre 2017
339    $a a
454  1 $t A new darkness
686    $2 Cadre de classement de la Bibliographie nationale française
700    $3 14616047 $9 93377 $o ISNI0000000068488779 $a Delaney $b Joseph $f 1945-2022 $4 070
702    $3 11899462 $9 1394 $o ISNI0000000121244029 $a Delval $b Marie-Hélène $f 1944-.... $4 730
801  0 $a FR $b FR-751131015 $c 20171208 $g AFNOR $h FRBNF454080860000005 $2 intermrc
995    $0 0 $2 0 $4 0 $5 2018-02-10 $9 372587 $b MED $c MED $e MED1A $f C2500007203 $h ALTROAD $k ADO R/DEL $o 0 $p 14.90 $r PRETLIV $s ADO_R_DEL $w 19 $y 2024-05-17 $A 0

