01845cam1a2200457 i 4500
001 303961
003 http://www.mediathequederoubaix.fr/ark:/20179/KH303961
005 20240509050757.0
010    $a 978-2-412-03090-5 $b rel. $d 24,95 EUR
073  0 $a 9782412030905
090    $a 303961
100    $a 20171114d2017    m  |0frey5003||||ba
101 1  $a fre $c eng
102    $a FR
105    $a         0||y|
106    $a r
181  0 $6 01 $a i  $b xxxe  
181    $6 02 $c txt $2 rdacontent
182  0 $6 01 $a n
182    $6 02 $c n $2 rdamedia
200 1  $a Cuisine lagom $b Texte imprimé $e 100 recettes pour une cuisine en harmonie $f Steffi Knowles-Dellner $g photographies de Yuki Sugiura $g traduction Améline Néreaud
210    $a Paris $c First Editions $d 2017
211    $a 20171102
215    $a 1 vol. (191 p.) $c illustrations en couleur $d 26 x 21 cm
300    $a Index
330    $a Des recettes suédoises qui mêlent la gourmandise à l'équilibre et au bien-être : chaussons aux myrtilles, hareng au curry, pommes de terre croustillantes au citron, entre autres. ­Electre 2017
333    $a Tout public
345    $b 9782412030905
606    $3 12040234 $7 ba0yba0y $8 fre    $a Cuisine suédoise $2 rameau $9 112468
676    $a 641.594 85 $v 23
686    $a T040103 $2 electre
686    $a GOPV001 $2 electre
686    $a PG0100 $2 electre
700  1 $6 11460311 $a Knowles-Dellner $b Steffi $4 070
702  1 $3 16117221 $9 306639 $6 1146704 $7 2009160055 $a Sugiura $b Yuki $4 600
702    $3 16765952 $6 11325173 $7 ba0yba0y $8 fre    $a Néreaud $b Améline $4 730 $9 306565
801  3 $a FR $b Electre $c 20171114 $g AFNOR
099    $t LI $x 31 $d 2024-05-09 $c 2017-12-26
339    $a m
091    $a 2 $b 20240509 $c 0
995    $0 0 $2 0 $4 0 $5 2017-12-27 $9 370401 $b MED $c MED $e MED1A $f C2200006924 $h AAPPLCB $k Doc./642 MON $o 0 $p 24.95 $r PRETLIV $s DOC___642_000000000000000_MON $w 31 $y 2024-02-22

