02117cam a2200457   4500
001 304083
003 http://www.mediathequederoubaix.fr/ark:/20179/KH304083
010    $a 979-10-90966-06-2 $b br. $d 11 EUR
020    $a FR $b 01513426
033    $a http://catalogue.bnf.fr/ark:/12148/cb43539838f
035    $a FRBNF435398380000006
073  0 $a 9791090966062
090    $a 304083
091    $b 20240509 $c 1 $a 2
099    $t LI $x 4 $d 2024-05-09 $c 2017-12-26
100    $a 20130222d2013    m  y0frey50      ba
101 0  $a fre
102    $a FR
105    $a ||||z   00|y|
106    $a r
181  0 $6 01 $a i  $b xxxe  
181    $6 02 $c txt $2 rdacontent
182  0 $6 01 $a n
182    $6 02 $c n $2 rdamedia
200 1  $a Fukushima, la fatalité nucléaire $b Texte imprimé $f François Leclerc
210    $a Gaël $c Osez la république sociale $d [2014] $e impr. en Italie
215    $a 1 vol. (167 p.) $c ill. $d 18 cm
225    $a [Collection dirigée par Bernard Teper et Christophe Hordé]
300    $a Réunit des chroniques de F. Leclerc écrites entre mars 2011 et juillet 2012 sur le blog de Paul Jorion
300    $a Webliogr. p. 148
300    $a 2013 d'après la déclaration de dépôt légal
330    $a Evoque les mensonges des autorités et du lobby nucléaire à propos de la catastrophe japonaise : neutralisation de la contamination, localisation et stockage du combustible, question des éventuelles nouvelles secousses sismiques, etc. ­Electre 2017
339    $a m
410  0 $0 43643791 $t Collection dirigée par Bernard Teper et Christophe Hordé $d 2013
606    $3 16500489 $9 109856 $a Catastrophe nucléaire de Fukushima (2011) $2 rameau
676    $a 363.179 90952 $v 23
686    $a 360 $2 Cadre de classement de la Bibliographie nationale française
700    $3 16699182 $9 277883 $a Leclerc $b François $f 1947-.... $4 070
801  0 $a FR $b FR-751131015 $c 20130222 $g AFNOR $h FRBNF435398380000006 $2 intermrc
999    $a FRBNF435398380000006
995    $0 0 $2 0 $4 0 $5 2017-12-29 $9 370544 $P 11.00 $b MED $c MED $e MED3A $f C2400001038 $h ACFSCZZ $k Doc./539 NUC $o 0 $p 11.00 $r PRETLIV $s DOC___539_000000000000000_NUC $w 4 $y 2020-09-01

