01436nam a2200385   4500
001 304208
003 http://www.mediathequederoubaix.fr/ark:/20179/KH304208
010    $a 2-268-02909-3 $b br. $d 98 F
020    $a FR $b 09845559
033    $a http://catalogue.bnf.fr/ark:/12148/cb367011107
035    $a FRBNF36701110000000X
039    $o OPL $a 023402613
090    $a 304208
091    $b 20240510 $c 1 $a 2
099    $t LI $x 2 $d 2024-05-10 $c 2018-01-03
100    $a 19980326d1998    m  y0frey50      ba
101 0  $a fre
102    $a MC
105    $a ||||z   00|a|
106    $a r
181  0 $6 01 $a i  $b xxxe  
181    $6 02 $c txt $2 rdacontent
182  0 $6 01 $a n
182    $6 02 $c n $2 rdamedia
200 1  $a Farce nationale $b Texte imprimé $f Karl Zéro
210    $a Monaco $a [Paris] $c Éd. du Rocher $d 1998 $e 27-Mesnil-sur-l'Estrée $g Impr. Firmin-Didot
215    $a 228 p. $d 23 cm
225    $a [Collection Documents]
339    $a m
410  0 $0 34237757 $t Collection Documents (Éd. du Rocher) $d 1998
686    $a 823 $2 Cadre de classement de la Bibliographie nationale française
700    $3 12219936 $9 17340 $o ISNI0000000055102670 $a Zéro $b Karl $f 1961-.... $4 070
801  0 $a FR $b FR-751131015 $c 19980326 $g AFNOR $h FRBNF36701110000000X $2 intermrc
999    $a FRBNF36701110000000X
995    $0 0 $2 0 $4 0 $5 2018-01-20 $9 371707 $b MED $c MED $e MED1A $f C3100004442 $h AAPPLHU $k Doc./682 ZER $o 0 $p 13.83 $r PRETLIV $s DOC___682_000000000000000_ZER $w 2 $y 2020-06-16

