02821cam a2200481   4500
001 304332
003 http://www.mediathequederoubaix.fr/ark:/20179/KH304332
010    $a 978-2-203-12187-4 $b br. $d 12,90 EUR
020    $a FR $b 01714613
033    $a http://catalogue.bnf.fr/ark:/12148/cb45191283h
035    $a FRBNF451912830000007
073  0 $a 9782203121874
090    $a 304332
091    $b 20240510 $c 1 $a 2
099    $t LI $x 43 $d 2024-05-10 $c 2018-01-09
100    $a 20170111d2017    a  y0frey50      ba
101 1  $a fre $c eng
102    $a CA
105    $a ||||z   00|a|
106    $a r
181  0 $6 01 $a i  $b xxxe  
181    $6 02 $c txt $2 rdacontent
182  0 $6 01 $a n
182    $6 02 $c n $2 rdamedia
200 1  $a Personne n'est parfait ! $b Texte imprimé $f T. S. Easton $g traduit de l'anglais par Valérie Le Plouhinec
210    $a Bruxelles $c Casterman $d DL 2017 $e impr. en Espagne
215    $a 1 vol. (334 p.) $d 21 cm
225 19 $a Chez nous $v 1
300    $a Diffusé en France
300    $a Trad. de l'anglais
321    $a La Revue des livres pour enfants. Sélection annuelle $c 297
329    $a Un gros volume plaisant et d'une originalité certaine. Chloé, 10 ans, raconte sa vie, à l'école et en famille (trois frères et s0153ur, mère avocate, père qui procrastine), à travers une rédaction, « Ma maison », où elle doit présenter chacune des pièces de son habitat... Péripéties du quotidien, chronique familiale réaliste avec des personnages secondaires bien croqués eux aussi, ce roman au style alerte peut se lire comme un one-shot. On en sort avec le sourire. $d 20171101
330    $a Chez Chloé, 10 ans, tout va de travers : la porte d'entrée s'ouvre quand elle veut, les chats jouent avec les souris et les escargots, le petit William déclenche des catastrophes partout où il passe, Jacob le frère aîné disparaît sans cesse, abandonnant ses amies aux bons soins de ses soeurs. Craignant que sa mère ne quitte son père, qui ne s'occupe de rien, Chloé met au point un plan diabolique. ­Electre 2018
333    $a À partir de 11 ans $2 CNLJ $k Avis critique donné par le Centre national de la littérature pour la jeunesse
339    $a a
461  0 $0 45223171 $t Chez nous $v 1
608    $a Romans $2 CNLJ $k Avis critique donné par le Centre national de la littérature pour la jeunesse
686    $a 809 $2 Cadre de classement de la Bibliographie nationale française
700    $3 16998454 $9 121801 $o ISNI0000000403329266 $a Easton $b Tom $4 070
702    $3 15554889 $9 1430 $o ISNI0000000121344679 $a Le Plouhinec $b Valérie $4 730
801  0 $a FR $b FR-751131015 $c 20170111 $g AFNOR $h FRBNF451912830000007 $2 intermrc
999    $a FRBNF451912830000007
995    $0 0 $2 0 $4 0 $5 2018-01-19 $9 371622 $b MED $c MED $e MED2A $f C2500006900 $h JROROZZ $k E R/EAS $o 0 $p 12.90 $r PRETLIV $s E_R_EAS $w 43 $y 2024-04-13

