03145cmm a2200721   4500
001 304436
003 http://www.mediathequederoubaix.fr/ark:/20179/KH304436
010    $a 978-2-36836-016-3 $b rel. $d 16 EUR
033    $a http://catalogue.bnf.fr/ark:/12148/cb43682028f
035    $a FRBNF436820280000005
039    $o ALS $a 1853108
039    $o OPP $a 43489330 $d 20201201
073  0 $a 9782368360163
090    $a 304436
091    $a 2 $b 20240510 $c 1
099    $t LI $x 79 $d 2024-05-10 $c 2018-01-12
100    $a 20131001d2013    a  y0frey50      ba
101 0  $a fre $a ara
102    $a FR
105    $a a   z   000y|
106    $a r
126    $a aguxhxx||||||ud $b bex
181  0 $6 01 $a i  $b xxxe   $a b  $b xb2e  
181    $6 02 $c txt $c sti $2 rdacontent
181  0 $6 03 $a d  $b bxxa   $a h  $b xxxa  
181    $6 04 $c prm $c spw $2 rdacontent
182  0 $6 01 $a n
182    $6 02 $c n $2 rdamedia
182  0 $6 03 $a a
182    $6 04 $c s $2 rdamedia
200 1  $a Chante & découvre l'arabe $b Multimédia multisupport $f Stéphane Husar, Qaïs Saadi $g Stéphane Husar, comp. $g Adam Thomas, illustrations
205    $a Nouvelle éd.
210    $a Paris $c ABC melody $d 2013
214  0 $a Paris $c ABC Melody $d DL 2013
215    $a 1 vol. (23 p.) $c ill. en coul. $d 22 cm
215    $a 1 disque compact (53 min)
225    $a Chante et découvre
300    $a Édition bilingue français-arabe
302    $a Arabe
302    $a Latin étendu
330    $a 10 chansons pour découvrir l'arabe sur des musiques variées et modernes, présentées sur une double page avec les textes en arabe moderne, translittérations et traductions en français, ainsi qu'un imagier. Avec un CD audio reprenant les versions chantée et instrumentale. ­Electre 2018
339    $a a
410  0 $0 41050647 $t Chante & découvre $x 1776-5676 $d 2013
503 1  $a Méthode de langue (arabe)
517 1  $a Chante et découvre l'arabe
606    $3 11930928 $9 5278 $7 ba0yba0y $8 fre    $a Arabe (langue) $3 12042408 $9 314947 $x Ouvrages pour la jeunesse $2 rameau $9 5278
606    $3 11930928 $9 5278 $a Arabe (langue) $2 rameau
608    $a enregistrement parlé $2 frTAV
608    $a chanson d'autres langues $2 frTAV
608    $a chanson $2 frTAV
608    $a édition commerciale $2 frTAV
608    $a enfance $2 frTAV
608    $a méthode de langue $2 frTAV
610 0  $a Chansons enfantines -- Ouvrages pour la jeunesse
610 0  $a Chansons arabes -- Ouvrages pour la jeunesse
676    $a 492.708 3 $v 23
702    $3 15540367 $9 116270 $o ISNI0000000106556104 $a Husar $b Stéphane $f 1963-.... $4 070 $4 230
702    $3 16539235 $9 116271 $a Saadi $b Qaïs $4 070
702    $3 15540374 $9 116272 $o ISNI0000000010760864 $a Thomas $b Adam $f 19..-.... $c illustrateur $4 440
801  0 $a FR $b FR-751131015 $c 20131001 $g AFNOR $h FRBNF436820280000005 $2 intermrc
999    $a FRBNF436820280000005
995    $0 0 $2 0 $4 0 $5 2018-01-13 $9 371220 $b BUS $c BUS $e BUS1A $f C2500007087 $h JDTPFZZ $k BUS PE DOC $o 0 $p 16.00 $r PRETLIV $s BUS_PE_DOC $u Vérifier la présence du CD ! $w 34 $y 2024-03-15
995    $0 0 $2 0 $4 0 $5 2021-04-15 $9 425467 $b MED $c MED $e MED2A $f C2500022495 $h JABLADT $k E ARA ABC $o 0 $p 16.00 $r PRETLIV $s E_ARA_ABC $w 22 $y 2024-05-12

