02302cam a2200481   4500
001 304550
003 http://www.mediathequederoubaix.fr/ark:/20179/KH304550
010    $a 978-2-7541-0110-3 $b br. $d 24 EUR
020    $a FR $b 00746221
033    $a http://catalogue.bnf.fr/ark:/12148/cb41103703g
035    $a FRBNF411037030000002
073  0 $a 9782754101103
090    $a 304550
091    $a 2 $b 20240510 $c 1
099    $t LI $x 6 $d 2024-05-10 $c 2018-01-18
100    $a 20070906d2007    m  y0frey50      ba
101 1  $a fre $c ita
102    $a FR
105    $a ||||z   00|y|
106    $a r
181  0 $6 01 $a i  $b xxxe  
181    $6 02 $c txt $2 rdacontent
182  0 $6 01 $a n
182    $6 02 $c n $2 rdamedia
200 1  $a La Chine ancienne $b Texte imprimé $e de la fondation de l'Empire à la dynastie Ming $f Alexandra Wetzel $g traduit de l'italien par Todaro Tradito
210    $a Paris $c Hazan $d DL 2007 $e impr. en Italie
215    $a 1 vol. (383 p.) $c ill. en noir et en coul., couv. ill. en coul. $d 20 cm
225    $a Guide des arts
300    $a La couv. porte en plus : "pouvoir, religion, vie quotidienne"
300    $a Bibliogr. p. 382. Index
330    $a Panorama de la civilisation, de la culture et de l'art chinois de la dynastie des Qin à celle des Ming. Présente les figures marquantes de l'histoire chinoise, l'organisation du pouvoir et de la vie quotidienne dans la Chine ancienne, les différentes traditions religieuses et philosophiques, le culte des morts, etc. ­Electre 2018
339    $a m
410  0 $0 38954199 $t Guide des arts (Paris. 2003) $x 1766-7801 $d 2007
606    $3 11976749 $9 40328 $a Art $y Chine $2 rameau
606    $3 12049302 $9 4601 $a Civilisation $y Chine $2 rameau
606    $3 12141036 $9 278055 $a Antiquités $y Chine $2 rameau
676    $a 951 $v 23
686    $a 940 $2 Cadre de classement de la Bibliographie nationale française
700    $3 12981350 $9 278056 $o ISNI0000000040379909 $a Wetzel $b Alexandra $f 1966-.... $4 070
702    $3 15529807 $9 95078 $o ISNI0000000002607528 $a Tradito $b Todaro $4 730
801  0 $a FR $b FR-751131015 $c 20070906 $g AFNOR $h FRBNF411037030000002 $2 intermrc
999    $a FRBNF411037030000002
995    $0 0 $2 0 $4 0 $5 2018-01-19 $9 371638 $b MED $c MED $e MED1A $f C1400002793 $h AAPATAP $k Doc./711.2 ASI $o 0 $p 27.00 $r PRETLIV $s DOC___711_200000000000000_ASI $w 6 $y 2020-09-11

