01653cam a2200409   4500
001 304685
003 http://www.mediathequederoubaix.fr/ark:/20179/KH304685
010    $a 978-2-7470-5801-8 $b br. $d 5,50 EUR
020    $a FR $b 01611494
033    $a http://catalogue.bnf.fr/ark:/12148/cb44483996f
035    $a FRBNF444839960000005
073  0 $a 9782747058018
090    $a 304685
091    $b 20240510 $c 1 $a 2
099    $t LI $x 8 $d 2024-05-10 $c 2018-01-24
100    $a 20160107d2016    a  y0frey50      ba
101 0  $a fre
102    $a FR
105    $a ||||z   00|a|
106    $a r
181  0 $6 01 $a i  $b xxxe  
181    $6 02 $c txt $2 rdacontent
182  0 $6 01 $a n
182    $6 02 $c n $2 rdamedia
200 1  $a Le bain avec papa $b Texte imprimé $f Claire Clément $g illustrations de Helen Oxenbury
210    $a Montrouge $c Bayard jeunesse $d DL 2016 $e impr. en Chine
215    $a 1 vol. (non paginé [17] p.) $c ill. en coul. $d 20 cm
225 19 $a Léo et Popi
330    $a Il est l'heure pour Léo d'aller prendre son bain. Papa est là, et Popi également. ­Electre 2018
339    $a a
461  0 $0 44485048 $t Léo et Popi
686    $a 809 $2 Cadre de classement de la Bibliographie nationale française
700    $3 12293898 $9 12356 $o ISNI0000000001729937 $a Clément $b Claire $f 1955-.... $4 070
702    $3 11918322 $9 13821 $o ISNI0000000121414470 $a Oxenbury $b Helen $f 1938-.... $4 440
801  0 $a FR $b FR-751131015 $c 20160107 $g AFNOR $h FRBNF444839960000005 $2 intermrc
999    $a FRBNF444839960000005
995    $0 0 $2 0 $4 0 $5 2018-01-26 $9 371855 $b MED $c MED $e MED0A $f C2500007176 $h JABPFAF $k EXT PE A/OXE $n 2024-07-05 $o 0 $p 5.50 $r PRETLIV $s EXT_PE_A_OXE $w 8 $y 2023-09-01 $A 0

