01855cam a2200445   4500
001 304798
003 http://www.mediathequederoubaix.fr/ark:/20179/KH304798
010    $a 978-2-07-269991-7 $b br. $d 2 EUR
020    $a FR $b 01707928
033    $a http://catalogue.bnf.fr/ark:/12148/cb45199203z
035    $a FRBNF451992030000002
073  0 $a 9782072699917
090    $a 304798
091    $a 2 $b 20240519 $c 1
099    $t LI $x 33 $d 2024-05-19 $c 2018-01-31
100    $a 20170126d2016    m  y0frey50      ba
101 0  $a fre
102    $a FR
105    $a ||||z   00|a|
106    $a r
181  0 $6 01 $a i  $b xxxe  
181    $6 02 $c txt $2 rdacontent
182  0 $6 01 $a n
182    $6 02 $c n $2 rdamedia
200 1  $a Le dernier jour d'un condamné $b Texte imprimé $f Victor Hugo $g édition présentée, établie, et annotée par Roger Borderie
210    $a [Paris] $c Gallimard $d DL 2016 $e impr. en Espagne
215    $a 1 vol. (200 p.) $d 18 cm
225    $a Folio $i Classique
308    $a 6247
330    $a Le récit d'un condamné jusqu'au moment de son exécution. Un célèbre réquisitoire contre la peine de mort. ­Electre 2018
339    $a m
410  0 $0 34284640 $t Collection Folio. Classique $x 1258-0449 $d 2016
410  0 $0 34234540 $t Collection Folio $x 0768-0732 $v 6247
500 11 $3 13175157 $9 314970 $a Le dernier jour d'un condamné $m français $2 lien automatique
686    $a 803 $2 Cadre de classement de la Bibliographie nationale française
700    $3 11907966 $9 2365 $o ISNI0000000121200982 $a Hugo $b Victor $f 1802-1885 $4 070
702    $3 12438935 $9 306701 $o ISNI0000000116585443 $a Borderie $b Roger $4 340
801  0 $a FR $b FR-751131015 $c 20170126 $g AFNOR $h FRBNF451992030000002 $2 intermrc
999    $a FRBNF451992030000002
995    $0 1 $2 0 $4 1 $5 2018-01-31 $9 372116 $b MED $c MED $e MED1A $f C1400002827 $h ALTROZZ $k R/HUG $o 4 $p 2.00 $r PRETLIV $s R_HUG $w 33 $y 2023-12-29 $A 0

