01085njm0a22002532  4500
001 304920
003 http://www.mediathequederoubaix.fr/ark:/20179/KH304920
071 01 $a 3792318 $b Barclay
073  1 $a 0602537923182 $d 5,00
090    $a 304920
091    $a 1 $b 20240516 $c 0
099    $t DC $x 3 $d 2024-05-16 $c 2018-02-07
100    $a 20150112d2014    u  y0frey5003    ba
101    $a fre
200    $a Chante Charles Aznavour, vol. 3 $b enr. sonore $f Charles Aznavour $i Aznavour anthologie $v 3
210    $d 2014
215    $a 1 cd $d 12 cm
327    $a Sur ma vie $a On ne sait jamais $a Après l'amour $a Prends garde $a Vivre avec toi $a J'aime Paris au mois de mai $a Le chemin de l'éternité $a J'entends ta voix $a Une enfant $a Je cherche mon amour
339    $a m
608  1 $a Chansons à texte (Texte prédominant)
679    $a 099.2
700    $7 ba0yba0y $8 fre    $a Aznavour $b Charles $f 1924-2018 $3 11889741 $9 280462
801    $a FR $b cdmail $c 20180207 $g AFNOR
995    $0 0 $2 0 $4 0 $5 2018-02-07 $9 372325 $b MED $c MED $e MED1A $f C3100004535 $h AMV80ZZ $k DC/099.2 AZN $o 0 $p 5.00 $r PRETSON $s DC_099_200000000000000_AZN $w 3 $y 2022-07-21

