04483ngm0a2200373   4500
001 305069
003 http://www.mediathequederoubaix.fr/ark:/20179/KH305069
073  1 $a 3459379406161
090    $a 305069
100    $a 20070515d2002    m  y0frey5003    ba
101 2  $a eng $a fre $c eng $j eng $j fre
102    $a US
115    $a c092baizxbx||||bkxx|
200 1  $a La  planète au trésor $b DVD $f John Musker, Ron Clements, réal. $g Robert Louis Stevenson, adapt. $g John Musker, Ron Clements, Rob Edwards, scénario $g James Newton Howard, comp.
210    $a Marne-la-Vallée $c The Walt Disney Company $d 2002
215    $a 1 DVD 2 couches sur une simple face (01 h 32 mn) $c 1.66:1, 16/9 compatible 4/3, coul., (PAL), Son. (Dolby Digital 5.1; anglais; français); (DTS 5.1; français)
300    $a Langues principales : anglais, français; Sous-Titres : anglais, français
300    $a Droit de prêt seulement
300    $a Walt Disney Pictures, cop. 2002
300    $a  Enfant de 3 à 7 ans accompagné
300    $a **
327    $a Le vaisseau Legacy : visite technique 3D (10'13" - VOST), visite nautique 3D (9'28" - VOST), jeux interactif "Chasse au trésor" (en cas de victoire, clip multilingue 3'41"), Disneypedia : révélations sur la vie des pirates (12'10 - VF), making of : "La magie de l39animation Disney" (14'30" - VOST), clip : "I'm Still Here" (thème de Jim) par John Rzeznik (4'14") ; trois scènes avec introduction des réalisateurs : le prologue original : Jim Adulte (3'01"- VOST), la fin alternative : la reconstruction de l'auberge (1'10" - VOST), la rencontre entre Jim et Ethan (1'59" - VOST) ; commentaires des réalisateurs et de l'équipe du film avec morceaux de making of ; histoire : bande-annonce de L'Ile au trésor, références visuelles (galerie de 15 dessins), animation : le test du Capitaine Crochet (1'02" - VOST), Dr. Delbert Doppler (1'11" - VOST), John Silver, progression de l'animation (2'27" - VOST), crayonné, la cabine d'Amélia (2'12" - VOST), comparaison animation primaire et finale (1'40" - VOST ; conception graphique : l'école Brandywine (2'25" - VOST), dessins et esquisses (galeries), recherche visuelle (29 dessins), peintures (15 dessins), ambiances (15 dessins), la loi 70/30 (1'39" - VOST), mise en scène : palettes de couleurs (14 planches de 4 vignettes), composition des plans (1'24" - VOST), la découverte de la planète au trésor (2'10" - VOST), l'éclairage (1'13" - VOST) ; scènes coupées (voir description dans la partie SCENES COUPEES); Les personnages : Jim Hawkins (11 dessins), John Silver (45" + 1'02" + 38"), Dr. Delbert Doppler (neuf dessins), Capitaine Amélia (15), Mr. Arrow (6), Scroop (15), Sarah Hawkins (5), Billy Bones (6), B.E.N. (45" + 1'07"), Les Marins (4), Flint (3), Morph (15), Blind Pew (4), Pirates (24), Le Spatioport Crescentia (31), Maquettes (3'12" - VOST); la musique : clip "I'm Still Here" de John Rzeznik (4'14"), clip "Un homme libre" de David Hallyday (3'22"), fusion des mondes 2D et 3D : mouvements de caméra (1'43" - VOST), effets d'animation (1'20" - VOST), le vaisseau Legacy, bonus caché : crédits DVD dans le menu configuration aller à droite pour afficher un clap de cinéma et valider.
330    $a Jim Hawkins, un garçon de quinze ans, vit paisiblement avec sa mère dans une ville portuaire. Un jour, un dénommé Billy Bones lui remet avant de mourir un orbe précieux qui contient une carte. Celle-ci mènerait à un fabuleux trésor de pirates. Jim embarque alors comme mousse à bord du RLS Legacy, un magnifique galion de l'espace. Grâce aux conseils de John Silver, le cyborg cuisinier du navire, le jeune garçon devient un talentueux navigateur. Mais il découvre bientôt que celui-ci est en fait un pirate qui complote une mutinerie. Une adaptation du célèbre roman revisité sur le mode de la science-fiction : l'espace remplace les océans et les aliens les pirates... Un Disney techniquement novateur... 
345    $b 3459379406161 $d 64.50 EUR
700  1 $a Musker $b John $4 300 $4 690
701  1 $a Clements $b Ron $4 300 $4 690
702  1 $a Stevenson $b Robert Louis $4 100
702  1 $a Edwards $b Rob $4 690
702  1 $a Howard $b James Newton $4 230
801  0 $a FR $b ADAV $c 20070515 $g AFNOR
099    $t VD $x 45 $d 2024-05-10 $c 2018-02-09
339    $a a
091    $a 1 $b 20240510 $c 0
995    $0 0 $2 0 $4 0 $5 2018-02-09 $9 372551 $b MED $c MED $e MED2A $f C2500007224 $h JCIFED3 $k DVD/E DA PLA $l Contient 1 DVD $n 2024-05-25 $o 0 $p 44.00 $r PRETDVD $s DVD_E_DA_PLA $w 45 $y 2024-05-04 $A 0

