01780cam a2200421   4500
001 305187
003 http://www.mediathequederoubaix.fr/ark:/20179/KH305187
010    $a 978-2-84876-636-2 $b br. $d 20 EUR
020    $a FR $b 01802459
033    $a http://catalogue.bnf.fr/ark:/12148/cb45388828v
035    $a FRBNF453888280000001
073  0 $a 9782848766362
090    $a 305187
091    $b 20240510 $c 1 $a 2
099    $t LI $x 14 $d 2024-05-10 $c 2018-02-20
100    $a 20171113d2017    m  y0frey50      ba
101 0  $a fre
102    $a FR
105    $a ||||z   00|y|
106    $a r
181  0 $6 01 $a i  $b xxxe  
181    $6 02 $c txt $2 rdacontent
182  0 $6 01 $a n
182    $6 02 $c n $2 rdamedia
200 1  $a Bouge-toi, la vie est belle ! $b Texte imprimé $f Guy Gilbert
210    $a Paris $c Philippe Rey $d DL 2017
214  0 $a Paris $c Philippe Rey $d DL 2017
214  3 $a 27-Mesnil-sur-l'Estrée $c Impr. CPI Firmin-Didot
215    $a 1 vol. (332 p.) $d 22 cm
330    $a Le prêtre-éducateur invite chaque individu à cultiver les valeurs positives que sont le respect, la tolérance et la bonne humeur afin de mieux s'engager et évoluer au sein de la société. ­Electre 2018
339    $a m
606    $3 12221468 $9 44477 $a Vie chrétienne $x Église catholique $3 12062368 $9 294 $z 1970-.... $2 rameau
676    $a 259.250 92 $v 23
686    $a 920 $2 Cadre de classement de la Bibliographie nationale française
700    $3 11904885 $9 20367 $o ISNI0000000121457868 $a Gilbert $b Guy $f 1935-.... $4 070
801  0 $a FR $b FR-751131015 $c 20171113 $g AFNOR $h FRBNF453888280000001 $2 intermrc
999    $a FRBNF453888280000001
995    $0 0 $2 0 $4 0 $5 2018-02-28 $9 373094 $P 20.00 $b MED $c MED $e MED3A $f C2400001217 $h ACFREZZ $k Doc./233 PER $o 0 $p 20.00 $r PRETLIV $s DOC___233_000000000000000_PER $w 14 $y 2023-06-20

