00526nam a2200145   4500
001 305301
003 http://www.mediathequederoubaix.fr/ark:/20179/KH305301
090    $a 305301
091    $a 2 $b 20240510 $c 0
099    $t LI $x 5 $d 2024-05-10 $c 2018-02-28
100    $a 20180228d        u||y0frey50      ba
101    $a fre
200    $a Le Sacré $f Rudolf Otto
801    $a FR $b 595126101 $c 20180228 $g AFNOR
995    $0 0 $2 0 $4 0 $5 2018-02-28 $9 373105 $b MED $c MED $e MED3A $f C0001248473 $h ACFREZZ $k Doc./200 THE $o 0 $r PRETLIV $s DOC___200_000000000000000_THE $w 5 $y 2021-03-27

