01707cam a2200385   4500
001 305480
003 http://www.mediathequederoubaix.fr/ark:/20179/KH305480
010    $a 978-2-260-03234-2 $b br. $d 18 EUR
020    $a FR $b 01810969
033    $a http://catalogue.bnf.fr/ark:/12148/cb45431057p
035    $a FRBNF454310570000002
073  0 $a 9782260032342
090    $a 305480
091    $a 2 $b 20240519 $c 1
099    $t LI $x 15 $d 2024-05-19 $c 2018-03-08
100    $a 20180122d2018    m  y0frey50      ba
101 0  $a fre
102    $a FR
105    $a ||||z   00|a|
106    $a r
181  0 $6 01 $a i  $b xxxe  
181    $6 02 $c txt $2 rdacontent
182  0 $6 01 $a n
182    $6 02 $c n $2 rdamedia
200 1  $a Traité de savoir-rire à l'usage des embryons $b Texte imprimé $e roman $f Anne Akrich
210    $a Paris $c Julliard $d DL 2018
214  0 $a Paris $c Julliard $d DL 2018
215    $a 1 vol. (228 p.) $d 21 cm
330    $a L'auteure explique à son futur enfant comment elle a rencontré son compagnon, détaillant les obstacles à leur union, entre les différences d'âge, de culture et de milieu. Elle tente de répondre à ses probables questions et d'anticiper les conflits générationnels. Une autofiction sur le thème de la maternité et du couple. ­Electre 2018
339    $a m
686    $a 803 $2 Cadre de classement de la Bibliographie nationale française
700    $3 16994390 $9 268512 $o ISNI0000000452996188 $a Akrich $b Anne $f 1986-.... $4 070
801  0 $a FR $b FR-751131015 $c 20180122 $g AFNOR $h FRBNF454310570000002 $2 intermrc
999    $a FRBNF454310570000002
995    $0 0 $2 0 $3 0 $4 0 $5 2018-03-08 $9 373279 $b MED $c MED $e MED1A $f C1400003142 $h ALTROZZ $k R/AKR $o 0 $p 18.00 $r PRETLIV $s RAKR $w 15 $y 2022-08-05 $A 0

