02095cam a2200457   4500
001 305594
003 http://www.mediathequederoubaix.fr/ark:/20179/KH305594
010    $a 978-2-01-290460-6 $b br. $d 13,90 EUR
020    $a FR $b 01815406
033    $a http://catalogue.bnf.fr/ark:/12148/cb454282791
035    $a FRBNF454282790000009
073  0 $a 9782012904606
090    $a 305594
091    $a 2 $b 20240510 $c 1
099    $t LI $x 19 $d 2024-05-10 $c 2018-03-15
100    $a 20180117d2018    a  y0frey50      ba
101 1  $a fre $c eng
102    $a FR
105    $a ||||z   00|a|
106    $a r
181  0 $6 01 $a i  $b xxxe  
181    $6 02 $c txt $2 rdacontent
182  0 $6 01 $a n
182    $6 02 $c n $2 rdamedia
200 1  $a Comment dresser votre dragon $b Texte imprimé $e par Harold Horrib' Haddock, troisième du nom $f Cressida Cowell $g traduit de l'anglais (Royaume-Uni) par Antoine Pinchot
210    $e impr. en Espagne $a Vanves $c Hachette romans $d DL 2018
214  0 $a Vanves $c Hachette romans $d DL 2018
214  3 $a impr. en Espagne
215    $a 1 vol. (210 p.) $c ill. $d 22 cm
225 19 $a Harold et les dragons $v 1
330    $a Harold Horrib'Haddock III est un petit Viking qui vit sur l'île de Beurk avec sa tribu, les Hooligans hirsutes. Pour devenir membre officiel de la tribu, Harold doit accomplir un rite délicat : capturer et apprivoiser un dragon. ­Electre 2018
339    $a a
454  1 $t How to train your dragon
461  0 $0 45460214 $t Harold et les dragons $v 1
608    $a Romans $2 CNLJ $k Avis critique donné par le Centre national de la littérature pour la jeunesse
686    $a 809 $2 Cadre de classement de la Bibliographie nationale française
700    $3 13580305 $9 54614 $o ISNI0000000066547990 $a Cowell $b Cressida $f 1966-.... $4 070
702    $3 13341703 $9 40981 $o ISNI0000000000434360 $a Pinchot $b Antoine $4 730
801  0 $a FR $b FR-751131015 $c 20180117 $g AFNOR $h FRBNF454282790000009 $2 intermrc
999    $a FRBNF454282790000009
995    $0 0 $2 0 $4 0 $5 2018-03-27 $9 373929 $P 13.90 $b MED $c MED $e MED2A $f C2500007470 $h JROROZZ $k E R/COW $o 0 $p 13.90 $r PRETLIV $s E_R_COW $w 19 $y 2023-11-09

