01129njm a22002293  4500
001 305713
003 http://www.mediathequederoubaix.fr/ark:/20179/KH305713
071    $a ACD 3036 $b Atonal records
073    $a 4031851990024
090    $a 305713
091    $a 0
099    $t DC $x 2 $d 2022-09-11
100    $a 20180317d2001    u||y0frey50      ba
101    $a fre
200    $a Nebensonnen $b Enr. sonore $e Works for pianos, strings and soft electronics $f Thierry Zaboitzeff
210    $c Atonal records $d 2001
215    $a 1 d.c. $d 12 cm
327    $a Gefroren $a Nebensonnen $a Räuber und Gendarrm $a In späteren Jahren $a Alles in Ordnung $a Nebensonnen # $a Rondo $a Im berg $a Phantasiespiel $a Härte $a Grete $a Seehaus $a Mein Augenstern $a Zorn $a Nebensonnen ## $a Divertissement $a Nebensonnen ### $a Im Fluss $a Haus im Winter
606    $9 239180 $a Musique nouvelle $x Disques $y France $y Nord (France)
700    $7 ba0yba0y $8 fre    $a Zaboitzeff $b Thierry $f 1953-.... $9 646
801    $a FR $b 595126101 $c 20180317 $g AFNOR
995    $0 0 $2 0 $4 0 $5 2018-03-21 $9 373712 $b MED $c MED $e MED2D $f C3100004722 $h PENRSZZ $k FLRSON/DC 2940 $o 2 $p 19.82 $r PRETSON $s FLRSONDC_2940_000000000000000 $w 0 $y 2018-03-21

