02146cam2a22004931i 4500
001 305841
003 http://www.mediathequederoubaix.fr/ark:/20179/KH305841
005 20240510023123.0
010    $a 978-2-505-06043-7 $b br. $d 6,85 EUR
073  0 $a 9782505060437
090    $a 305841
100    $a 20140620d2014    |  |0frey5003||||ba
101 1  $a fre $c jpn
102    $a BE
105    $a         0||y|
106    $a r
181  0 $6 01 $a i  $b xxxe  
181    $6 02 $c txt $2 rdacontent
182  0 $6 01 $a n
182    $6 02 $c n $2 rdamedia
200 1  $a Assassination classroom $b Texte imprimé $h 6 $f Yusei Matsui $g traduit du japonais par Frédéric Malet
210    $a Bruxelles $c Kana $d 2014
211    $a 20141003
215    $a 1 vol. (192 p.) $c illustrations en noir et blanc $d 18 x 12 cm
225 2  $a Shonen Kana
307    $a Sens de lecture japonais
345    $b 9782505060437
410  0 $6 44756 $7 4340940000 $t Shonen Kana
461  0 $6 316299 $t Assassination classroom $v 6
676    $a 741.56 $v 23
686    $a T090401 $2 electre
686    $a GRPO000 $2 electre
700    $3 15784337 $6 1112597 $7 ba0yba0f $8 fre    $a Matsui $b Yūsei $4 070 $9 270143
702    $3 15019661 $6 1102632 $7 ba0yba0y $8 fre    $a Malet $b Frédéric $f 19..-.... $c japonisant $4 730 $9 95370
801  3 $a FR $b Electre $c 20180209 $g AFNOR
830    $a ELECTREfatiha 24 03 2011 20180328
856 4  $u http://www.electre.com/GetBlob.ashx?Ean=9782505060437,0-2330594&Size=Original
099    $t LI $x 160 $d 2024-05-10 $c 2018-03-28
339    $a a
091    $a 2 $b 20240510 $c 0
995    $0 3 $2 1 $4 0 $5 2018-04-03 $9 374274 $P 6.85 $V 6 $b MED $c MED $e MED2A $f C2500007517 $h JBDMGZZ $k E BD/MANGAS $n 2023-05-28 $o 4 $p 6.85 $r PRETLIV $s E_BD_MANGAS $w 51 $y 2023-05-07 $A 0
995    $0 0 $2 0 $4 0 $5 2019-11-09 $9 401581 $P 6.85 $V 6 $b BUS $c BUS $e BUS1A $f C2500015358 $h JBDMGZZ $k BUS ADO BD/MANGAS $o 0 $p 6.85 $r PRETLIV $s BUS_ADO_BD_MANGAS $w 25 $y 2024-04-03 $A 0
995    $0 0 $2 0 $4 0 $5 2021-01-22 $9 421332 $b MED $c MED $e MED2A $f C2500021258 $h JBDMGZZ $k E BD/MANGAS $o 0 $p 6.85 $r PRETLIV $s E_BD_MANGAS $w 41 $y 2024-05-18
995    $0 0 $2 0 $4 0 $5 2021-01-22 $9 421333 $b MED $c MED $e MED2A $f C2500028645 $h JBDMGZZ $k E BD/MANGAS $o 0 $p 6.85 $r PRETLIV $s E_BD_MANGAS $w 43 $y 2024-05-10

