02305cam a2200457   4500
001 305963
003 http://www.mediathequederoubaix.fr/ark:/20179/KH305963
010    $a 978-2-37731-047-0 $b rel. $d 23,50 EUR
020    $a FR $b 01833532
033    $a http://catalogue.bnf.fr/ark:/12148/cb454580286
035    $a FRBNF45458028000000X
073  0 $a 9782377310470
090    $a 305963
091    $a 2 $b 20240510 $c 1
099    $t LI $x 22 $d 2024-05-10 $c 2018-03-29
100    $a 20180302d2018    m  y0frey50      ba
101 0  $a fre
102    $a FR
105    $a ||||t   00|a|
106    $a r
181  0 $6 01 $a i  $b xxxe   $a b  $b xb2e  
181    $6 02 $c txt $c sti $2 rdacontent
182  0 $6 01 $a n
182    $6 02 $c n $2 rdamedia
200 1  $a Serena $b Texte imprimé $f Pandolfo, Risbjerg $g d'après le roman de Ron Rash
210    $e 85-Luçon $g Impr. Pollina $a Paris $c Sarbacane $d DL 2018
214  0 $a Paris $c Sarbacane $d DL 2018
214  3 $a 85-Luçon $c Impr. Pollina
215    $a 1 vol. (204 p.) $c ill. en coul. $d 30 cm
225    $a Collection dirigée par Frédéric Lavabre
330    $a Dans les années 1930, dans les montagnes de Caroline du Nord, Serena Pemberton, femme d'un riche exploitant forestier, ne recule devant rien pour faire fructifier leur entreprise. Mais l'Etat envisage d'intégrer leurs terres à un futur parc national. Pemberton met sa fortune à contribution pour soudoyer tous les banquiers et politiciens et Serena n'hésite pas à éliminer les obstacles humains. ­Electre 2018
339    $a m
410  0 $0 42177961 $t Collection dirigée par Frédéric Lavabre $d 2018
608    $a Bandes dessinées $2 CNLJ $k Avis critique donné par le Centre national de la littérature pour la jeunesse
686    $a 805 $2 Cadre de classement de la Bibliographie nationale française
700    $3 14406193 $9 112298 $o ISNI0000000384402068 $a Pandolfo $b Anne-Caroline $f 1970-.... $4 070
701    $3 15009711 $9 113966 $o ISNI0000000002654615 $a Risbjerg $b Terkel $f 1974-.... $4 070
702    $3 16108536 $9 100361 $o ISNI0000000122831807 $a Rash $b Ron $f 1953-.... $4 100
801  0 $a FR $b FR-751131015 $c 20180302 $g AFNOR $h FRBNF45458028000000X $2 intermrc
999    $a FRBNF45458028000000X
995    $0 0 $2 0 $4 0 $5 2018-04-11 $9 374646 $b MED $c MED $e MED0C $f C2500007998 $h AAPBDZZ $k BD/PAN $o 0 $p 23.50 $r PRETLIV $s BD_PAN $w 22 $y 2023-03-02

