02379cam a2200493   4500
001 306098
003 http://www.mediathequederoubaix.fr/ark:/20179/KH306098
010    $a 978-2-7071-9802-0 $b br. $d 19,50 EUR
020    $a FR $b 01831519
033    $a http://catalogue.bnf.fr/ark:/12148/cb454488929
035    $a FRBNF454488920000000
073  0 $a 9782707198020
090    $a 306098
091    $a 2 $b 20240510 $c 1
099    $t LI $x 7 $d 2024-05-10 $c 2018-03-30
100    $a 20180216d2018    m  y0frey50      ba
101 1  $a fre $c lsf
102    $a FR
105    $a ||||z   00|y|
106    $a r
181  0 $6 01 $a i  $b xxxe  
181    $6 02 $c txt $2 rdacontent
182  0 $6 01 $a n
182    $6 02 $c n $2 rdamedia
200 1  $a Paroles de sourds $b Texte imprimé $e à la découverte d'une autre culture $f Patrick Belissen $g avec Philippe Angèle, Nadia Chemoun, Ode Punsola... [et al.] $g préface de Benoît Drion $g traduit de la langue des signes française par le CETIM
210    $e 18-Saint-Amand-Montrond $g Impr. CPI Bussière $a Paris $c la Découverte $d DL 2018
214  0 $a Paris $c la Découverte $d DL 2018
214  3 $a 18-Saint-Amand-Montrond $c Impr. CPI Bussière
215    $a 1 vol. (270 p.) $d 22 cm
225    $a Cahiers libres
330    $a Six témoignages de sourds revendiquant une culture propre liée à la langue des signes et qui s'opposent à une vision simplement médicale de leur situation. ­Electre 2018
339    $a m
410  0 $0 34232074 $t Cahiers libres $x 0526-8370 $d 2018
606    $3 12648912 $9 25831 $a Surdité $3 11931476 $9 109 $y France $2 rameau
606    $3 11960517 $9 306900 $a Sourds $3 11965815 $9 504 $x Conditions sociales $3 11931476 $9 109 $y France $2 rameau
606    $3 15781321 $9 92059 $a Langue des signes française $2 rameau
608    $3 11976851 $9 114 $a Récits personnels $2 rameau
676    $a 362.420 92 $v 23
686    $a 360 $2 Cadre de classement de la Bibliographie nationale française
700    $3 17738179 $9 306901 $o ISNI0000000465153091 $a Belissen $b Patrick $4 070
712 11 $3 16747509 $9 306902 $a Centre de traduction, interprétation et médiation linguistique $c Toulouse $4 730
801  0 $a FR $b FR-751131015 $c 20180216 $g AFNOR $h FRBNF454488920000000 $2 intermrc
999    $a FRBNF454488920000000
995    $0 0 $2 0 $4 0 $5 2018-04-13 $9 374821 $b MED $c MED $e MED3A $f C2400001283 $h ACFSSZZ $k Doc./352 HAN $o 0 $p 19.50 $r PRETLIV $s DOC___352_000000000000000_HAN $w 7 $y 2023-09-30 $A 0

