02042cam a2200421   4500
001 306209
003 http://www.mediathequederoubaix.fr/ark:/20179/KH306209
010    $a 978-2-36981-499-3 $b br. $d 12,50 EUR
020    $a FR $b 01824857
033    $a http://catalogue.bnf.fr/ark:/12148/cb45447448g
035    $a FRBNF454474480000006
073  0 $a 9782369814993
090    $a 306209
091    $a 0 $b 20230609 $c 1
099 00 $x 60 $t LI $d 2024-05-12 $c 2018-04-07
100    $a 20180214d2018    a  y0frey50      ba
101 1  $a fre $c eng
102    $a FR
105    $a ||||t   00|a|
106    $a r
200 1  $a Jack le téméraire $b Texte imprimé $f Ben Hatke $h 2 $i Face au roi des gobelins
210    $e 85-Luçon $g Impr. Pollina $a Paris $c Rue de Sèvres $d DL 2018
214  0 $a Paris $c Rue de Sèvres $d DL 2018
214  3 $a 85-Luçon $c Impr. Pollina
215    $a 1 vol. (205 p.) $c ill. en coul. $d 22 cm
225 19 $a Jack le téméraire $v 2
300    $a Trad. de l'anglais
321    $a La Revue des livres pour enfants $x 0398-8384 $c 300
330    $a Maddy, la soeur cadette de Jack, a été enlevée par un ogre. Jack et Lily poursuivent le ravisseur. En passant le portail qui les emmène sur la terre des Géants, ils se retrouvent au carrefour flottant entre les mondes. Une course s'ensuit pour sauver la captive, tandis qu'une lutte de pouvoir s'installe entre les mondes et les créatures. ­Electre 2018
333    $a À partir de 9 ans
339    $a a
461  0 $0 45283058 $t Jack le téméraire $v 2
608    $a Bandes dessinées $2 CNLJ
686    $2 Cadre de classement de la Bibliographie nationale française
700    $3 15786159 $9 115949 $a Hatke $b Ben $4 070
801  0 $a FR $b FR-751131015 $c 20180214 $g AFNOR $h FRBNF454474480000006 $2 intermrc
995    $0 0 $2 0 $4 0 $5 2018-04-13 $9 374824 $b MED $c MED $e MED2A $f C2500007770 $h JBDSRZZ $k E BD/SERIES $n 2024-06-23 $o 0 $p 12.50 $r PRETLIV $s E_BD_SERIES $w 56 $y 2024-05-12
995    $0 0 $2 0 $4 0 $5 2018-04-13 $9 374841 $b MED $c MED $e MED0A $f C2500007912 $h JBDZZZZ $k EXT E BD/HAT $o 0 $p 12.50 $r PRETLIV $s EXT_E_BD_HAT $w 4 $y 2023-09-19

