02420cam a2200493   4500
001 306317
003 http://www.mediathequederoubaix.fr/ark:/20179/KH306317
010    $a 978-2-7470-6338-8 $b br. $d 10,90 EUR
020    $a FR $b 01821725
033    $a http://catalogue.bnf.fr/ark:/12148/cb454294654
035    $a FRBNF454294650000009
073  0 $a 9782747063388
090    $a 306317
091    $a 2 $b 20240510 $c 1
099    $t LI $x 4 $d 2024-05-10 $c 2018-04-10
100    $a 20180118d2018    a  y0frey50      ba
101 1  $a fre $c dut
102    $a FR
105    $a ||||z   00|a|
106    $a r
181  0 $6 01 $a i  $b xxxe  
181    $6 02 $c txt $2 rdacontent
182  0 $6 01 $a n
182    $6 02 $c n $2 rdamedia
200 1  $a La rencontre $b Texte imprimé $f Michael De Cock $g traduit du néerlandais (Belgique) par Yvonne Pétrequin $g illustré par Judith Vanistendael
210    $e impr. en Italie $a Montrouge $c Bayard jeunesse $d DL 2018
214  0 $a Montrouge $c Bayard jeunesse $d DL 2018
214  3 $a impr. en Italie
215    $a 1 vol. (119 p.) $c ill. $d 20 cm
225 19 $a Rosie et Moussa $v 1
329    $c Intéressant $2 CNLJ $k Avis critique donné par le Centre national de la littérature pour la jeunesse
330    $a Rosie et sa mŁre dØmØnagent à l'autre bout de la ville, tout en haut d'une immense tour. La jeune fille rencontre Moussa, un garçon de son Đge. Il lui propose un jour de l'emmener sur le toit, malgrØ l'interdiction du concierge, monsieur Tak. ­Electre 2018
333    $a À partir de 9 ans $2 CNLJ $k Avis critique donné par le Centre national de la littérature pour la jeunesse
339    $a a
454  1 $t Rosie en Moussa
461  0 $0 45474941 $t Rosie et Moussa $v 1
608    $a Romans $2 CNLJ $k Avis critique donné par le Centre national de la littérature pour la jeunesse
686    $a 809 $2 Cadre de classement de la Bibliographie nationale française
700    $3 15118797 $9 278675 $o ISNI0000000369059134 $a De Cock $b Michael $f 1972-.... $4 070
702    $3 16742824 $9 278676 $o ISNI0000000427735728 $a Pétrequin $b Yvonne $4 730
702    $3 15700455 $9 278677 $o ISNI0000000120284643 $a Vanistendael $b Judith $f 1974-.... $4 440
801  0 $a FR $b FR-751131015 $c 20180118 $g AFNOR $h FRBNF454294650000009 $2 intermrc
999    $a FRBNF454294650000009
995    $0 0 $2 0 $4 0 $5 2018-04-11 $9 374721 $b MED $c MED $e MED0A $f C2500007653 $h JROROZZ $k EXT E R/DEC $n 2024-07-11 $o 0 $p 10.90 $r PRETLIV $s EXT_E_R_DEC $w 4 $y 2023-08-31 $A 0

