03012cam a2200421   4500
001 306458
003 http://www.mediathequederoubaix.fr/ark:/20179/KH306458
010    $a 978-2-280-36930-5 $b br. $d 7,50 EUR
020    $a FR $b 01761822
033    $a http://catalogue.bnf.fr/ark:/12148/cb453436017
035    $a FRBNF45343601000000X
073  0 $a 9782280369305
090    $a 306458
091    $a 2 $b 20240510 $c 1
099    $t LI $x 11 $d 2024-05-10 $c 2018-04-18
100    $a 20170908d2017    m  y0frey50      ba
101 1  $a fre $c eng
102    $a FR
105    $a ||||z   00|a|
106    $a r
181  0 $6 01 $a i  $b xxxe  
181    $6 02 $c txt $2 rdacontent
182  0 $6 01 $a n
182    $6 02 $c n $2 rdamedia
200 1  $a Séduit par sa rivale $b Texte imprimé $f Brenda Jackson $c Un patron insupportable $f Christine Rimmer
210    $a Paris $c Harlequin $d DL 2017 $e impr. en Espagne
215    $a 1 vol. (375 p.) $d 18 cm
225    $a Passions $x 1950-2761 $v 675
300    $a Trad. de : "The rancher returns" / Brenda Jackson. "Ms. Bravo and the boss" / Christine Rimmer
330    $a Séduit par sa rivale, Brenda Jackson Quand Claire apprend que le milliardaire Luca Moretti est le père biologique de sa petite Eva - à la suite d'une erreur du laboratoire où elle a subi une FIV -, elle est totalement abasourdie. Très vite, cependant, sa stupéfaction se transforme en colère face aux exigences du milliardaire : comment cet homme froid et arrogant ose-t-il vouloir régenter sa vie ? S'il pense que sa richesse lui donne des droits sur elle et sa petite Eva, il se trompe lourdement ! Déterminée à garder le contrôle de son existence, Claire décide de tout faire pour contrer Luca. En faisant taire la petite voix qui, au fond d'elle, lui murmure pourtant qu'elle ne peut priver son enfant de son père... Un patron insupportable, Christine Rimmer Blake ne laissera pas Shannon s'en sortir, il s'en fait la promesse. Lui qui paye cette femme une fortune pour s'occuper de son vieil oncle, voilà qu'il vient d'apprendre qu'elle le laisse livré à lui-même, sans surveillance. Il l'a donc décidé : il remettra cette ingrate à sa place et lui fera comprendre qu'elle ne retrouvera pas un travail de sitôt ! Pourtant, à peine se retrouve-t-il face à la jeune infirmière qu'il se sent fondre. Ce sourire angélique, ces grands yeux innocents... comment annoncer à Shannon qu'il compte la licencier alors qu'il ne rêve plus que de goûter au parfum de ses lèvres ?
339    $a m
410  0 $0 40973229 $t Passions (Paris. 2006) $x 1950-2761 $v 675
454  0 $t The rancher returns
686    $a 803 $2 Cadre de classement de la Bibliographie nationale française
700    $3 14631436 $9 120005 $o ISNI0000000117535931 $a Jackson $b Brenda $f 1953-.... $4 070
801  0 $a FR $b FR-751131015 $c 20170908 $g AFNOR $h FRBNF45343601000000X $2 intermrc
999    $a FRBNF45343601000000X
995    $0 0 $2 0 $4 0 $5 2018-04-18 $9 375169 $b MED $c MED $e MED1A $f C2500008077 $h ALTROAM $k RS/JAC $o 0 $p 7.50 $r PRETLIV $s RS_JAC $w 11 $y 2023-02-08 $A 0

