01292nam a2200253   4500
001 306602
003 http://www.mediathequederoubaix.fr/ark:/20179/KH306602
090    $a 306602
091    $a 0
099    $t LI $d 2022-05-11
100    $a 20180426d2017    u||y0frey50      ba
101    $a fre
200    $a Héros de fil et de bois $e marionnettes de Lille et de Roubaix $e cahier pédagogique de l'exposition au Musée de l'Hospice Comtesse, du 8 décembre 2017 au 15 avril 2018 $f Musée de l'Hospice Comtesse $g [commissariat Alain Guillemin, Vincent Laden]
210    $a Lille $c Musée de l'Hospice Comtesse $d [2017]
215    $a 35 p. $c ill. en noir et en coul., couv. ill. en coul. $d 30 cm
300    $a Ex-dono Bernard Grelle
606    $9 236541 $a Marionnettes $x Catalogues d'exposition $y France $y Lille (Nord)
606    $9 238122 $a Marionnettes $x Catalogues d'exposition $y France $y Roubaix (Nord)
702    $4 273 $9 279243 $a Guillemin $b Alain $f 1947-....
702    $4 273 $9 294907 $a Laden $b Vincent 
702    $4 320 $7 ba0yba0y $8 fre    $a Grelle $b Bernard $f 1943-.... $9 81239
710    $9 125618 $a Musée de l'Hospice Comtesse (Lille)
801    $a FR $b 595126101 $c 20180426 $g AFNOR
995    $0 0 $2 0 $4 0 $5 2018-04-26 $9 375442 $b MED $c MED $e MED3P $f C0005924622 $h PPEFGZZ $k RES 4/1481 $o 2 $r PRETLIV $s RES_4_148100000000000 $w 0 $y 2018-04-26

