01910cam a2200421   4500
001 306835
003 http://www.mediathequederoubaix.fr/ark:/20179/KH306835
010    $a 978-2-07-278630-3 $b br. $d 15 EUR
020    $a FR $b 01837238
033    $a http://catalogue.bnf.fr/ark:/12148/cb45479085p
035    $a FRBNF454790850000008
073  0 $a 9782072786303
090    $a 306835
091    $a 2 $b 20240519 $c 1
099    $t LI $x 15 $d 2024-05-19 $c 2018-05-04
100    $a 20180404d2018    m  y0frey50      ba
101 0  $a fre
102    $a FR
105    $a ||||z   00|y|
106    $a r
181  0 $6 01 $a i  $b xxxe  
181    $6 02 $c txt $2 rdacontent
182  0 $6 01 $a n
182    $6 02 $c n $2 rdamedia
200 1  $a Mon frère $b Texte imprimé $f Daniel Pennac
210    $e 61-Lonrai $g Normandie roto impr. $a [Paris] $c Gallimard $d DL 2018
214  0 $a [Paris] $c Gallimard $d DL 2018
214  3 $a 61-Lonrai $c Normandie roto impr.
215    $a 1 vol. (128 p.) $d 21 cm
300    $a Contient des textes extraits de "Bartleby le scribe" d'Herman Melville
330    $a D. Pennac rend hommage à Bernard, son frère disparu. Tous deux étaient passionnés par le personnage éponyme de la nouvelle de Melville, Bartleby le Scribe, dont la personnalité était similaire à celle du défunt. L'auteur dresse un portrait émouvant qui mêle des extraits de l'adaptation théâtrale de la nouvelle à des anecdotes plus personnelles. ­Electre 2018
339    $a m
676    $a 848.914 03 (oeuvre) $v 23
686    $a 804 $2 Cadre de classement de la Bibliographie nationale française
700    $3 11919056 $9 289163 $o ISNI0000000121258295 $a Pennac $b Daniel $f 1944-.... $4 070
801  0 $a FR $b FR-751131015 $c 20180404 $g AFNOR $h FRBNF454790850000008 $2 intermrc
999    $a FRBNF454790850000008
995    $0 0 $2 0 $4 0 $5 2018-05-04 $9 375733 $b MED $c MED $e MED1A $f C1400003560 $h ALTTLZZ $k LIT/PEN $o 0 $p 15.00 $r PRETLIV $s LIT_PEN $w 16 $y 2021-08-28 $A 0

