00813nas a2200241   4500
001 306954
003 http://www.mediathequederoubaix.fr/ark:/20179/KH306954
005 20181115183309.0
011    $a 0396-566X
033    $a http://catalogue.bnf.fr/ark:/12148/cb425178283
090    $a 306954
091    $a 0
099    $t PE $c 2014-06-30 $d 2014-06-30 $x 0
100    $a 19       19571972k||y0frey5003    ba
101    $a fre
200    $a Dictionnaire Canard
207    $a 1957-1972
210    $a Paris $c Le Canard enchaîné  $d 1957-1972 
326    $a Annuel
339    $a m
606    $9 257706 $a Presse satirique $y France $x Périodiques $z 20e siècle
801  0 $a FR $b 595126101 $c 20110506 $g AFNOR
995    $0 0 $2 0 $4 0 $5 2018-05-05 $9 375880 $b MED $c MED $e MED3T $f P 10399 $h PPEPRZZ $k P 10399 $o 2 $r PRETPER $s P_10399_000000000000000 $w 0 $y 2018-05-05

