02258cam1a2200493 i 4500
001 307063
003 http://www.mediathequederoubaix.fr/ark:/20179/KH307063
005 20240510024048.0
010    $a 978-2-215-16051-9 $b cart. $d 7,95 EUR
073  0 $a 9782215160519
090    $a 307063
100    $a 20171027d2018    d  |0frey5003||||ba
101 0  $a fre
102    $a FR
105    $a         0||y|
106    $a r
181  0 $6 01 $a i  $b xxxe  
181    $6 02 $c txt $2 rdacontent
182  0 $6 01 $a n
182    $6 02 $c n $2 rdamedia
200 1  $a Mickey $b Texte imprimé $f concepteur Jacques Beaumont $g texte Sabine Boccador
210    $a Paris $c Fleurus $d 2018
211    $a 20180309
215    $a 1 vol. (27 p.) $c illustrations en noir et en couleur $d 30 x 24 cm
225 2  $a La grande imagerie $x 1264-1790
330    $a A l'occasion des quatre-vingt-dix ans de Mickey, un album qui retrace les origines de cette souris, ses débuts au cinéma, en bande dessinée, son évolution, sa famille, ses amis et ses ennemis. ­Electre 2018
333    $a A partir de 9 ans
345    $b 9782215160519
410  0 $0 34287052 $6 24506 $7 4109510000 $t La grande imagerie $x 1264-1790
600    $3 12061502 $9 268446 $7 ba0yba0y $8 fre    $a Mickey Mouse $c personnage fictif $3 11934444 $9 494 $x Histoire $3 12042408 $9 314947 $x Ouvrages pour la jeunesse $2 rameau $9 268446
676    $a 791.433 4 $v 23
686    $a J220203 $2 electre
686    $a GJEU007 $2 electre
686    $a PJ0401 $2 electre
701    $3 13092660 $6 11450385 $7 ba0yba0y $8 fre    $a Beaumont $b Jacques $f 1949-.... $4 245 $9 101696
701    $3 13610615 $6 110979 $7 ba0yba0y $8 fre    $a Boccador $b Sabine $f 1965-.... $4 070 $9 18003
801  3 $a FR $b Electre $c 20180315 $g AFNOR
830    $a ELECTREJEU/CdeDocMai 20180512
856 4  $u http://www.electre.com/GetBlob.ashx?Ean=9782215160519,0-4761574&Size=Original
099    $t LI $x 31 $d 2024-05-10 $c 2018-05-12
339    $a a
091    $a 2 $b 20240510 $c 0
995    $0 0 $2 0 $4 0 $5 2018-05-24 $9 376535 $b MED $c MED $e MED0A $f C2500008477 $h JDT70ZZ $k EXT E/749 DIS $n 2024-06-27 $o 0 $p 7.95 $r PRETLIV $s EXT_E_749_000000000000000_DIS $w 14 $y 2023-08-18 $8 MA028
995    $0 0 $2 0 $4 0 $5 2018-06-06 $9 377093 $b MED $c MED $e MED2A $f C2500008654 $h JDT80ZZ $k E/808.8 ABC $o 0 $p 7.95 $r PRETLIV $s E_808_800000000000000_ABC $w 17 $y 2024-01-02

