01823cam a2200433   4500
001 307186
003 http://www.mediathequederoubaix.fr/ark:/20179/KH307186
010    $a 978-2-8094-6840-3 $b rel. $d 15 EUR
020    $a FR $b 01841050
033    $a http://catalogue.bnf.fr/ark:/12148/cb45481571n
035    $a FRBNF454815710000007
073  0 $a 9782809468403
090    $a 307186
091    $a 2 $b 20240510 $c 1
099    $t LI $x 23 $d 2024-05-10 $c 2018-05-15
100    $a 20180409d2018    m  y0frey50      ba
101 1  $a fre $c eng
102    $a FR
105    $a ||||t   00|a|
106    $a r
181  0 $6 01 $a i  $b xxxe   $a b  $b xb2e  
181    $6 02 $c txt $c sti $2 rdacontent
182  0 $6 01 $a n
182    $6 02 $c n $2 rdamedia
200 1  $a Soulèvement $b Texte imprimé $f cocréateur, scénario, dessin, Mark Millar, Frank Quitely $g couleurs, Sunny Gho...
210    $e impr. en Italie $a Nice $c Panini comics $d DL 2018
214  0 $a Nice $c Panini comics $d DL 2018
214  3 $a impr. en Italie
215    $a 1 vol. (non paginé [ca 150] p.) $c ill. en coul. $d 27 cm
225 19 $a Jupiter's legacy $v tome 2
300    $a Trad. de l'anglais
330    $a Hutch, Jason et Chloe doivent faire un choix : protéger leur famille ou devenir des super-héros et assurer ainsi la liberté du monde. ­Electre 2018
339    $a m
686    $a 805 $2 Cadre de classement de la Bibliographie nationale française
700    $3 14453163 $9 74160 $o ISNI0000000109178591 $a Millar $b Mark $f 1969-.... $4 070
701    $3 13630425 $9 77884 $o ISNI0000000109688006 $a Quitely $b Frank $f 1968-.... $4 070
801  0 $a FR $b FR-751131015 $c 20180409 $g AFNOR $h FRBNF454815710000007 $2 intermrc
999    $a FRBNF454815710000007
995    $0 0 $2 0 $4 0 $5 2018-06-01 $9 376848 $b MED $c MED $e MED0C $f C2200007409 $h AAPBDCM $k BD COMICS/MIL $o 0 $p 15.00 $r PRETLIV $s BD_COMICS_MIL $w 23 $y 2024-04-27

