02311ngm0a2200433   4500
001 307304
003 http://www.mediathequederoubaix.fr/ark:/20179/KH307304
073  1 $a 3475001054760
090    $a 307304
091    $a 1 $b 20240510 $c 0
099    $t VD $x 30 $d 2024-05-10 $c 2018-05-22
100    $a 20180328d2018    m  y0frey5003    ba
101 0  $a fre
102    $a FR
115    $a c105baizxbx||||bkxx|
200 1  $a Normandie Nue $b DVD $f Philippe Le Guay, réal. $g Philippe Le Guay, Olivier Dazat, dialog. $g Philippe Le Guay, Olivier Dazat, scénario $g Bruno Coulais, comp. $g François Cluzet, Toby Jones, François-Xavier Demaison, Arthur Dupont, Grégory Gadebois, Philippe Rebbot, Vincent Regan, ... [et al.] act.
210    $a Neuilly-sur-Seine $c M6 vidéo $d 2018
215    $a 1 DVD 2 couches sur une simple face (01 h 45 mn) $c 16/9, coul., (PAL), Son. (Dolby Digital 5.1; français)
300    $a Langues principales : français; 
300    $a Droit de prêt et consultation
300    $a Les Films des Tournelles, SND, France 2 Cinéma, cop. 2018
300    $a *
330    $a Au Mêle-sur-Sarthe, petit village normand, les éleveurs sont touchés par la crise. Georges Balbuzard, le maire de la ville, n'est pas du genre à se laisser abattre et décide de tout tenter pour sauver son village... Le hasard veut que Blake Newman, grand photographe conceptuel qui déshabille les foules, soit de passage dans la région. Balbuzard y voit l'occasion de sauver son village. Seulement voilà, aucun Normand n'est d'accord pour se mettre à nu...
339    $a m
345    $b 3475001054760 $d 57.60 EUR
606    $a Comédies dramatiques (cinéma) $x DVD $y France $2 rameau
700  1 $a Le Guay $b Philippe $4 300 $4 690 $4 090
702  1 $a Dazat $b Olivier $4 690 $4 090
702  1 $a Coulais $b Bruno $4 230
702  1 $a Cluzet $b François $4 005
702  1 $a Jones $b Toby $4 005
702  1 $a Demaison $b François-Xavier $4 005
702  1 $a Dupont $b Arthur $4 005
702  1 $a Gadebois $b Grégory $4 005
702  1 $a Rebbot $b Philippe $4 005
702  1 $a Regan $b Vincent $4 005
801  0 $a FR $b ADAV $c 20180328 $g AFNOR
856    $u http://www.adav-assoc.com/4DACTION/GetImage/243912
995    $0 0 $2 0 $4 0 $5 2018-05-22 $9 376463 $b MED $c MED $e MED1A $f C1400003520 $h AAPCIFI $k DVD/F LEG $o 0 $p 32.00 $r PRETDVD $s DVD_F_LEG $w 30 $y 2024-01-18 $7  $8  $A  $m  $z 

