02117cam1a2200481 i 4500
001 307419
003 http://www.mediathequederoubaix.fr/ark:/20179/KH307419
005 20240510024813.0
010    $a 978-2-8161-6183-0 $b br. $d 29,50 EUR
073  0 $a 9782816161830
090    $a 307419
100    $a 20161020d2017    m  |0frey5003||||ba
101 0  $a fre
102    $a AU
105    $a         0||y|
106    $a r
181  0 $6 01 $a i  $b xxxe  
181    $6 02 $c txt $2 rdacontent
182  0 $6 01 $a n
182    $6 02 $c n $2 rdamedia
200 1  $a Argentine et Uruguay $b Texte imprimé $f édition écrite et actualisée par Sandra Bao, Gregor Clark, Bridget Gleeson et al.
205    $a 6e édition
210    $a Victoria (Australie) $c Lonely planet $d 2017
211    $a 20170105
215    $a 1 vol. (698 p.) $c illustrations en couleur, cartes $d 20 x 13 cm
225 2  $a Guide de voyage $x 1242-9244
300    $a Traduit de l'anglais
300    $a Index
330    $a Guide présentant l'Argentine et L'Uruguay, les activités en plein air possibles comme les randonnées, l'alpinisme et la pêche. Des chapitres sont consacrés à la culture et à la cuisine pour mieux appréhender la société des deux pays. Propose également des options de voyage durable. Avec un plan détachable de Buenos Aires. ­Electre 2018
333    $a Tout public
345    $b 9782816161830
410  0 $6 45939 $7 4355090000 $t Guide de voyage $x 1242-9244
607    $3 11930952 $9 9359 $7 ba0yba0y $8 fre    $a Argentine $3 11976799 $9 3609 $x Guides touristiques et de visite $2 rameau $9 9359
607    $3 11933470 $9 74724 $7 ba0yba0y $8 fre    $a Uruguay $3 11976799 $9 3609 $x Guides touristiques et de visite $2 rameau $9 74724
676    $a 918 $v 23
686    $a T380207 $2 electre
686    $a GGUI001 $2 electre
686    $a PG0100 $2 electre
801  3 $a FR $b Electre $c 20170206 $g AFNOR
099    $t LI $x 10 $d 2024-05-10 $c 2018-05-29
339    $a m
091    $a 2 $b 20240510 $c 0
995    $0 0 $2 0 $4 0 $5 2018-06-07 $9 377212 $b MED $c MED $e MED1A $f C2200007423 $h AAPPLGO $k Doc./908 SUD $o 0 $p 29.50 $r PRETLIV $s DOC___908_000000000000000_SUD $u contient une carte  $w 10 $y 2023-05-02

