02410ngm0a2200469   4500
001 307551
003 http://www.mediathequederoubaix.fr/ark:/20179/KH307551
073  1 $a 8717418510695
090    $a 307551
091    $a 1 $b 20240510 $c 0
099    $t VD $x 35 $d 2024-05-18 $c 2018-06-01
100    $a 20180202d2018    m  y0frey5003    ba
101 2  $a fre $a eng $c eng $j fre
102    $a US
115    $a c126baizxbx||||bkxx|
200 1  $a Thor : Ragnarok $b DVD $f Taika Waititi, réal. $g Stan Lee, Larry Lieber, Jack Kirby, adapt. $g Eric Pearson, Craig Kyle, Christopher Yost, scénario $g Mark Mothersbaugh, comp. $g Chris Hemsworth, Tom Hiddleston, Cate Blanchett, Idris Elba, Jeff Goldblum, Tessa Thompson, ... [et al.] act.
210    $a Burbank CA, tats-Unis $c Marvel $d 2018
215    $a 1 DVD 2 couches sur une simple face (02 h 06 mn) $c 2.4, 16/9, coul., (PAL), Son. (Dolby Digital 5.1; français; anglais)
300    $a Langues principales : français, anglais; Sous-titres : français
300    $a Droit de prêt seulement
300    $a Marvel Entertainment, Marvel Studios, Walt Disney Pictures, cop. 2017
300    $a **
330    $a Privé de son puissant marteau, Thor est retenu prisonnier sur une lointaine planète aux confins de l'univers. Pour sauver Asgard, il va devoir lutter contre le temps afin d'empêcher l'impitoyable Hela d'accomplir le Ragnarök - la destruction de son monde et la fin de la civilisation asgardienne. Mais pour y parvenir, il va d'abord devoir mener un combat titanesque de gladiateurs contre celui qui était autrefois son allié au sein des Avengers, l'incroyable Hulk...
339    $a m
345    $b 8717418510695 $d 64.50 EUR
606    $a Films de science-fiction $x DVD $y Etats-Unis $2 rameau
700  1 $a Waititi $b Taika $4 300
702  1 $a Lee $b Stan $4 100
702  1 $a Lieber $b Larry $4 100
702  1 $a Kirby $b Jack $4 100
702  1 $a Pearson $b Eric $4 690
702  1 $a Kyle $b Craig $4 690
702  1 $a Yost $b Christopher $4 690
702  1 $a Mothersbaugh $b Mark $4 230
702  1 $a Hemsworth $b Chris $4 005
702  1 $a Hiddleston $b Tom $4 005
702  1 $a Blanchett $b Cate $4 005
702  1 $a Elba $b Idris $4 005
702  1 $a Goldblum $b Jeff $4 005
702  1 $a Thompson $b Tessa $4 005
801  0 $a FR $b ADAV $c 20180202 $g AFNOR
995    $0 0 $2 0 $4 0 $5 2018-06-01 $9 376856 $b MED $c MED $e MED1A $f C1400006441 $h AAPCIFI $k DVD/F MAR $n 2024-06-08 $o 0 $p 44.00 $r PRETDVD $s DVD_F_MAR $w 35 $y 2024-05-18

