02590cam a2200493   4500
001 307692
003 http://www.mediathequederoubaix.fr/ark:/20179/KH307692
010    $a 978-2-343-14085-8 $b br. $d 20,50 EUR
020    $a FR $b 01819310
033    $a http://catalogue.bnf.fr/ark:/12148/cb45460002s
035    $a FRBNF454600020000000
073  0 $a 9782343140858
090    $a 307692
091    $a 2 $b 20240510 $c 1
099    $t LI $x 3 $d 2024-05-10 $c 2018-06-05
100    $a 20180307d2018    m  y0frey50      ba
101 0  $a fre
102    $a FR
105    $a ||||z   00|y|
106    $a r
181  0 $6 01 $a i  $b xxxe  
181    $6 02 $c txt $2 rdacontent
182  0 $6 01 $a n
182    $6 02 $c n $2 rdamedia
200 1  $a Les oubliés de la guerre des Flandres $b Texte imprimé $e les soldats portugais dans la bataille de la Lys, 9 avril 1918 $f Manuel Do Nascimento $g préface de Georges Adrien Vilar Viaud
210    $e 14-Condé-sur-Noireau $g Impr. Corlet numérique $a Paris $c l'Harmattan $d impr. 2018
214  0 $a Paris $c l'Harmattan $d impr. 2018
214  3 $a 14-Condé-sur-Noireau $c Impr. Corlet numérique
215    $a 1 vol. (198 p.) $c ill. $d 22 cm
225    $a Mémoires du XXe siècle $i Première guerre mondiale
300    $a Bibliogr. p. 191-195
330    $a La bataille de Lys constitue un moment important de la participation et du sacrifice des Portugais pendant la Première Guerre mondiale. Cet ouvrage remémore l'engagement des volontaires du Portugal dans le conflit, les différentes unités qu'ils intégraient, leurs comportements et leur implication militaire avant d'évoquer la commémoration et le devoir de mémoire à leur égard. ­Electre 2018
339    $a m
410  0 $0 43545823 $t Mémoires du XXe siècle. Série Première guerre mondiale $x 2265-6111 $d 2018
410  0 $0 34280885 $t Mémoires du XXème siècle $x 1248-6825 $d 2018
606    $3 11939093 $9 3813 $a Guerre mondiale (1914-1918) $3 12115669 $9 307152 $x Participation portugaise $2 rameau
606    $3 16610134 $9 278812 $a Bataille de la Lys (avril 1918) $2 rameau
676    $a 940.412 469 $v 23
686    $a 940 $2 Cadre de classement de la Bibliographie nationale française
700    $3 12782487 $9 278813 $o ISNI0000000058880224 $a Do Nascimento $b Manuel $f 1949-.... $4 070
702    $3 17721172 $9 278814 $a Vilar Viaud $b Georges Adrien $4 080
801  0 $a FR $b FR-751131015 $c 20180307 $g AFNOR $h FRBNF454600020000000 $2 intermrc
999    $a FRBNF454600020000000
995    $0 0 $2 0 $4 0 $5 2018-06-09 $9 377389 $b MED $c MED $e MED0C $f c3200011893 $h PRRRGZZ $k FR/944.081 4 DON $o 0 $p 21.00 $r PRETLIV $s FR_944_081000000000000_4_DON $w 3 $y 2019-02-12

00939 am a2200241   4500
001 307825
003 http://www.mediathequederoubaix.fr/ark:/20179/KH307825
010    $a 978-2-258-14878-9 $d 15,90 EUR
090    $a 307825
091    $a 2 $b 20240510 $c 0
099    $t LI $x 6 $d 2024-05-10 $c 2018-06-15
100    $a 20180615d2018    u  u0frey50      ba
101    $a fre
200 1  $a Le guide intergalactique des prénoms geek $f Audureau, William
210    $c Hors Collection $d 2018
215    $a 192 p. $d 23 cm
330    $a Le guide très décalé des prénoms geek à l'usage des futurs parents de demain. Attention, pépites !
339    $a m
345    $a Librairie Les LisiŁres $b 9782258148789
606    $a Geeks
606    $a Prénoms
801  3 $a FR $b Librairie Les LisiŁres $c 20180615 $g AFNOR
995    $0 0 $2 0 $4 0 $5 2018-06-19 $9 377596 $b MED $c MED $e MED1A $f C3100005041 $h AAPCGVI $k Doc./797 ABC $o 0 $p 0.00 $r PRETLIV $s DOC___797_000000000000000_ABC $w 6 $y 2020-10-07

