01453nam a2200277   4500
001 307929
003 http://www.mediathequederoubaix.fr/ark:/20179/KH307929
010    $a 2-9514152-8-1
090    $a 307929
091    $a 0
099    $t LI $d 2022-09-27
100    $a 20180616d2008    m||y0frey50      ba
101    $a fre
200    $a Tombés du ciel... $e les aviateurs abattus au-dessus du Nord-Pas-de-Calais (1940-1944)  $f sous la dir. d'Yves Le Maner
210    $a Wizernes $c La Coupole $a [Villeneuve-d'Ascq] $c MEMOR Nord Pas-de-Calais $d 2008
215    $a VI-179 p. $c fac-sim., graph, ill. en noir et en coul., couv. ill. en coul. $d 28 cm
300    $a Réunit le catalogue de l'exposition temporaire présentée à La Coupole, Wizernes, en 2007 et les actes du colloque organisé à La Coupole, le 12 mai 2007
300    $a MEMOR = Mémoire de l'Occupation et de la Résistance en zone interdite
320    $a Bibliogr.
503    $a Exposition  $d 2007 $m Wizernes $n La Coupole
606    $7 ba0yba0y $8 fre    $a Guerre mondiale (1939-1945) $9 569
606    $9 237443 $a Guerre mondiale (1939-1945) $x Opérations aériennes
702    $7 ba0yba0y $8 fre    $a Le Maner $b Yves $f 1954-.... $4 651 $9 80690
712    $4 340 $9 136372 $a La Coupole $c Helfaut-Wizernes, Pas-de-Calais
801    $a FR $b 595126101 $c 20180616 $g AFNOR
995    $0 0 $2 0 $4 0 $5 2018-06-16 $9 377580 $b MED $c MED $e MED3J $f C0005703661 $h PPEFGZZ $k MAG L/P 4/210 626 $o 2 $p 25.00 $r PRETLIV $s MAG_L_P_4_210000000000000_626 $w 0 $y 2018-06-16

