01726cam2a2200457 i 4500
001 308059
003 http://www.mediathequederoubaix.fr/ark:/20179/KH308059
005 20240510025732.0
010    $a 978-2-505-07184-6 $b br. sous jaquette $d 7,45 EUR
073  0 $a 9782505071846
090    $a 308059
100    $a 20171102d2018    |  |0frey5003||||ba
101 1  $a fre $c jpn
102    $a BE
105    $a         0||y|
106    $a r
181  0 $6 01 $a i  $b xxxe   $a b  $b xb2e  
181    $6 02 $c txt $c sti $2 rdacontent
182  0 $6 01 $a n
182    $6 02 $c n $2 rdamedia
200 1  $a Psycho-Pass $b Texte imprimé $e inspecteur Shinya Kôgami $h 5 $f scénario Midori Gotô $g dessin Natsuo Sai $g traduit du japonais par Jean-Philippe Dubrulle
210    $a Bruxelles $c Kana $d 2018
211    $a 20180316
215    $a 1 vol. (160 p.) $c illustrations en noir et blanc $d 18 x 13 cm
225 2  $a Dark Kana
307    $a Sens de lecture japonais
330    $a La suite des aventures de l'inspecteur Kôgami. ­Electre 2018
345    $b 9782505071846
410  0 $6 40468 $7 4290000000 $t Dark Kana
461  0 $6 343016 $t Psycho-Pass : inspecteur Shinya Kôgami $v 5
676    $a 741.56 $v 23
686    $a T090400 $2 electre
686    $a GRPO000 $2 electre
700    $3 17074293 $6 11452990 $7 ba0yba0f $8 frejpn $a Gotō $b Midori $4 070 $9 278844
701    $3 17074295 $6 11452991 $7 ba0yba0f $8 frejpn $a Sai $b Natsuo $4 440 $9 278845
702  1 $6 11935622 $a Dubrulle $b Jean-Philippe $4 730
801  3 $a FR $b Electre $c 20180416 $g AFNOR
099    $t LI $x 10 $d 2024-05-10 $c 2018-06-21
339    $a m
091    $a 2 $b 20240510 $c 0
995    $0 0 $2 0 $4 0 $5 2018-06-21 $9 377778 $b MED $c MED $e MED0C $f C2200007497 $h AAPBDMG $k BD MANGA/GOT $o 0 $p 7.00 $r PRETLIV $s BD_MANGA_GOT $w 10 $y 2021-05-05

