02019cam a2200445   4500
001 308172
003 http://www.mediathequederoubaix.fr/ark:/20179/KH308172
010    $a 978-2-01-396652-8 $b br. $d 19,95 EUR
020    $a FR $b 01849289
033    $a http://catalogue.bnf.fr/ark:/12148/cb455029736
035    $a FRBNF455029730000001
073  0 $a 9782013966528
090    $a 308172
091    $a 2 $b 20240510 $c 1
099    $t LI $x 42 $d 2024-05-10 $c 2018-06-21
100    $a 20180515d2018    m  y0frey50      ba
101 0  $a fre
102    $a FR
105    $a ||||z   00|y|
106    $a r
181  0 $6 01 $a i  $b xxxe   $a b  $b xb2e  
181    $6 02 $c txt $c sti $2 rdacontent
182  0 $6 01 $a n
182    $6 02 $c n $2 rdamedia
200 1  $a Permaculture $b Texte imprimé $e 20 projets $e de la jardinière au jardin de 250 m2 $e vers l'autosuffisance $f Thomas Alamy
210    $e impr. en Espagne $a Vanves $c Hachette pratique $d DL 2018
214  0 $a Vanves $c Hachette pratique $d DL 2018
214  3 $a impr. en Espagne
215    $a 1 vol. (223 p.) $c ill. en coul. $d 23 x 24 cm
300    $a Bibliogr. et webliogr. p. 220-221
330    $a Conseils et techniques pour entretenir son jardin et produire des légumes grâce à la permaculture : enrichissement du sol, fabrication du composteur ou construction d'hôtel à insectes. Avec vingt projets à réaliser et une estimation du rendement en fonction de la surface à sa disposition. ­Electre 2018
339    $a m
606    $3 12328985 $9 116877 $a Permaculture $2 rameau
606    $3 16967638 $9 269479 $a Jardins potagers $2 rameau
676    $a 635 $v 23
686    $a 630 $2 Cadre de classement de la Bibliographie nationale française
700    $3 16755160 $9 307230 $o ISNI0000000433668680 $a Alamy $b Thomas $4 070
801  0 $a FR $b FR-751131015 $c 20180515 $g AFNOR $h FRBNF455029730000001 $2 intermrc
999    $a FRBNF455029730000001
995    $0 0 $2 0 $4 0 $5 2018-06-23 $9 377907 $b MED $c MED $e MED1A $f C3200012159 $h AAPPLFF $k Doc./583 JAR $o 0 $p 19.95 $r PRETLIV $s DOC___583_000000000000000_JAR $w 42 $y 2024-05-16

