01675cam a2200409   4500
001 308281
003 http://www.mediathequederoubaix.fr/ark:/20179/KH308281
010    $a 978-2-8180-4458-2 $b br. $d 13 EUR
020    $a FR $b 01820807
033    $a http://catalogue.bnf.fr/ark:/12148/cb45447061k
035    $a FRBNF454470610000006
073  0 $a 9782818044582
090    $a 308281
091    $a 2 $b 20240519 $c 1
099    $t LI $x 10 $d 2024-05-19 $c 2018-06-26
100    $a 20180214d2018    m  y0frey50      ba
101 0  $a fre
102    $a FR
105    $a ||||z   00|a|
106    $a r
181  0 $6 01 $a i  $b xxxe  
181    $6 02 $c txt $2 rdacontent
182  0 $6 01 $a n
182    $6 02 $c n $2 rdamedia
200 1  $a Une passion pour le Y $b Texte imprimé $f Mary Dorsan
210    $e 61-Lonrai $g Normandie roto impr. $a Paris $c POL $d DL 2018
214  0 $a Paris $c POL $d DL 2018
214  3 $a 61-Lonrai $c Normandie roto impr.
215    $a 1 vol. (149 p.) $d 19 cm
300    $a Bibliogr., 2 p.
330    $a En tournant autour de l'avant-dernière lettre de l'alphabet, ce roman met en scène les pensionnaires d'un hôpital psychiatrique, avec leurs forces et leurs faiblesses, ainsi que le fonctionnement parfois obtus des institutions. ­Electre 2018
339    $a m
686    $a 803 $2 Cadre de classement de la Bibliographie nationale française
700    $3 16998991 $9 121171 $o ISNI0000000458325318 $a Dorsan $b Mary $f 1960-.... $4 070
801  0 $a FR $b FR-751131015 $c 20180214 $g AFNOR $h FRBNF454470610000006 $2 intermrc
999    $a FRBNF454470610000006
995    $0 0 $2 0 $3 0 $4 0 $5 2018-06-26 $9 378040 $b MED $c MED $e MED1A $f C1400003841 $h ALTROZZ $k R/DOR $o 0 $p 13.00 $r PRETLIV $s R_DOR $w 10 $y 2019-10-05 $A 0

