02187cam a2200493   4500
001 308435
003 http://www.mediathequederoubaix.fr/ark:/20179/KH308435
010    $a 978-2-07-278062-2 $b br. $d 28 EUR
020    $a FR $b 01854477
033    $a http://catalogue.bnf.fr/ark:/12148/cb45506004v
035    $a FRBNF455060040000003
073  0 $a 9782072780622
090    $a 308435
091    $a 2 $b 20240519 $c 1
099    $t LI $x 10 $d 2024-05-19 $c 2018-06-28
100    $a 20180518d2018    m  y0frey50      ba
101 0  $a fre
102    $a FR
105    $a ||||z   00|y|
106    $a r
181  0 $6 01 $a i  $b xxxe   $a b  $b xb2e  
181    $6 02 $c txt $c sti $2 rdacontent
182  0 $6 01 $a n
182    $6 02 $c n $2 rdamedia
200 1  $a Graffeuses $b Texte imprimé $f Élise Clerc, Audrey Derquenne
210    $e impr. en Slovénie $a Paris $c Alternatives $d DL 2018
214  0 $a Paris $c Alternatives $d DL 2018
214  3 $a impr. en Slovénie
215    $a 1 vol. (239 p.) $c ill. en coul. $d 23 cm
225    $a Collection Arts urbains
300    $a Lexique
330    $a Présentation du travail de quarante femmes qui pratiquent le graffiti. Les auteures proposent des témoignages d'artistes et exposent leurs pratiques et leurs méthodes. ­Electre 2018
339    $a m
410  0 $0 45568762 $t Collection Arts urbains $x 2649-0056 $d 2018
606    $3 11939946 $9 38772 $a Graffiti $3 11931476 $9 109 $y France $3 12062368 $9 294 $z 1970-.... $2 rameau
606    $3 11936852 $9 27738 $a Art dans la rue $3 11931476 $9 109 $y France $3 12062368 $9 294 $z 1970-.... $2 rameau
606    $3 11989910 $9 25961 $a Femmes peintres $3 11931476 $9 109 $y France $3 12062368 $9 294 $z 1970-.... $2 rameau
676    $a 751.730 9440905 $v 23
686    $a 750 $2 Cadre de classement de la Bibliographie nationale française
700    $3 17744013 $9 309361 $a Clerc $b Élise $f 1980-.... $4 070
701    $3 17744015 $9 309362 $o ISNI0000000467756427 $a Derquenne $b Audrey $f 1990-.... $4 070
801  0 $a FR $b FR-751131015 $c 20180518 $g AFNOR $h FRBNF455060040000003 $2 intermrc
999    $a FRBNF455060040000003
995    $0 0 $2 0 $4 0 $5 2018-07-10 $9 378763 $b MED $c MED $e MED1A $f C3100005134 $h AAPATAP $k Doc./754 URB $o 0 $p 28.00 $r PRETLIV $s DOC___754_000000000000000_URB $w 10 $y 2023-04-02

