01140nam a2200277   4500
001 308541
003 http://www.mediathequederoubaix.fr/ark:/20179/KH308541
005 20181115183310.0
090    $a 308541
091    $a 0
099    $t LI $c 2014-06-30 $d 2014-06-30 $x 0
100    $a 19       1963    k||y0frey5003    ba
101    $a fre
200    $a Nez au vent $f H. Filloux et R. Hardouin $e lectures cours élémentaires, 2e année $g ill. Jacqueline Lachaud
210    $a Paris $c Ed. de l'Ecole $d cop. 1963
215    $a 302 p. $c ill. en coul., couv. ill. en coul. $d 22 cm
300    $a Don de la famille Declercq, octobre 2017
339    $a m
606    $9 237937 $a Lecture $x Manuels d'enseignement primaire
700    $9 290241 $a Filloux $b Henriette
701    $9 278890 $a Hardouin $b R.
702    $4 440 $9 278891 $a Lachaud $b Jacqueline
712    $4 320 $9 278889 $a Declercq $c Famille
801  0 $a FR $b 595126101 $c 20070829 $g AFNOR
930    $5 595126101:C0000427715 $b 595126101 $a BR 8/284 $e Fonds patrimonial
995    $0 0 $2 0 $4 0 $5 2018-07-05 $9 378582 $b MED $c MED $e MED3I $f C0005923687 $h PPEFGZZ $k MAG L/P 8 /118 004 $o 2 $r PRETLIV $s MAG_L_P_8_118000000000000_004 $w 0 $y 2018-07-05

