01838cam a2200457   4500
001 308725
003 http://www.mediathequederoubaix.fr/ark:/20179/KH308725
010    $a 978-2-8094-7091-8 $b rel. $d 15 EUR
020    $a FR $b 01850655
033    $a http://catalogue.bnf.fr/ark:/12148/cb45501819w
035    $a FRBNF455018190000007
073  0 $a 9782809470918
090    $a 308725
091    $a 2 $b 20240510 $c 1
099    $t LI $x 30 $d 2024-05-10 $c 2018-07-10
100    $a 20180514d2018    m  y0frey50      ba
101 1  $a fre $c eng
102    $a FR
105    $a ||||t   00|a|
106    $a r
181  0 $6 01 $a i  $b xxxe   $a b  $b xb2e  
181    $6 02 $c txt $c sti $2 rdacontent
182  0 $6 01 $a n
182    $6 02 $c n $2 rdamedia
200 1  $a L'araignée Gipsy $b Texte imprimé $f Joe Kelly $g [dessin de] Ed McGuiness
210    $e impr. en Italie $a Nice $c Panini comics $d DL 2018
214  0 $a Nice $c Panini comics $d DL 2018
214  3 $a impr. en Italie
215    $a 1 vol. (non paginé [ca 136] p.) $c ill. en coul. $d 27 cm
225 19 $a Spider-Man-Deadpool $v tome 3
225    $a Marvel now !
300    $a Trad. de l'anglais
330    $a Deadpool et Spider-Man devront combattre l'Araignée Gipsy, issue d'un mélange entre leurs deux génomes. ­Electre 2018
339    $a m
410  0 $0 43835432 $t Marvel now! $x 2274-1518 $d 2018
686    $a 805 $2 Cadre de classement de la Bibliographie nationale française
700    $3 13563010 $9 277812 $o ISNI0000000109637727 $a Kelly $b Joe $f 1971-.... $4 070
702    $3 14617468 $9 277813 $o ISNI0000000076892245 $a McGuinness $b Ed $f 1974-.... $4 440
801  0 $a FR $b FR-751131015 $c 20180514 $g AFNOR $h FRBNF455018190000007 $2 intermrc
999    $a FRBNF455018190000007
995    $0 0 $2 0 $4 0 $5 2018-07-17 $9 379085 $b MED $c MED $e MED0C $f C2200007862 $h AAPBDCM $k BD COMICS/SPI $o 0 $p 16.00 $r PRETLIV $s BD_COMICS_SPI $w 30 $y 2024-02-14

