00829naa a2200217   4500
001 308940
003 http://www.mediathequederoubaix.fr/ark:/20179/KH308940
005 20240516043218.0
090    $a 308940
091    $a 2 $b 20240516 $c 0
099    $t AP $c 2014-06-30 $d 2024-05-16 $x 0
100    $a 19               k  y0frey5003    ba
101    $a fre
200    $a Qui veut tuer l'écrivain ? $f un roman de Marie Farré $g ill. par Hervé Blondon
215    $a [47] p. $c ill. en coul.
300    $a In : Je bouquine = ISSN 0756-564X.- (1996-06)n1̊48, p. 13-60
339    $a m
493    $1 Je bouquine / dir. de la réd. Pascal Ruffenach . $1 Bayard Presse , 1983- .
702    $7 ba0yba0y $8 fre    $a Blondon $b Hervé $3 12243057 $4 440 $9 12882
700    $7 ba0yba0y $8 fre    $a Farré $b Marie $f 1944-.... $3 11902284 $9 9349
801  0 $a FR $b 595126101 $c 20051114 $g AFNOR

