00911naa a2200229   4500
001 309060
003 http://www.mediathequederoubaix.fr/ark:/20179/KH309060
005 20240516043223.0
090    $a 309060
091    $a 2 $b 20240516 $c 0
099    $t AP $c 2014-06-30 $d 2024-05-16 $x 0
100    $a 19               k  y0frey5003    ba
101    $a fre
200    $a Les marionnettes lilloises $e le théâtre Louis et Gustave de Budt $f Pierre Soulier
215    $a [13] p. $c ill.
300    $a In : Arts et traditions populaires = ISSN 0571-2211.- (1969-07/12)n3̊-4, p. 267-277
339    $a m
493    $1 Arts et traditions populaires / dir. de publ. Marie-Louise Tenèze . $1 GP Maisonneuve et Larose , 1953-1970 .
601 0  $a Théâtre Louis et Gustave de Budt $c Lille
606 0  $a Marionnettes $y France $y Lille (Nord) $2 rameau
700 0  $a Soulier $b Pierre $f 1913-1998 $3 12713007 $9 281134
801  0 $a FR $b 595126101 $c 20070831 $g AFNOR

