00749naa a2200205   4500
001 309191
003 http://www.mediathequederoubaix.fr/ark:/20179/KH309191
005 20240510031702.0
090    $a 309191
091    $a 2 $b 20240510 $c 0
099    $t AP $c 2014-06-30 $d 2024-05-10 $x 0
100    $a 19               k  y0frey5003    ba
101    $a fre
200    $a Poème inédit $f par Charles Bukowski
215    $a 6 p.
300    $a In : NRV : revue littéraire et politique = ISSN 1274-5715. - (1997)n3̊,p.35-41
339    $a m
493    $1 NRV : revue littéraire et politique / dir. de la publ. Florent Massot . $1 Florent-Massot , 1997-.... .
700    $7 ba0yba0y $8 fre    $a Bukowski $b Charles $f 1920-1994 $3 11894503 $9 10116
801  0 $a FR $b 595126101 $c 20050330 $g AFNOR

