02890cam a2200457   4500
001 309434
003 http://www.mediathequederoubaix.fr/ark:/20179/KH309434
010    $a 978-2-266-26863-9 $b br. $d 16,90 EUR
020    $a FR $b 01769137
033    $a http://catalogue.bnf.fr/ark:/12148/cb45303815n
035    $a FRBNF453038150000001
073  0 $a 9782266268639
090    $a 309434
091    $a 2 $b 20240510 $c 1
099    $t LI $x 19 $d 2024-05-10 $c 2018-07-18
100    $a 20170630d2017    a  y0frey50      ba
101 1  $a fre $c eng
102    $a FR
105    $a ||||z   00|a|
106    $a r
181  0 $6 01 $a i  $b xxxe  
181    $6 02 $c txt $2 rdacontent
182  0 $6 01 $a n
182    $6 02 $c n $2 rdamedia
200 1  $a L'histoire du garçon qui voulait vivre dans un bocal $b Texte imprimé $f Lisa Thompson $g traduit de l'anglais (Angleterre) par Juliette Lê
210    $a Paris $c Pocket jeunesse-PKJ $d DL 2017 $e impr. en Espagne
215    $a 1 vol. (318 p.) $d 23 cm
321    $a La Revue des livres pour enfants. Sélection annuelle $c 297
329    $a Obsédé par les germes, Matthew, 13 ans vit reclus dans sa chambre, totalement aseptisée. Il a pour seule occupation d'espionner ses voisins. Un jour, Teddy, 15 mois, disparaît... Un récit construit très habilement. En incluant un mystère (pourquoi Matthew s'est-il coupé du monde) dans le mystère (la disparition du garçonnet), l'auteur captive doublement le lecteur ! Au-delà de l'intrigue policière, des thèmes difficiles tels que les problèmes de santé mentale comme les TOC et le chagrin de la perte sont explorés avec finesse et sensibilité. $d 20171101 $2 CNLJ $k Avis critique donné par le Centre national de la littérature pour la jeunesse
330    $a Obsédé par les germes, Matthew, 13 ans, vit reclus dans sa chambre, totalement aseptisée. Il a pour seule occupation d'espionner ses voisins. Un jour, Teddy, 15 mois, disparaît. Matthew est le dernier à l'avoir aperçu et le seul à connaître aussi bien les habitants de sa rue. Avec Melody, sa voisine extravertie, il décide de mener l'enquête. ­Electre 2018
333    $a À partir de 13 ans $2 CNLJ $k Avis critique donné par le Centre national de la littérature pour la jeunesse
339    $a a
454  1 $t The goldfish boy
608    $a Romans $2 CNLJ $k Avis critique donné par le Centre national de la littérature pour la jeunesse
609    $2 rbxRomJ
686    $a 809 $2 Cadre de classement de la Bibliographie nationale française
700    $3 17166785 $9 278970 $o ISNI0000000479358733 $a Thompson $b Lisa $f 19..-.... $4 070
702    $3 16131840 $9 109608 $o ISNI0000000071337090 $a Lê $b Juliette $4 730
801  0 $a FR $b FR-751131015 $c 20170630 $g AFNOR $h FRBNF453038150000001 $2 intermrc
999    $a FRBNF453038150000001
995    $0 0 $2 0 $4 0 $5 2018-09-06 $9 381215 $b MED $c MED $e MED2A $f C2500009477 $h JROROZZ $k R/THO $o 0 $p 16.90 $r PRETLIV $s R_THO $w 12 $y 2023-07-30

