03708cam a2200529   4500
001 309535
003 http://www.mediathequederoubaix.fr/ark:/20179/KH309535
010    $a 978-2-8001-7379-5 $b br. $d 9,90 EUR
010    $a 979-10-347-3825-0 $b réimpr. 2019
020    $a FR $b 01837372
033    $a http://catalogue.bnf.fr/ark:/12148/cb454727779
035    $a FRBNF454727770000002
073  0 $a 9782800173795
073  0 $a 9791034738250 $b réimpr. 2019
090    $a 309535
091    $a 2 $b 20240510 $c 1
099    $t LI $x 79 $d 2024-05-10 $c 2018-07-19
100    $a 20180326d2018    a  y0frey50      ba
101 0  $a fre
102    $a BE
105    $a ||||t   00|a|
106    $a r
181  0 $6 01 $a i  $b xxxe   $a b  $b xb2e  
181    $6 02 $c txt $c sti $2 rdacontent
182  0 $6 01 $a n
182    $6 02 $c n $2 rdamedia
200 1  $a Le génie saligaud $b Texte imprimé $f idée originale, Karensac $g scénario, Thom Pico $g dessin, Karensac
210    $e 52-Langres $g Impr. de Champagne $a [Marcinelle] $c Dupuis $d DL 2018
214  0 $a [Marcinelle] $a [Paris] $c Dupuis $d DL 2018
214  3 $a 52-Langres $c Impr. de Champagne
215    $a 1 vol. (99 p.) $c ill. en coul. $d 20 cm
225 19 $a Aubépine $v 1
321    $a La Revue des livres pour enfants $x 0398-8384 $c 302
329    $c Bravo ! $a Les aventures d'une petite héroïne au caractère bien trempé, citadine parachutée dans un coin perdu de montagne où sa mère, scientifique de renom, doit sauver la région d'une terrible migration d'oiseaux. Privée de ses amis, Aubépine s'ennuie... jusqu'à de singulières rencontres : une mystérieuse mamie, bergère d'un troupeau de chiens laineux, qui lui offre un nouveau compagnon, un de ses toutous, et surtout un mauvais génie, le génie Saligaud le bien nommé. Les voeux d'Aubépine pris au pied de la lettre vont s'avérer de vraies catastrophes totalement hilarantes... Péripéties loufoques dans un univers décalé proposées dans un petit album souple. Le dessin, dynamique, affiche des tonalités chaudes pour bien marquer la saison estivale. Trois autres aventures suivront, une pour chacune des saisons. $d 20180901 $f PJ $2 CNLJ $k Avis critique donné par le Centre national de la littérature pour la jeunesse
330    $a Aubépine est obligée de vivre dans la montagne suite au déménagement de sa famille. Dans les premiers temps, elle peine à s'habituer à son nouvel environnement et elle s'ennuie mais elle trouve un chien qu'elle baptise Pelade avec lequel elle vit des rencontres inattendues, notamment avec une bergère mystérieuse, des monstres et un génie. ­Electre 2018
333    $a À partir de 9 ans $2 CNLJ $k Avis critique donné par le Centre national de la littérature pour la jeunesse
339    $a a
461  0 $0 45519422 $t Aubépine $v 1
608    $a Bandes dessinées $2 CNLJ $k Avis critique donné par le Centre national de la littérature pour la jeunesse
686    $a 805 $2 Cadre de classement de la Bibliographie nationale française
700    $3 17728172 $9 286325 $o ISNI0000000464766224 $a Karensac $f 1990-.... $4 070
701    $3 17728174 $9 286326 $o ISNI0000000464766232 $a Pico $b Thom $f 1989-.... $4 070
801  0 $a FR $b FR-751131015 $c 20180326 $g AFNOR $h FRBNF454727770000002 $2 intermrc
999    $a FRBNF454727770000002
995    $0 0 $2 0 $4 0 $5 2018-07-19 $9 379285 $b MED $c MED $e MED2A $f C2200007992 $h JBDPFZZ $k E BD/PIC $o 0 $p 9.90 $r PRETLIV $s E_BD_PIC $w 40 $y 2024-04-24 $7  $8  $A  $m  $z 
995    $0 0 $2 0 $4 0 $5 2018-08-30 $9 380510 $b MED $c MED $e MED0A $f C2500009279 $h JBDZZZZ $k EXT E BD/PIC $n 2024-06-25 $o 0 $p 9.90 $r PRETLIV $s EXT_E_BD_PIC $w 18 $y 2024-04-16 $8 MA046
995    $0 0 $2 0 $4 0 $5 2019-12-06 $9 403305 $P 9.90 $V 1 $b BUS $c BUS $e BUS1A $f C2500015887 $h JBDZZZZ $k BUS E BD/PF $o 0 $p 9.90 $r PRETLIV $s BUS_E_BD_PF $w 21 $y 2023-11-17 $A 0

