01780cam a2200421   4500
001 309847
003 http://www.mediathequederoubaix.fr/ark:/20179/KH309847
010    $a 978-2-330-10867-0 $b br. $d 19,80 EUR
020    $a FR $b 01913030
033    $a http://catalogue.bnf.fr/ark:/12148/cb455429166
035    $a FRBNF45542916000000X
073  0 $a 9782330108670
090    $a 309847
091    $a 2 $b 20240510 $c 1
099    $t LI $x 15 $d 2024-05-10 $c 2018-08-16
100    $a 20180711d2018    m  y0frey50      ba
101 0  $a fre
102    $a FR
105    $a ||||z   00|a|
106    $a r
181  0 $6 01 $a i  $b xxxe  
181    $6 02 $c txt $2 rdacontent
182  0 $6 01 $a n
182    $6 02 $c n $2 rdamedia
200 1  $a Lèvres de pierre $b Texte imprimé $e nouvelles classes de littérature $f Nancy Huston
210    $e 53-Mayenne $g Impr. Floch $a Arles $c Actes Sud $d DL 2018
214  0 $a Arles $c Actes Sud $a [Montréal] $c Leméac $d DL 2018
214  3 $a 53-Mayenne $c Impr. Floch
215    $a 1 vol. (233 p.) $d 22 cm
225    $a Domaine français
330    $a La romancière relate ses années de formation et, en miroir, retrace le parcours qui mène un Cambodgien à Paris où il entre en politique et en écriture, avant de devenir dictateur sous le nom de Pol Pot. ­Electre 2018
339    $a m
410  0 $0 34288251 $t Domaine français (Arles) $x 1264-5036 $d 2018
686    $a 803 $2 Cadre de classement de la Bibliographie nationale française
700    $3 11908098 $9 2388 $o ISNI0000000122840957 $a Huston $b Nancy $f 1953-.... $4 070
801  0 $a FR $b FR-751131015 $c 20180711 $g AFNOR $h FRBNF45542916000000X $2 intermrc
999    $a FRBNF45542916000000X
995    $0 0 $2 0 $4 0 $5 2018-08-16 $9 379774 $P 19.80 $b MED $c MED $e MED1A $f C1400003988 $h ALTROZZ $k R/HUS $o 0 $p 19.80 $r PRETLIV $s R_HUS $w 15 $y 2022-01-14 $A 0

