02119cam a2200421   4500
001 310047
003 http://www.mediathequederoubaix.fr/ark:/20179/KH310047
010    $a 978-2-09-257618-2 $b br. $d 6,20 EUR
020    $a FR $b 01847942
073  0 $a 9782092576182
090    $a 310047
100    $a 20180529d2018    a  y0frey50      ba
101 0  $a fre
102    $a FR
105    $a ||||z   00|a|
106    $a r
181  0 $6 01 $a i  $b xxxe   $a b  $b xb2e  
181    $6 02 $c txt $c sti $2 rdacontent
182  0 $6 01 $a n
182    $6 02 $c n $2 rdamedia
200 1  $a Le miel de la rue Jean Moulin $b Texte imprimé $f Rémi Courgeon $g illustrations de l'auteur
210    $e 85-Luçon $g Impr. Pollina $a Paris $c Nathan $d DL 2018
215    $a 1 vol. (41 p.) $c ill. en coul. $d 20 cm
219  0 $a Paris $c Nathan $d DL 2018
225    $a Premiers romans $e 7-11 ans
410  0 $0 42482253 $t Premiers romans (Paris) $x 2117-8046 $d 2018
608    $a JnRomPre $2 CNLJ $k Avis critique donné par le Centre national de la littérature pour la jeunesse
686    $a 809 $2 Cadre de classement de la Bibliographie nationale française
700    $3 12359920 $9 1339 $o ISNI0000000121421048 $7 ba0yba0y $8 fre    $a Courgeon $b Rémi $f 1959-.... $4 070 $9 1339
801  0 $a FR $b FR-751131015 $c 20180529 $g AFNOR $h FRBNF455129230000003 $2 intermrc
033    $a http://catalogue.bnf.fr/ark:/12148/cb45512923v
035    $a FRBNF455129230000003
330    $a Dans la rue Jean Moulin, cohabitent une synagogue, une église, une mosquée, mais aussi une ruche. Afin de fêter les 10 ans de celle-ci, la reine des abeilles demande à ses ouvrières de créer un miel de mille fleurs. Le défi est difficile à relever. Un conte sur la diversité et le vivre ensemble. Premier roman. ­Electre 2018
099    $t VD $x 21 $d 2024-05-10 $c 2018-08-23
339    $a a
091    $a 1 $b 20240510 $c 0
995    $0 0 $2 0 $4 0 $5 2018-08-30 $9 380595 $b MED $c MED $e MED2A $f C2500009144 $h JRORMZZ $k PRE R/COU $o 0 $p 6.20 $r PRETLIV $s PRE_R_COU $w 18 $y 2022-05-25
995    $0 0 $2 0 $4 0 $5 2018-09-01 $9 380815 $b MED $c MED $e MED0A $f C2500009398 $h JROROZZ $k EXT E R/COU $n 2024-06-29 $o 0 $p 6.20 $r PRETLIV $s EXT_E_R_COU $w 3 $y 2022-08-25

