01777cam a2200397   4500
001 310284
003 http://www.mediathequederoubaix.fr/ark:/20179/KH310284
010    $a 978-2-246-81715-4 $b br. $d 19,50 EUR
020    $a FR $b 01865028
033    $a http://catalogue.bnf.fr/ark:/12148/cb45567543m
035    $a FRBNF455675430000005
073  0 $a 9782246817154
090    $a 310284
091    $a 2 $b 20240519 $c 1
099    $t LI $x 6 $d 2024-05-19 $c 2018-08-28
100    $a 20180823d2018    m  y0frey50      ba
101 0  $a fre
102    $a FR
105    $a ||||z   00|a|
106    $a r
181  0 $6 01 $a i  $b xxxe  
181    $6 02 $c txt $2 rdacontent
182  0 $6 01 $a n
182    $6 02 $c n $2 rdamedia
200 1  $a Au clair de la lune $b Texte imprimé $e roman $f Christophe Donner
210    $e 72-La Flèche $g Impr. CPI Brodard et Taupin $a Paris $c Bernard Grasset $d DL 2018
214  0 $a Paris $c Bernard Grasset $d DL 2018
214  3 $a 72-La Flèche $c Impr. CPI Brodard et Taupin
215    $a 1 vol. (268 p.) $d 21 cm
330    $a L'histoire de Nicéphore Niepce, inventeur de la photographie, et d'Edouard Scott de Martinville, inventeur du phonographe, replacée dans leur contexte historique afin de comprendre le défi qu'a été la conception de ces deux inventions et ce qui a privé ces deux hommes de la gloire durant leur vivant. ­Electre 2018
339    $a m
686    $a 803 $2 Cadre de classement de la Bibliographie nationale française
700    $3 11900400 $9 12562 $o ISNI0000000121484401 $a Donner $b Christophe $f 1956-.... $4 070
801  0 $a FR $b FR-751131015 $c 20180823 $g AFNOR $h FRBNF455675430000005 $2 intermrc
999    $a FRBNF455675430000005
995    $0 0 $2 0 $4 0 $5 2018-08-28 $9 380410 $b MED $c MED $e MED1A $f C1400003869 $h ALTROZZ $k R/DON $o 0 $p 19.50 $r PRETLIV $s R_DON $w 6 $y 2023-07-29

