02779cam1a2200469 i 4500
001 310397
003 http://www.mediathequederoubaix.fr/ark:/20179/KH310397
005 20240510033454.0
010    $a 978-2-89786-197-1 $b br. $d 19,95 EUR
073  0 $a 9782897861971
090    $a 310397
100    $a 20180508d2017    m  |0frey5003||||ba
101 1  $a fre $c eng
102    $a FR
105    $a         0||||
181  0 $6 01 $a i  $b xxxe   $a b  $b xb2e  
181    $6 02 $c txt $c sti $2 rdacontent
182  0 $6 01 $a n
182    $6 02 $c n $2 rdamedia
200 1  $a L'art complet du yoga  $b Texte imprimé $e pratiquer le Yogasûtra pour atteindre le bonheur et l'accomplissement spirituel  $f Jennie Lee $g traduit de l'anglais par Sylvie Fortier
210    $a Varennes  $c ADA $d 2017
211    $a 20180212
215    $a 264 p. $d 21.6 x 14 cm
305    $a Traduction de: True yoga
330    $a Trouvez la paix, la détermination et l'accomplissement spirituel grâce aux huit branches du yoga. Connaissez un bonheur durable, peu importe ce que la vie vous apporte. L'art complet du yoga est un guide inspirant qui vous montre comment surmonter les difficultés et créer une joie durable grâce aux huit branches du yoga décrites dans le Yogasûtra. Que vous soyez éprouvé au travail, dans votre santé, dans vos relations ou comme parent, vous y trouverez des exercices concrets pour illuminer votre quotidien et votre vie spirituelle.Par des techniques quotidiennes, des questions introspectives et des affirmations inspirantes, la yogathérapeute Jennie Lee présente un système qui pave la voie de l'accomplissement et vous aide à entrer en contact avec votre propre Divinité. Découvrez des méthodes efficaces pour garder vos pensées positives, gérer le stress, améliorer vos communications et adopter de nouvelles habitudes pour réussir. En intégrant la sagesse immémoriale du Yogasûtra à un programme accessible, Jennie Lee met la formule du bonheur durable à la portée de votre main. ­Electre 2018
333    $a Tout public
345    $b 9782897861971
676    $a 613.704 6 $v 23
686    $a T100306 $2 electre
686    $a GOPV001 $2 electre
686    $a PG0100 $2 electre
700  1 $6 1-2000147350 $a Lee $b Jennie $4 070
702  1 $3 15816550 $9 307462 $6 0-11224975 $a Fortier $b Sylvie $4 730
801  3 $a CA $b BTLF $c 20180508
902    $a Grand public - Tout public
903    $a Bien-être et santé - Psycho - Bien-être et spiritualité
903    $a Ouvrages pratiques - Conseils pratiques
947    $a 19.95
099    $t LI $x 28 $d 2024-05-10 $c 2018-09-01
339    $a m
091    $a 2 $b 20240510 $c 0
995    $0 0 $2 0 $4 0 $5 2018-09-29 $9 382127 $b MED $c MED $e MED1A $f C2200008178 $h AAPPLMS $k Doc./613.1 ZEN $o 0 $p 19.95 $r PRETLIV $s DOC___613_100000000000000_ZEN $w 28 $y 2024-05-14

