02251cim a22004693  4500
001 310513
003 http://www.mediathequederoubaix.fr/ark:/20179/KH310513
010    $a 978-2-36762-295-8
020    $a FR $b 71706501
033    $a http://catalogue.bnf.fr/ark:/12148/cb45230650b
035    $a FRBNF452306500000004
071 01 $b Audiolib $a 3115304 $c album
073  0 $a 9782367622958
090    $a 310513
091    $a 2 $b 20240510 $c 1
099    $t LS $x 20 $d 2024-05-10 $c 2018-09-06
100    $a 20170314d2017    u  y0frey50      ba
101 0  $a fre
102    $a FR
126    $a aguxhxx||||||cd $b bex
181  0 $6 01 $a h  $b xxxa  
181    $6 02 $c spw $2 rdacontent
182  0 $6 01 $a a
182    $6 02 $c s $2 rdamedia
200 1  $a Désorientale $b Enregistrement sonore $f Négar Djavadi, aut. $g texte intégral lu par Lila Tamazit $c Suivi d'un entretien avec l'auteur
210    $a [Paris] $c Audiolib $d P 2017
215    $a 1 CD MP3 (11 h 03 min)
306    $a Prod. : Paris : Audiolib, P 2017
330    $a Kimiâ Sadr, exilée en France, suit un protocole d'insémination artificielle pour avoir un enfant avec Anna. Dans la salle d'attente, elle se remémore son passé, ses parents, opposés aux différents régimes en place. Un récit sur l'Iran des années 1970, la France d'aujourd'hui, l'identité et la transmission. Autre prix 2016, prix du Style 2016, prix Première 2017, prix de la Porte Dorée 2017. ­Electre 2018
339    $a m
608    $a enregistrement parlé $2 frTAV
608    $a édition phonographique $2 frTAV
608    $a lecture $2 frTAV
608    $a Oeuvre d'origine : roman $2 frTAV
686    $a 109 $2 Cadre de classement de la Bibliographie nationale française
700    $3 16653431 $9 270269 $o ISNI0000000400056338 $a Djavadi $b Négar $f 1969-.... $4 070
702    $3 16726103 $9 293963 $o ISNI0000000459547932 $a Tamazit $b Lila $4 550 $4 vre
702    $3 16653431 $9 270269 $o ISNI0000000400056338 $a Djavadi $b Négar $f 1969-.... $4 460
716    $3 15605785 $a Audiolib
801  0 $a FR $b FR-751131015 $c 20170314 $g AFNOR $h FRBNF452306500000004 $2 intermrc
999    $a FRBNF452306500000004
995    $0 0 $2 0 $4 0 $5 2018-09-06 $9 380986 $b MED $c MED $e MED1A $f C1400005093 $h ALTLSZZ $k LA R/DJA $n 2024-06-07 $o 0 $r PRETLS $s LA_R_DJA $u coup de coeur $w 20 $y 2024-04-26

