01994cam a2200469   4500
001 310621
003 http://www.mediathequederoubaix.fr/ark:/20179/KH310621
010    $a 978-2-330-06655-0 $b br. $d 23 EUR
020    $a FR $b 01875193
033    $a http://catalogue.bnf.fr/ark:/12148/cb45609703b
035    $a FRBNF456097030000000
073  0 $a 9782330066550
090    $a 310621
091    $a 2 $b 20240519 $c 1
099    $t LI $x 12 $d 2024-05-19 $c 2018-09-06
100    $a 20181029d2018    m  y0frey50      ba
101 1  $a fre $c swe
102    $a FR
105    $a ||||z   00|a|
106    $a r
181  0 $6 01 $a i  $b xxxe  
181    $6 02 $c txt $2 rdacontent
182  0 $6 01 $a n
182    $6 02 $c n $2 rdamedia
200 1  $a Les yeux ailleurs $b Texte imprimé $e roman $f Jan Guillou $g traduit du suédois par Philippe Bouquet
210    $e 53-Mayenne $g Impr. Floch $a Arles $c Actes Sud $d DL 2018
214  0 $a Arles $c Actes Sud $d DL 2018
214  3 $a 53-Mayenne $c Impr. Floch
215    $a 1 vol. (359 p.) $d 24 cm
225 19 $a Le siècle des grandes aventures $v volume 4
225    $a Lettres scandinaves
330    $a Entre un fils officier SS et une fille engagée dans la résistance norvégienne, Lauritz doit faire des choix, même si la Seconde Guerre mondiale se déroule au-delà des frontières de la Suède. ­Electre 2018
339    $a m
410  0 $0 34249264 $t Lettres scandinaves $x 0991-5451 $d 2018
454  1 $t Att inte vilja se
461  0 $6 314199 $t Le siècle des grandes aventures $v 4
686    $a 803 $2 Cadre de classement de la Bibliographie nationale française
700    $3 12178690 $9 114557 $o ISNI0000000108561812 $a Guillou $b Jan $f 1944-.... $4 070
702    $3 11893364 $9 2602 $o ISNI0000000121235368 $a Bouquet $b Philippe $f 1937-2023 $4 730
801  0 $a FR $b FR-751131015 $c 20181029 $g AFNOR $h FRBNF456097030000000 $2 intermrc
999    $a FRBNF456097030000000
995    $0 0 $2 0 $4 0 $5 2018-09-06 $9 381126 $b MED $c MED $e MED1A $f C1400004290 $h ALTROZZ $k R/GUI $o 0 $p 23.00 $r PRETLIV $s R_GUI $w 12 $y 2022-06-29 $A 0

