04363njm0a2200505   4500
001 310735
003 http://www.mediathequederoubaix.fr/ark:/20179/KH310735
071 01 $a G53A982022 $b La Dolce Volta
073  0 $a 3770001903262
090    $a 310735
091    $a 2 $b 20240510 $c 0
099    $t DC $x 10 $d 2024-05-10 $c 2018-09-07
100    $a 20180831d2018    u  y0frey5003    ba
101 0  $a zxx
127    $a 010700
200 1  $a Album d'un voyageur $b [enr. sonore] $f Florian Noack, p. $f Giuseppe Martucci, comp. $f Karol Szymanowski, comp.... [et al.]
210    $a Paris $c La Dolce Volta $d 2018
215    $a 1 CD (67 min) $e 1 livret
327 1  $a British folk-music settings Nā19, "Molly on the shore" $f Percy Grainger $a British folk-music settings Nā18, "The knight and the shepherd's daughter" $f Percy Grainger $a Deutsche Volkslieder Nā30, Wo033, "All' mein' Gedanken" $f Johannes Brahms $a Deutsche Volkslieder Nā31, Wo033, "Dort in den Weiden steht ein Haus" $f Johannes Brahms $a Deutsche Volkslieder Nā7, Wo033, "Gunhilde" $f Johannes Brahms $a Deutsche Volkslieder Nā34, Wo033, "Wie komm' ich dann de Poots eren ?" $f Johannes Brahms $a Chant russe, op. 41/3 $f Sergueï Rachmaninov $a Danse arménienne Nā2, "Yerangi" $f Komitas $a Danse arménienne Nā5, "Shushiki" $f Komitas $a Slatter Nā14, op. 72, "Tussebrureferda pa Vossevangen" $f Edvard Grieg $a Slatter Nā6, op. 72, "Gangar" $f Edvard Grieg $a Slatter Nā4, op. 72, "Haugelat" $f Edvard Grieg $a Variations sur des airs de biniou $f Paul Ladmirault $a Valses, D.145 $f Franz Schubert $a Danse de Lachie Nā2, "Pozehnany" $f Leos Janacek $a Danse de Lachie Nā5, "Celadensky" $f Leos Janacek $a Danza Ibérica ("Une nuit à Séville") $f Joaquin Nin $a Quatre danses polonaises, "Mazurka" $f Karol Szymanowski $a Quatre danses polonaises, "Krakowiak" $f Karol Szymanowski $a Quatre danses polonaises, "Oberek" $f Karol Szymanowski $a Tarantelle, op. 44/6 $f Giuseppe Martucci
330    $a Parmi les nombreux jeunes talents qui naissent sur la scène musicale, il en est quelques-uns dont le petit plus nous captive. C'est le cas de Florian Noack dont la générosité et le rayonnant solaire illuminent dès la première rencontre. Sa vivacité et sa curiosité sont fascinantes. Ses 25 doigts galopant sur le clavier émerveillent. Et surtout...  surtout, sa sincérité et son humilité remplissent de respect. Voyager au coeur des folklores des nations, partager la saveur unique de leurs musiques virtuoses ou pudiques, offrir parfois ses propres arrangements en première mondiale : voici l'étonnante aventure sonore à laquelle nous convie le pianiste.
334    $a Diapason No.668 p.120 du 03/05/2018 $b 6/6
334    $a Classica No.203 p.119 du 15/06/2018 $b 4/5
345    $a GAM $b 3770001903262 $c disque compact $d 19,82 E
610    $a Récital de piano, pianoforte
679    $a 3
700  1 $a Noack $b Florian $4 545
701  1 $a Martucci $b Giuseppe $f 1856-1909 $4 230
701  1 $a Szymanowski $b Karol $f 1882-1937 $4 230
701  1 $a Nin $b Joaquin $f 1879-1949 $4 230
701  1 $a Janacek $b Leos $f 1854-1928 $4 230
701  1 $a Schubert $b Franz $f 1797-1828 $4 230
701  1 $a Ladmirault $b Paul $f 1877-1944 $4 230
701  1 $a Grieg $b Edvard $f 1843-1907 $4 230
701  1 $a Komitas $f 1869-1935 $4 230
701  1 $a Rachmaninov $b Sergueï $f 1873-1943 $4 230
701  1 $a Brahms $b Johannes $f 1833-1897 $4 230
701  1 $a Grainger $b Percy $f 1882-1961 $4 230
801  0 $a FR $b GAM $c 20180831 $g AFNOR
856 4  $u https://www.gamannecy.com/upload/albums/201804/3770001903262_thumb.jpg
856 4  $u https://www.gamannecy.com/polysson/201804/01-3770001903262.mp3 $z British folk-music settings Nā19, "Molly on the shore"
856 4  $u https://www.gamannecy.com/polysson/201804/02-3770001903262.mp3 $z British folk-music settings Nā18, "The knight and the shepherd's daughter"
856 4  $u https://www.gamannecy.com/polysson/201804/03-3770001903262.mp3 $z Deutsche Volkslieder Nā30, Wo033, "All' mein' Gedanken"
856 4  $u https://www.gamannecy.com/polysson/201804/04-3770001903262.mp3 $z Deutsche Volkslieder Nā31, Wo033, "Dort in den Weiden steht ein Haus"
856 4  $u https://www.gamannecy.com/polysson/201804/05-3770001903262.mp3 $z Deutsche Volkslieder Nā7, Wo033, "Gunhilde"
995    $0 0 $2 0 $4 0 $5 2018-09-25 $9 381792 $b MED $c MED $e MED3C $f C3100005186 $h AMV30ZZ $k DC/3 NOA Piano $l contient 1 DC + 1 livret collé $o 0 $p 19.82 $r PRETSON $s DC_3_000000000000000_NOA_PIANO $w 10 $y 2019-03-14

