01162njm a22002413  4500
001 310857
003 http://www.mediathequederoubaix.fr/ark:/20179/KH310857
090    $a 310857
091    $a 2 $b 20240510 $c 0
099    $t CR $x 1 $d 2024-05-10 $c 2018-09-15
100    $a 20151121d2014    u||y0frey50      ba
101    $a fre
200    $a Les parages du vide $b Musique imprimée $f Jean-Louis Aubert, Michel Houellebecq
210    $d P 2014
215    $a 1 d.c. $d 12 cm $e 1 livre (n.p. : ill., couv. ill. ; 20 cm)
327    $a Sant'Engracia $a Isolement $a Novembre $a Canaris $a Voilà, ce sera toi $a Reflets du vide (matière) $a La traversée $a Lorsqu'il faudra $a Lise $a Delphine $a Joséphine $a La possibilité d'un île $a L'enfant et le cerf-volant $a Face B $a Roi de Bohême $a Le second secret
339    $a m
606    $a Chansons françaises $x Partitions $2 rameau
679    $a 099 $c 2
700    $a Aubert $b Jean-Louis
701    $7 ba0yba0y $8 fre    $a Houellebecq $b Michel $f 1956-.... $3 12249911 $9 10185
801    $a FR $b 595126101 $c 20151121 $g AFNOR
995    $0 0 $2 0 $3 0 $4 0 $5 2018-09-15 $9 381598 $b MED $c MED $e MED3C $f C0005912582 $h AMV80ZZ $k DC/099.2 AUB $o 0 $r PRETSON $s DC_099_200000000000000_AUB $w 0 $y 2018-09-15 $A 0

