02040cam a2200457   4500
001 310980
003 http://www.mediathequederoubaix.fr/ark:/20179/KH310980
010    $a 978-2-7560-9909-5 $b rel. $d 16,95 EUR
020    $a FR $b 01865698
033    $a http://catalogue.bnf.fr/ark:/12148/cb455432511
035    $a FRBNF455432510000005
073  0 $a 9782756099095
090    $a 310980
091    $a 2 $b 20240519 $c 1
099    $t LI $x 17 $d 2024-05-19 $c 2018-09-20
100    $a 20180711d2018    m  y0frey50      ba
101 1  $a fre $c eng
102    $a FR
105    $a ||||t   00|a|
106    $a r
181  0 $6 01 $a i  $b xxxe   $a b  $b xb2e  
181    $6 02 $c txt $c sti $2 rdacontent
182  0 $6 01 $a n
182    $6 02 $c n $2 rdamedia
200 1  $a Kill chain $b Texte imprimé $f scénario, Andy Diggle $g dessin, Luca Casalanguida $g couleur, Chris Blythe... $g [d'après l'oeuvre de Ian Fleming]
210    $e 85-Luçon $g Impr. Pollina $a [Paris] $c Delcourt $d DL 2018
214  0 $a [Paris] $c Delcourt $d DL 2018
214  3 $a 85-Luçon $c Impr. Pollina
215    $a 1 vol. (non paginé [ca 160] p.) $c ill. en coul. $d 29 cm
225 19 $a James Bond $v tome 4
330    $a Une opération de contre-espionnage tourne mal à Rotterdam tandis que des agents alliés sont assassinés. James Bond est le prochain sur la liste. Le MI6 est confronté à de vieux ennemis et à d'anciens alliés. ­Electre 2018
339    $a m
454  1 $t Kill chain
461  0 $6 337058 $t James Bond 007 $v 4
686    $a 805 $2 Cadre de classement de la Bibliographie nationale française
700    $3 14594700 $9 95350 $o ISNI0000000081544659 $a Diggle $b Andy $4 070
702    $3 17724982 $9 278770 $o ISNI0000000464727487 $a Casalanguida $b Luca $4 440
702    $3 11902905 $9 2385 $o ISNI0000000122798250 $a Fleming $b Ian $f 1908-1964 $4 100
801  0 $a FR $b FR-751131015 $c 20180711 $g AFNOR $h FRBNF455432510000005 $2 intermrc
999    $a FRBNF455432510000005
995    $0 0 $2 0 $4 0 $5 2018-10-11 $9 382828 $b MED $c MED $e MED0C $f C2200008502 $h AAPBDCM $k BD COMICS/BON $o 0 $p 16.95 $r PRETLIV $s BD_COMICS_BON $w 17 $y 2022-12-27

