02035cam a2200457   4500
001 311202
003 http://www.mediathequederoubaix.fr/ark:/20179/KH311202
010    $a 978-2-7143-1179-5 $b br. $d 25 EUR
020    $a FR $b 01716280
033    $a http://catalogue.bnf.fr/ark:/12148/cb45160290x
035    $a FRBNF451602900000006
073  0 $a 9782714311795
090    $a 311202
091    $a 2 $b 20240510 $c 1
099    $t LI $x 2 $d 2024-05-10 $c 2018-09-27
100    $a 20161117d2016    m  y0frey50      ba
101 0  $a fre
102    $a FR
105    $a ||||z   00|y|
106    $a r
181  0 $6 01 $a i  $b xxxe  
181    $6 02 $c txt $2 rdacontent
182  0 $6 01 $a n
182    $6 02 $c n $2 rdamedia
200 1  $a Le temps sacré des cavernes $b Texte imprimé $e de Chauvet à Lascaux, les hypothèses de la science $f Gwenn Rigal $g 95 illustrations de Magali Latil et Philippe Guitton
210    $a [Paris] $c Éditions Corti $d impr. 2016 $e 46-Mercuès $g Impr. France Quercy
215    $a 1 vol. (379 p.) $c ill. $d 22 cm
225    $a Biophilia $v n° 10
300    $a Bibliogr. p. 351-377. Index
330    $a Le guide-interprète de la grotte Lascaux II fait la synthèse des connaissances et hypothèses sur l'homme de Cro Magnon, ainsi que sur son art. ­Electre 2018
339    $a m
410  0 $0 42635004 $t Biophilia (Paris) $x 2259-0668 $v 10
606    $3 11935700 $9 8864 $a Art pariétal $2 rameau
676    $a 709.011 3 $v 23
686    $a 700 $2 Cadre de classement de la Bibliographie nationale française
700    $3 16651901 $9 334585 $o ISNI0000000399776994 $a Rigal $b Gwenn $f 1975-.... $4 070
702    $3 13512939 $9 334586 $o ISNI0000000382095367 $a Latil $b Magali $f 1965-.... $4 440
702    $3 15017244 $9 334587 $a Guitton $b Philippe $f 1963-.... $c artiste peintre $4 440
801  0 $a FR $b FR-751131015 $c 20161117 $g AFNOR $h FRBNF451602900000006 $2 intermrc
999    $a FRBNF451602900000006
995    $0 0 $2 0 $4 0 $5 2018-10-05 $9 382492 $P 25.00 $b MED $c MED $e MED3A $f C2400001504 $h ACFHSZZ $k Doc./921 PRE $o 0 $p 25.00 $r PRETLIV $s DOC___921_000000000000000_PRE $w 2 $y 2018-12-28

