01750cam a2200409   4500
001 311340
003 http://www.mediathequederoubaix.fr/ark:/20179/KH311340
010    $a 978-2-505-06845-7 $b br. $d 6,85 EUR
020    $a FR $b 01752802
033    $a http://catalogue.bnf.fr/ark:/12148/cb45304606c
035    $a FRBNF453046060000006
073  0 $a 9782505068457
090    $a 311340
091    $a 2 $b 20240519 $c 1
099    $t LI $x 54 $d 2024-05-19 $c 2018-10-02
100    $a 20170703d2017    m  y0frey50      ba
101 1  $a fre $c jpn
102    $a BE
105    $a ||||t   00|a|
106    $a r
181  0 $6 01 $a i  $b xxxe   $a b  $b xb2e  
181    $6 02 $c txt $c sti $2 rdacontent
182  0 $6 01 $a n
182    $6 02 $c n $2 rdamedia
200 1  $a Détective Conan $h 89 $b Texte imprimé $f Gosho Aoyama
210    $a Bruxelles $a [Paris] $c Kana $d DL 2017 $e impr. en Italie
215    $a 1 vol. (non paginé [ca 181] p.) $c ill. $d 18 cm
330    $a Le détective Conan enquête et résout des affaires mystérieuses sous l'apparence d'un petit garçon de 6 ans. ­Electre 2018
339    $a a
454  1 $t Meitantei Conan $h Vol. 89
461  0 $6 91923 $t Détective Conan $v 89
686    $a 805 $2 Cadre de classement de la Bibliographie nationale française
700    $3 12567884 $9 308840 $o ISNI0000000120207242 $a Aoyama $b Gōshō $f 1963-.... $4 070
801  0 $a FR $b FR-751131015 $c 20170703 $g AFNOR $h FRBNF453046060000006 $2 intermrc
999    $a FRBNF453046060000006
995    $0 0 $2 0 $4 0 $5 2018-10-09 $9 382757 $b MED $c MED $e MED2A $f C2500033058 $h JBDMGZZ $k E BD/MANGAS $o 0 $p 6.85 $r PRETLIV $s E_BD_MANGAS $w 37 $y 2024-05-14 $7  $8  $A  $m  $z 
995    $0 3 $2 1 $4 0 $5 2021-10-27 $9 434036 $P 6.85 $b MED $c MED $e MED2A $f C2500025078 $h JBDMGZZ $k E BD/MANGAS $n 2023-09-09 $o 4 $p 6.85 $r PRETLIV $s E_BD_MANGAS $w 18 $y 2023-07-29

