02528cam a2200493   4500
001 311447
003 http://www.mediathequederoubaix.fr/ark:/20179/KH311447
010    $a 978-2-0925-6404-2 $b rel. $d 6,95 EUR
020    $a FR $b 01641988
033    $a http://catalogue.bnf.fr/ark:/12148/cb45078853b
035    $a FRBNF450788530000002
073  0 $a 9782092564042
090    $a 311447
091    $a 2 $b 20240516 $c 1
099 00 $x 26 $t LI $d 2024-05-16 $c 2018-10-03
100    $a 20160712d2016    a  y0frey50      ba
101 0  $a fre
102    $a FR
105    $a ||||z   00|y|
106    $a r
181  0 $6 01 $a i  $b xxxe   $a b  $b xb2e  
181    $6 02 $c txt $c sti $2 rdacontent
182  0 $6 01 $a n
182    $6 02 $c n $2 rdamedia
200 1  $a Les Jeux olympiques $b Texte imprimé $f écrit par Jean-Michel Billioud $g illustré par Buster Bone
210    $a Paris $c Nathan $d DL 2016 $e 85-Luçon $g Impr. Pollina
215    $a 1 vol. (31 p.) $c ill. en coul. $d 29 cm
225    $a Questions ? Réponses ! $i 7+ $v 44
300    $a Lexique
330    $a 32 questions-réponses pour découvrir les jeux Olympiques : le choix de la ville organisatrice, la symbolique de la flamme olympique, les sports, les animaux, les jeux Paralympiques, le système de notation, etc. ­Electre 2018
339    $a a
410  0 $0 43770545 $t Questions ? Réponses !. 7+ $x 2553-4793 $v 44
606    $3 11939226 $9 50911 $7 ba0yba0y $8 fre    $a Jeux olympiques $3 12042408 $9 314947 $x Ouvrages pour la jeunesse $2 rameau $9 50911
606    $3 11939226 $9 50911 $a Jeux olympiques $2 rameau
608    $3 12042408 $9 314947 $a Ouvrages pour la jeunesse $2 rameau
676    $a 796.480 83 $v 23
686    $a 796 $2 Cadre de classement de la Bibliographie nationale française
700    $3 12491750 $9 46438 $o ISNI0000000078343581 $a Billioud $b Jean-Michel $f 1964-.... $4 070
702    $3 13336511 $9 14920 $o ISNI0000000072487306 $a Bone $b Buster $f 1971-.... $4 440
801  0 $a FR $b FR-751131015 $c 20160712 $g AFNOR $h FRBNF450788530000002 $2 intermrc
999    $a FRBNF450788530000002
995    $0 0 $2 0 $4 0 $5 2018-10-06 $9 382584 $b MED $c MED $e MED0A $f C2200008363 $h JDT60ZZ $k EXT E/696 HIS $n 2024-07-16 $o 0 $p 6.95 $r PRETLIV $s EXT_E_696_000000000000000_HIS $w 5 $y 2023-09-20 $A 0
995    $0 0 $2 0 $4 0 $5 2021-04-14 $9 425368 $P 7.40 $b MED $c MED $e MED2A $f C2500022532 $h JDT60ZZ $k E/696 HIS $n 2024-05-11 $o 0 $p 7.40 $r PRETLIV $s E_696_000000000000000_HIS $w 19 $y 2024-04-20 $A 0
995    $0 0 $2 0 $3 0 $4 0 $5 2023-08-24 $9 464848 $P 6.95 $b MED $c MED $e MED0A $f C3500018696 $h JDT60ZZ $k EXT E/696 HIS $n 2024-06-28 $o 0 $r PRETLIV $s EXT_E_696_000000000000000_HIS $w 2 $y 2024-04-25 $A 0

