03000njm0a2200469   4500
001 311566
003 http://www.mediathequederoubaix.fr/ark:/20179/KH311566
071 01 $a 6022046193 $b Verycords
073  0 $a 3760220461933
090    $a 311566
091    $a 2 $b 20240510 $c 0
099    $t DC $x 25 $d 2024-05-10 $c 2018-10-05
100    $a 20181002d2018    u  y0frey5003    ba
101 0  $a eng
127    $a 003600
200 1  $a Blaze away $b [enr. sonore] $f Morcheeba, ens. voc. & instr. $g Amanda Zamolo, chant $g Benjamin Biolay, chant $g Roots Manuva, chant
210    $a Paris $c Verycords $d 2018
215    $a 1 CD (36 min) $e 1 livret
300    $a Textes des chansons
327 1  $a Never undo $a Blaze away $g Roots Manuva $a Love dub $a It's summertime $a Sweet L.A. $a Paris sur Mer $g Benjamin Biolay $a Find another way $a Set your sails $a Free of debris $a Mezcal dream $g Amanda Zamolo
330    $a Premier album en 5 ans du groupe pionnier de la scène trip-hop anglaise avec 8 albums à son actif. Cet opus marque à la fois une nouvelle approche, plus organique, ainsi qu'un retour au joyeux mélange de genres de ses débuts, le groupe londonien ne s'étant fixé aucune barrière lors de l'enregistrement des 10 titres qui composent Blaze away. Cerise sur le gâteau, Morcheeba accueille deux invités de luxe, avec Benjamin Biolay sur le single Paris Sur Mer ainsi que Roots Manuva, le rappeur de l'écurie Ninja Tune.
334    $a RollingStone No.106 p.82 du 05/07/2018 $b 4/5
334    $a Tsugi No.113 p.33 du 12/06/2018
334    $a Reggae Vibes No.60 p.36 du 05/06/2018
345    $a GAM $b 3760220461933 $c disque compact $d 16,99 E
464  1 $a Never undo $3 https://www.gamannecy.com/polysson/201805/01-3760220461933.mp3
464  1 $a Blaze away $g Roots Manuva $3 https://www.gamannecy.com/polysson/201805/02-3760220461933.mp3
464  1 $a Love dub $3 https://www.gamannecy.com/polysson/201805/03-3760220461933.mp3
464  1 $a It's summertime $3 https://www.gamannecy.com/polysson/201805/04-3760220461933.mp3
610    $a Ambient, downtempo, trip hop, électro-dub, lounge music
702  1 $a Zamolo $b Amanda $4 721
702  1 $a Biolay $b Benjamin $f 1973-.... $4 721
702  1 $a Roots Manuva $f 1972-.... $4 721
710 02 $a Morcheeba $4 545 $4 ens. voc. & instr.
801  0 $a FR $b GAM $c 20181002 $g AFNOR
856 4  $u https://www.gamannecy.com/upload/albums/201804/3760220461933_thumb.jpg
856 4  $u https://www.gamannecy.com/polysson/201805/01-3760220461933.mp3 $z Never undo
856 4  $u https://www.gamannecy.com/polysson/201805/02-3760220461933.mp3 $z Blaze away
856 4  $u https://www.gamannecy.com/polysson/201805/03-3760220461933.mp3 $z Love dub
856 4  $u https://www.gamannecy.com/polysson/201805/04-3760220461933.mp3 $z It's summertime
856 4  $u https://www.gamannecy.com/polysson/201805/05-3760220461933.mp3 $z Sweet L.A.
995    $0 0 $2 0 $4 0 $5 2018-10-17 $9 383225 $b MED $c MED $e MED1A $f C3100005368 $h AMV40ZZ $k DC/8 MOR $l contient 1 DC + 1 livret $o 0 $p 16.99 $r PRETSON $s DC_8_000000000000000_MOR $w 25 $y 2022-11-26

