02765cam a2200529   4500
001 311691
003 http://www.mediathequederoubaix.fr/ark:/20179/KH311691
010    $a 978-2-408-00466-8 $b rel. $d 8,50 EUR
020    $a FR $b 01854531
033    $a http://catalogue.bnf.fr/ark:/12148/cb45567524b
035    $a FRBNF45567524000000X
073  0 $a 9782408004668
090    $a 311691
091    $a 2 $b 20240510 $c 1
099    $t LI $x 36 $d 2024-05-10 $c 2018-10-12
100    $a 20180823d2018    a  y0frey50      ba
101 0  $a fre
102    $a FR
105    $a ||||z   00|y|
106    $a r
181  0 $6 01 $a i  $b xxxe   $a b  $b xb2e  
181    $6 02 $c txt $c sti $2 rdacontent
182  0 $6 01 $a n
182    $6 02 $c n $2 rdamedia
200 1  $a J'apprends la danse classique $b Texte imprimé $f texte d'Emmanuelle Ousset $g illustrations de Marie Spénale
210    $e impr. en Roumanie $a Toulouse $c Milan $d DL 2018
214  0 $a Toulouse $c Milan $d DL 2018
214  3 $a impr. en Roumanie
215    $a 1 vol. (non paginé [36] p.) $c ill. en coul. $d 24 cm
225    $a Mes docs sport $e dès 5 ans
329    $c Intéressant $2 CNLJ $k Avis critique donné par le Centre national de la littérature pour la jeunesse
330    $a Un documentaire qui présente les bases de la danse classique, de l'inscription à l'école de danse aux plus grandes étoiles en passant par la tenue, les positions des pieds ou encore les exercices d'assouplissement. ­Electre 2018
333    $a À partir de 6 ans $2 CNLJ $k Avis critique donné par le Centre national de la littérature pour la jeunesse
339    $a a
410  0 $0 45116978 $t Mes docs sport $x 2557-6062 $d 2018
606    $3 11957047 $9 48235 $7 ba0yba0y $8 fre    $a Danse classique $3 12042408 $9 314947 $x Ouvrages pour la jeunesse $2 rameau $9 48235
606    $3 11957047 $9 48235 $a Danse classique $2 rameau
608    $3 12042408 $9 314947 $a Ouvrages pour la jeunesse $2 rameau
608    $a Documentaires : activités, loisirs et divers $2 CNLJ $k Avis critique donné par le Centre national de la littérature pour la jeunesse
676    $a 792.808 3 $v 23
686    $a 792 $2 Cadre de classement de la Bibliographie nationale française
700    $3 15122061 $9 114678 $o ISNI0000000002551464 $a Ousset $b Emmanuelle $f 1972-.... $4 070
702    $3 16802611 $9 265404 $o ISNI0000000451000414 $a Spénale $b Marie $4 440
801  0 $a FR $b FR-751131015 $c 20180823 $g AFNOR $h FRBNF45567524000000X $2 intermrc
999    $a FRBNF45567524000000X
995    $0 0 $2 0 $4 0 $5 2018-11-27 $9 385122 $b MED $c MED $e MED0A $f C3500008191 $h JDT70ZZ $k EXT E/788.1 TEC $n 2024-06-12 $o 0 $p 8.50 $r PRETLIV $s EXT_E_788_100000000000000_TEC $w 8 $y 2024-04-24
995    $0 0 $2 0 $4 0 $5 2018-11-28 $9 385284 $b MED $c MED $e MED2A $f C2500010989 $h JDT70ZZ $k E/788.1  ABC $o 0 $p 8.50 $r PRETLIV $s E_788_100000000000000_ABC $w 28 $y 2024-05-15

