01761cam a2200421   4500
001 311801
003 http://www.mediathequederoubaix.fr/ark:/20179/KH311801
010    $a 978-2-07-279795-8 $b br. $d 19 EUR
020    $a FR $b 01875386
033    $a http://catalogue.bnf.fr/ark:/12148/cb45592755k
035    $a FRBNF455927550000005
073  0 $a 9782072797958
090    $a 311801
091    $a 2 $b 20240519 $c 1
099    $t LI $x 5 $d 2024-05-19 $c 2018-10-17
100    $a 20181003d2018    m  y0frey50      ba
101 0  $a fre
102    $a FR
105    $a ||||z   00|a|
106    $a r
181  0 $6 01 $a i  $b xxxe  
181    $6 02 $c txt $2 rdacontent
182  0 $6 01 $a n
182    $6 02 $c n $2 rdamedia
200 1  $a La lumière est à moi $b Texte imprimé $e et autres nouvelles $f Gilles Paris
210    $e 53-Mayenne $g Impr. Floch $a [Paris] $c Gallimard $d DL 2018
214  0 $a [Paris] $c Gallimard $d DL 2018
214  3 $a 53-Mayenne $c Impr. Floch
215    $a 1 vol. (197 p.) $d 21 cm
225    $a Haute enfance
330    $a Dans ce recueil, les personnages ont en commun une part d'enfance déchue. Lior voit sa mère dépérir et guérir. Eytan le séducteur joue avec les sentiments de ses congénères. Brune, Anton et Ben se trouvent et se perdent. ­Electre 2018
339    $a m
410  0 $0 34267761 $t Haute enfance (Paris) $x 1151-9487 $d 2018
686    $a 803 $2 Cadre de classement de la Bibliographie nationale française
700    $3 12893164 $9 55189 $o ISNI0000000140425132 $a Paris $b Gilles $f 1959-.... $4 070
801  0 $a FR $b FR-751131015 $c 20181003 $g AFNOR $h FRBNF455927550000005 $2 intermrc
999    $a FRBNF455927550000005
995    $0 0 $2 0 $3 0 $4 0 $5 2018-10-17 $9 383272 $b MED $c MED $e MED1A $f C1400005219 $h ALTTCNV $k NVL/PAR $o 0 $p 19.00 $r PRETLIV $s NVL_PAR $w 5 $y 2019-10-26 $A 0

