01851cam a2200421   4500
001 311911
003 http://www.mediathequederoubaix.fr/ark:/20179/KH311911
010    $a 978-2-8001-6354-3 $b rel. $d 13,95 EUR
020    $a FR $b 01549223
033    $a http://catalogue.bnf.fr/ark:/12148/cb44385257x
035    $a FRBNF443852570000005
073  0 $a 9782800163543
090    $a 311911
091    $a 2 $b 20240510 $c 1
099    $t LI $x 25 $d 2024-05-10 $c 2018-10-18
100    $a 20150727d2015    m  y0frey50      ba
101 1  $a fre $c spa
102    $a BE
105    $a ||||t   00|a|
106    $a r
181  0 $6 01 $a i  $b xxxe   $a b  $b xb2e  
181    $6 02 $c txt $c sti $2 rdacontent
182  0 $6 01 $a n
182    $6 02 $c n $2 rdamedia
200 1  $a Kidnappé ! $b Texte imprimé $f scénario et dessin, Jose Luis Munuera $g couleurs, Sedyas
210    $a [Marcinelle] $a [Paris] $c Dupuis $d DL 2015 $e impr. en Belgique
215    $a 1 vol. (56 p.) $c ill. en coul. $d 32 cm
225 19 $a Les Campbell $v 3
300    $a Trad. de l'espagnol
330    $a Campbell est kidnappé par Turco, animé par la vengeance d'un passé enfoui. Itaca et Genova, ses filles, se lancent à sa recherche et tentent le tout pour le tout afin de le libérer de sa geôle. ­Electre 2018
339    $a a
461  0 $0 43763196 $t Les Campbell $v 3
608    $a Bandes dessinées $2 CNLJ $k Avis critique donné par le Centre national de la littérature pour la jeunesse
686    $a 805 $2 Cadre de classement de la Bibliographie nationale française
700    $3 13074290 $9 34635 $o ISNI0000000121358448 $a Munuera $b José Luis $f 1972-.... $4 070
801  0 $a FR $b FR-751131015 $c 20150727 $g AFNOR $h FRBNF443852570000005 $2 intermrc
999    $a FRBNF443852570000005
995    $0 0 $2 0 $4 0 $5 2018-10-19 $9 383424 $b MED $c MED $e MED2A $f C2500010072 $h JBDSRZZ $k E BD/SERIES $o 0 $p 13.00 $r PRETLIV $s E_BD_SERIES $w 25 $y 2024-05-14

