00944nas a2200253   4500
001 312020
003 http://www.mediathequederoubaix.fr/ark:/20179/KH312020
005 20181115183229.0
011    $a 0337-8659
033    $a http://catalogue.bnf.fr/ark:/12148/cb34414708g
090    $a 312020
091    $a 0
099    $t PE $c 2014-06-30 $d 2014-06-30 $x 0
100    $a 19       19641985k||y0frey5003    ba
101    $a fre
200    $a Eclats de rire $f dir. de publ. Dominique Deschavanne
207    $a N°1(1964)-[N°220(1985)]
210    $a Lyon $c Ed. EGE $d [1964-1985]
300    $a Don de Bernard Grelle, 2003
339    $a m
606    $9 271378 $a Caricatures et dessins humoristiques   $y France $z 20e siècle $x Dans la presse
702    $4 651 $9 293610 $a Deschavanne $b Dominique
801  0 $a FR $b 595126101 $c 20050330 $g AFNOR
995    $0 0 $2 0 $4 0 $5 2018-10-24 $9 383588 $b MED $c MED $e MED3T $f P 31633 $h PPEPRZZ $k P 31633 $o 2 $r PRETLIV $s P_31633_000000000000000 $w 0 $y 2018-10-24

