02213cam a2200445   4500
001 312128
003 http://www.mediathequederoubaix.fr/ark:/20179/KH312128
010    $a 978-2-7499-3711-3 $b br. $d 15,95 EUR
020    $a FR $b 01873818
033    $a http://catalogue.bnf.fr/ark:/12148/cb45585816g
035    $a FRBNF455858160000002
073  0 $a 9782749937113
090    $a 312128
091    $a 2 $b 20240510 $c 1
099    $t LI $x 6 $d 2024-05-10 $c 2018-10-30
100    $a 20180925d2018    m  y0frey50      ba
101 0  $a fre
102    $a FR
105    $a ||||z   00|y|
106    $a r
181  0 $6 01 $a i  $b xxxe  
181    $6 02 $c txt $2 rdacontent
182  0 $6 01 $a n
182    $6 02 $c n $2 rdamedia
200 1  $a Manuel de guérilla médiatique $b Texte imprimé $f Raquel Garrido
210    $e impr. en Espagne $a Neuilly-sur-Seine $c Michel Lafon $d DL 2018
214  0 $a Neuilly-sur-Seine $c Michel Lafon $d DL 2018
214  3 $a impr. en Espagne
215    $a 1 vol. (207 p.) $d 19 cm
330    $a Ancienne porte-parole du parti politique La France insoumise, l'auteure se consacre désormais entièrement à son métier d'avocate. Sa liberté de parole retrouvée lui permet de dénoncer les travers d'un système médiatique en crise : concentration oligarchique des organes d'information, instrumentalisation politique du concept de fake news, absence de déontologie, machisme, etc. ­Electre 2018
339    $a m
606    $3 12551435 $9 71994 $a Médias $x Aspect moral $3 12432924 $9 2858 $z 1990-2020 $2 rameau
606    $3 11932431 $9 5227 $a Société médiatique $3 11931476 $9 109 $y France $3 12432924 $9 2858 $z 1990-2020 $2 rameau
606    $3 11932430 $9 23959 $a Médias et politique $3 11931476 $9 109 $y France $3 12432924 $9 2858 $z 1990-2020 $2 rameau
676    $a 302.230 94409051 $v 23
686    $a 320 $2 Cadre de classement de la Bibliographie nationale française
700    $3 17004166 $9 338902 $o ISNI0000000452973891 $a Garrido $b Raquel $f 1974-.... $4 070
801  0 $a FR $b FR-751131015 $c 20180925 $g AFNOR $h FRBNF455858160000002 $2 intermrc
999    $a FRBNF455858160000002
995    $0 0 $2 0 $4 0 $5 2018-12-01 $9 385634 $P 15.95 $b MED $c MED $e MED3A $f C2400001719 $h ACFSSZZ $k Doc./311 MED $o 0 $p 15.95 $r PRETLIV $s DOC___311_000000000000000_MED $w 6 $y 2023-10-31

