01885cam1a2200469 i 4500
001 312236
003 http://www.mediathequederoubaix.fr/ark:/20179/KH312236
005 20240510040427.0
010    $a 2-7073-1844-2 $b br. $d 10,50 EUR
035    $a ELC157498 $z 2003160572
073  0 $a 9782707318442
090    $a 312236
100    $a 20030425d2003    k  |0frey5003||||ba
101 0  $a fre
102    $a FR
105    $a         0||y|
106    $a r
181  0 $6 01 $a i  $b xxxe  
181    $6 02 $c txt $2 rdacontent
182  0 $6 01 $a n
182    $6 02 $c n $2 rdamedia
200 1  $a Spinoza, philosophie pratique $b Texte imprimé $f Gilles Deleuze
210    $a Paris $c Minuit $d 2003 $a Paris $c Minuit $d 2003
211    $a 20030414
215    $a 1 vol. (175 p.) $d 19 x 12 cm
219  0 $a Paris $c Minuit $d 2003
225 2  $a Reprise $x 1637-8326 $v 4
330    $a G. Deleuze s'interroge sur la philosophie théorique de Spinoza, qui oppose éthique et morale et lie les propositions éthiques à la proposition ontologique. Il présente une sorte de dictionnaire des principales notions du philosophe hollandais. ­Electre 2018
333    $a Public motivé
345    $b 9782707318442
410  0 $0 38938643 $6 39523 $7 4279330000 $t Reprise $x 1637-8326 $v 4
600    $3 11925350 $9 11398 $7 ba0yba0y $8 fre    $a Spinoza $b Baruch $f 1632-1677 $3 12042895 $9 333 $x Critique et interprétation $2 rameau $9 11398
676    $a 199 $v 23
686    $a T400600 $2 electre
686    $a GRPO000 $2 electre
686    $a PS0100 $2 electre
700    $3 11899332 $6 1213244 $7 ba0yba0y $8 fre    $a Deleuze $b Gilles $f 1925-1995 $4 070 $9 10487
801  3 $a FR $b Electre $c 20180603 $g AFNOR
099    $t LI $x 6 $d 2024-05-10 $c 2018-10-30
339    $a m
091    $a 2 $b 20240510 $c 0
995    $0 0 $2 0 $4 0 $5 2018-11-10 $9 384354 $P 10.50 $b MED $c MED $e MED3A $f C2400001649 $h ACFPHZZ $k Doc./130 SPI $o 0 $p 10.50 $r PRETLIV $s DOC___130_000000000000000_SPI $w 6 $y 2022-12-29

