01615cam1a2200421 i 4500
001 312365
003 http://www.mediathequederoubaix.fr/ark:/20179/KH312365
005 20181114112843.0
010    $a 2-7475-8258-2 $b br. $d 12,20 EUR
035    $a ELC287556 $z 2005360248
073  0 $a 9782747582582
090    $a 312365
091    $a 0
099    $t LI
100    $a 20050906d2005    k  |0frey5003||||ba
101 0  $a fre
102    $a FR
105    $a         0||y|
106    $a r
200 1  $a L'engouement associatif pour l'histoire locale $e le cas du Maine-et-Loire $f sous la direction de Benoît Carteron $g édition Groupe de recherches ethnologiques de l'Anjou
210    $a Paris $c L'Harmattan $d 2005
215    $a 125 p. $d 22 cm
225 2  $a Anthropologie du monde occidental $x 1275-2886
300    $a Bibliogr.
300    $a Fonds de l'Observatoire urbain, centre de documentation locale de Roubaix
333    $a Public motivé
339    $a m
345    $b 9782747582582
410  0 $0 34291710 $t Anthropologie du monde occidental $x 1275-2886
606    $3 11944175 $a Histoire locale $2 rameau
606    $3 11971288 $a Histoire $x Associations $3 11939487 $y Maine-et-Loire (France) $3 13340857 $x Sociologie $2 rameau
676    $a 306.48 $v 23
686    $2 electre
686    $2 electre
702  1 $3 12200480 $a Carteron $b Benoît $4 651
712 02 $3 12300733 $a Groupe de recherches ethnologiques de l'Anjou $4 340
801  3 $a FR $b Electre $c 20180120 $g AFNOR
995    $0 0 $2 0 $4 0 $5 2018-11-13 $9 384454 $b MED $c MED $e MED3I $f C0005941049 $h PPEFGZZ $k MAG L/P 8 /118 072 $o 2 $p 12.00 $r PRETLIV $s MAG_L_P_8_118000000000000_072 $w 0 $y 2018-11-13

