02653cam a2200481   4500
001 312490
003 http://www.mediathequederoubaix.fr/ark:/20179/KH312490
010    $a 978-2-211-23693-5 $b rel. $d 13,50 EUR
020    $a FR $b 01876008
033    $a http://catalogue.bnf.fr/ark:/12148/cb455680695
035    $a FRBNF455680690000009
073  0 $a 9782211236935
090    $a 312490
091    $a 2 $b 20240510 $c 1
099    $t LI $x 45 $d 2024-05-10 $c 2018-11-06
100    $a 20180824d2018    a  y0frey50      ba
101 0  $a fre
102    $a BE $a FR
105    $a ||||z   00|a|
106    $a r
181  0 $6 01 $a i  $b xxxe   $a b  $b xb2e  
181    $6 02 $c txt $c sti $2 rdacontent
182  0 $6 01 $a n
182    $6 02 $c n $2 rdamedia
200 1  $a La nuit de Berk $b Texte imprimé $f Julien Béziat
210    $e impr. en Belgique $a [Bruxelles] $c Pastel $d DL 2018
214  0 $a [Bruxelles] $c Pastel $a Paris $c l'École des loisirs $d DL 2018
214  3 $a impr. en Belgique
215    $a 1 vol. (non paginé [33] p.) $c ill. en coul. $d 31 cm
329    $c Pourquoi pas ? $2 CNLJ $k Avis critique donné par le Centre national de la littérature pour la jeunesse
330    $a La peluche-canard Berk raconte la fois où elle a été oubliée dans la boîte à doudous de la maternelle, tout comme son copain Croco-sac-à-dos, et comment ils ont visité la classe pendant la nuit. ­Electre 2018
333    $a À partir de 3 ans $2 CNLJ $k Avis critique donné par le Centre national de la littérature pour la jeunesse
339    $a a
608    $a Albums $2 CNLJ $k Avis critique donné par le Centre national de la littérature pour la jeunesse
686    $a 809 $2 Cadre de classement de la Bibliographie nationale française
700    $3 16542795 $9 267458 $o ISNI0000000359718247 $a Béziat $b Julien $f 1978-.... $4 070
801  0 $a FR $b FR-751131015 $c 20180824 $g AFNOR $h FRBNF455680690000009 $2 intermrc
999    $a FRBNF455680690000009
995    $0 3 $2 1 $4 0 $5 2018-11-22 $9 384829 $b MED $c MED $e MED2A $f C2500010916 $h JABPFAF $k PE A/BEZ $n 2020-07-01 $o 4 $p 13.50 $r PRETLIV $s PE_A_BEZ $w 15 $y 2020-06-10
995    $0 0 $2 1 $4 0 $5 2018-11-27 $9 385047 $b MED $c MED $e MED0A $f C3500008126 $h JABEFAE $k EXT E A/BEZ $n 2020-07-05 $o 0 $p 13.50 $r PRETLIV $s EXT_E_A_BEZ $w 2 $y 2019-10-03
995    $0 0 $2 0 $4 0 $5 2018-11-29 $9 385552 $b MED $c MED $e MED0A $f C3500008326 $h JABPFAF $k EXT PE A/BEZ $o 0 $p 0.00 $r PRETLIV $s EXT_PE_A_BEZ $w 16 $y 2024-04-20 $8 MA0C05
995    $0 0 $2 0 $4 0 $5 2022-11-24 $9 452908 $P 13.50 $b BUS $c BUS $e BUS1A $f C3500017301 $h JABPFAF $k BUS PE A $o 0 $r PRETLIV $s BUS_PE_A $w 8 $y 2024-02-21
995    $0 0 $2 0 $4 0 $5 2023-11-10 $9 468974 $P 13.50 $b MED $c MED $e MED2A $f C2500034073 $h JABPFAF $k PE A/BEZ $n 2024-05-09 $o 0 $p 13.50 $r PRETLIV $s PE_A_BEZ $w 4 $y 2024-04-17 $A 0

