02100cam a2200445   4500
001 312597
003 http://www.mediathequederoubaix.fr/ark:/20179/KH312597
010    $a 979-10-339-0189-1 $b br. $d 22,90 EUR
020    $a FR $b 01904563
033    $a http://catalogue.bnf.fr/ark:/12148/cb45616044g
035    $a FRBNF456160440000005
073  0 $a 9791033901891
090    $a 312597
091    $a 2 $b 20240519 $c 1
099    $t LI $x 34 $d 2024-05-19 $c 2018-11-09
100    $a 20181108d2018    m  y0frey50      ba
101 1  $a fre $c eng
102    $a FR
105    $a ||||z   00|a|
106    $a r
181  0 $6 01 $a i  $b xxxe  
181    $6 02 $c txt $2 rdacontent
182  0 $6 01 $a n
182    $6 02 $c n $2 rdamedia
200 1  $a Corruption $b Texte imprimé $f Don Winslow $g traduit de l'anglais (États-Unis) par Jean Esch
210    $e 27-Mesnil-sur-l'Estrée $g Impr. CPI Firmin-Didot $a Paris $c HarperCollins $d DL 2018
214  0 $a Paris $c HarperCollins $d DL 2018
214  3 $a 27-Mesnil-sur-l'Estrée $c Impr. CPI Firmin-Didot
215    $a 1 vol. (584 p.) $d 21 cm
225    $a HarperCollins noir $x 2551-0096
330    $a Denny Malone est le chef de la Force, une unité d'élite qui combat le crime à New York par tous les moyens. Avec son équipe, il vole de l'argent blanchi et se trouve contraint par le FBI de livrer les noms de ses coéquipiers. Dans le même temps, il est attaqué par des mafieux et des politiciens corrompus. Mais il détient sur chacun des informations compromettantes. ­Electre 2018
339    $a m
410  0 $0 45179048 $t HarperCollins Noir $x 2551-0096 $d 2018
454  1 $t The force
686    $a 803 $2 Cadre de classement de la Bibliographie nationale française
700    $3 12490872 $9 9979 $o ISNI0000000117001905 $a Winslow $b Don $f 1953-.... $4 070
702    $3 12058042 $9 12214 $o ISNI0000000121319051 $a Esch $b Jean $f 1962-.... $4 730
801  0 $a FR $b FR-751131015 $c 20181108 $g AFNOR $h FRBNF456160440000005 $2 intermrc
999    $a FRBNF456160440000005
995    $0 0 $2 0 $4 0 $5 2018-11-09 $9 384277 $b MED $c MED $e MED1A $f C1400004711 $h ALTROPL $k RP/WIN $o 0 $p 22.90 $r PRETLIV $s RP_WIN $w 34 $y 2023-12-09 $A 0

