02190cam a2200433   4500
001 312705
003 http://www.mediathequederoubaix.fr/ark:/20179/KH312705
010    $a 979-1-0214-0643-8 $b br. $d 7,95 EUR
020    $a FR $b 01901892
033    $a http://catalogue.bnf.fr/ark:/12148/cb45589207t
035    $a FRBNF455892070000009
073  0 $a 9791021406438
090    $a 312705
091    $a 2 $b 20240510 $c 1
099    $t LI $x 18 $d 2024-05-10 $c 2018-11-09
100    $a 20180928d2018    a  y0frey50      ba
101 0  $a fre
102    $a FR
105    $a ||||z   00|a|
106    $a r
181  0 $6 01 $a i  $b xxxe  
181    $6 02 $c txt $2 rdacontent
182  0 $6 01 $a n
182    $6 02 $c n $2 rdamedia
200 1  $a Au secours, ma grand-mère est une sorcière ! $b Texte imprimé $f Céline Le Gallo
210    $e impr. en Europe $a Paris $c Oskar éditeur $d DL 2018
214  0 $a Paris $c Oskar éditeur $d DL 2018
214  3 $a impr. en Europe
215    $a 1 vol. (57 p.) $c ill. $d 20 cm
329    $c Pourquoi pas ? $2 CNLJ $k Avis critique donné par le Centre national de la littérature pour la jeunesse
330    $a Antoine doit passer les vacances de la Toussaint à la campagne chez mamie Huguette et cette perspective ne le réjouit pas. Repas pris à heures fixes, devoirs de vacances, jeux de société en compagnie des amis de sa grand-mère : pour le jeune garçon, le séjour est cauchemardesque. Une nuit, il entend des bruits étranges au grenier et, surmontant sa peur, décide d'aller voir ce qu'il se passe. ­Electre 2018
333    $a À partir de 9 ans $2 CNLJ $k Avis critique donné par le Centre national de la littérature pour la jeunesse
339    $a a
608    $a Romans $2 CNLJ $k Avis critique donné par le Centre national de la littérature pour la jeunesse
686    $a 809 $2 Cadre de classement de la Bibliographie nationale française
700    $3 16793219 $9 271659 $a Le Gallo $b Céline $f 1970-.... $4 070
801  0 $a FR $b FR-751131015 $c 20180928 $g AFNOR $h FRBNF455892070000009 $2 intermrc
999    $a FRBNF455892070000009
995    $0 0 $2 0 $4 0 $5 2018-12-13 $9 386493 $b MED $c BUS $e MED2A $f C2500011243 $h JRORMZZ $k PRE R/LEG $n 2024-05-28 $o 0 $p 7.95 $r PRETLIV $s PRE_R_LEG $w 18 $y 2024-03-26

