01739cam a2200385   4500
001 312815
003 http://www.mediathequederoubaix.fr/ark:/20179/KH312815
010    $a 978-2-8222-2034-7 $b rel. $d 10,60 EUR
020    $a FR $b 01733884
033    $a http://catalogue.bnf.fr/ark:/12148/cb45248412c
035    $a FRBNF452484120000002
073  0 $a 9782822220347
090    $a 312815
091    $a 2 $b 20240510 $c 1
099    $t LI $x 16 $d 2024-05-10 $c 2018-11-17
100    $a 20170410d2017    a  y0frey50      ba
101 0  $a fre
102    $a BE
105    $a ||||z   00|a|
106    $a r
181  0 $6 01 $a i  $b xxxe   $a b  $b xb2e  
181    $6 02 $c txt $c sti $2 rdacontent
182  0 $6 01 $a n
182    $6 02 $c n $2 rdamedia
200 1  $a Raoul en milieu naturel $b Texte imprimé $f textes et dessins, Véropée $g couleurs, Élodie Balandras
210    $a [Bruxelles] $a [Paris] $c Jungle $d DL 2017 $e impr. en Espagne
215    $a 1 vol. (94 p.) $c ill. en coul. $d 22 cm
330    $a Les scènes de la vie quotidienne de Raoul, un petit garçon de 5 ans au caractère bien trempé, de ses parents et de sa petite soeur Mimi proposent une vision à la fois humoristique et grinçante de l'enfance et de la parentalité. ­Electre 2018
339    $a a
608    $a Bandes dessinées $2 CNLJ $k Avis critique donné par le Centre national de la littérature pour la jeunesse
686    $a 809 $2 Cadre de classement de la Bibliographie nationale française
700    $3 17120521 $9 294298 $a Véropée $4 070
801  0 $a FR $b FR-751131015 $c 20170410 $g AFNOR $h FRBNF452484120000002 $2 intermrc
999    $a FRBNF452484120000002
995    $0 0 $2 0 $4 0 $5 2018-12-29 $9 387280 $b BUS $c BUS $e BUS1A $f C2500010934 $h JBDPBZZ $k BUS PE BD $o 0 $p 12.95 $r PRETLIV $s BUS_PE_BD $w 16 $y 2023-11-08 $A 0

