01032ncm a22002053  4500
001 312939
003 http://www.mediathequederoubaix.fr/ark:/20179/KH312939
010    $a 9780486408484 $d 16.34
090    $a 312939
091    $a 2 $b 20240516 $c 0
099    $t PA $x 7 $d 2024-05-16 $c 2018-11-24
100    $a 20181124d2015    u||y0frey50      ba
101    $a fre
200    $a Five great Piano Sonatas $b Mus. imprimée $f Ludwig Van Beethoven
210    $c Dover publications $d 2015
215    $a 112 p.
327    $a Sonata N°8 in C minor op.13 "Pathétique" $a Sonata N°14 in C-sharp minor, op.27 N°2 (Sonata quasi una Fantasia) "Moonlight" $a Sonata N°21 in C major, op.53 "Waldstein" $a Sonata N°23 in F minor, op.57 "Appassionata" $a Sonata N°26 in E-flat major, op.81a "Les Adieux"
700    $7 ba0yba0y $8 fre    $a Beethoven $b Ludwig van $f 1770-1827 $3 13891295 $9 2263
801    $a FR $b 595126101 $c 20181124 $g AFNOR
995    $0 0 $2 0 $4 0 $5 2018-11-24 $9 384992 $b MED $c MED $e MED1A $f C3100005511 $h AMV30ZZ $k PA/3 BEE $o 0 $p 16.34 $r PRETPAR $s PA_3_000000000000000_BEE $w 7 $y 2024-02-02

