02340cam a2200493   4500
001 313041
003 http://www.mediathequederoubaix.fr/ark:/20179/KH313041
010    $a 978-2-08-142153-0 $b rel. $d 35 EUR
020    $a FR $b 01834211
033    $a http://catalogue.bnf.fr/ark:/12148/cb45501894n
035    $a FRBNF455018940000001
073  0 $a 9782081421530
090    $a 313041
091    $a 2 $b 20240510 $c 1
099    $t LI $x 5 $d 2024-05-10 $c 2018-11-27
100    $a 20180514d2018    m  y0frey50      ba
101 1  $a fre $c eng
102    $a FR
105    $a ||||z   00|y|
106    $a r
181  0 $6 01 $a i  $b xxxe   $a b  $b xb2e  
181    $6 02 $c txt $c sti $2 rdacontent
182  0 $6 01 $a n
182    $6 02 $c n $2 rdamedia
200 1  $a Tout sur l'archéologie $b Texte imprimé $f sous la direction de Paul Bahn $g avant-propos par Brian Fagan $g traduit de l'anglais par Julie Debiton avec Elina Gakou Gomba
210    $e impr. en Chine $a Paris $c Flammarion $d DL 2018
214  0 $a Paris $c Flammarion $d DL 2018
214  3 $a impr. en Chine
215    $a 1 vol. (576 p.) $c ill. en coul. $d 25 cm
300    $a La couv. porte en plus : "panorama des sites, des découvertes et des objets"
300    $a Glossaire. Index
330    $a Les découvertes marquantes de l'archéologie sur des sites de toutes époques à travers le monde : Grand Zimbabwe, Rapa Nui, Stonehenge, Lascaux, Angkor Vat, etc. Le fonctionnement de la discipline ainsi que les nouvelles technologies de fouilles et d'interprétation sont détaillés. ­Electre 2018
339    $a m
454  1 $t Archaeology : the essential guide to our human past
606    $3 11975069 $9 24238 $a Sites archéologiques $2 rameau
606    $3 13318420 $9 5546 $a Fouilles archéologiques $2 rameau
606    $3 11943941 $9 7520 $a Antiquités $2 rameau
676    $a 930.1 $v 23
686    $a 930 $2 Cadre de classement de la Bibliographie nationale française
702    $3 12405961 $9 339083 $o ISNI0000000121216132 $a Bahn $b Paul G. $f 1953-.... $4 651
702    $3 17124730 $9 339084 $o ISNI0000000460260146 $a Debiton $b Julie $4 730
801  0 $a FR $b FR-751131015 $c 20180514 $g AFNOR $h FRBNF455018940000001 $2 intermrc
999    $a FRBNF455018940000001
995    $0 0 $2 0 $4 0 $5 2019-01-17 $9 387900 $P 35.00 $b MED $c MED $e MED3A $f C2400001852 $h ACFHSZZ $k Doc./919 ARC $o 0 $p 35.00 $r PRETLIV $s DOC___919_000000000000000_ARC $w 5 $y 2023-10-20

