02039cam a2200493   4500
001 313146
003 http://www.mediathequederoubaix.fr/ark:/20179/KH313146
010    $a 978-2-01-626195-8 $b rel. $d 9,95 EUR
020    $a FR $b 01829014
033    $a http://catalogue.bnf.fr/ark:/12148/cb45490261g
035    $a FRBNF454902610000003
073  0 $a 9782016261958
090    $a 313146
091    $a 2 $b 20240510 $c 1
099    $t LI $x 5 $d 2024-05-10 $c 2018-11-28
100    $a 20180420d2018    m  y0frey50      ba
101 0  $a fre
102    $a FR
105    $a ||||z   00|y|
106    $a r
181  0 $6 01 $a i  $b xxxe   $a b  $b xb2e  
181    $6 02 $c txt $c sti $2 rdacontent
182  0 $6 01 $a n
182    $6 02 $c n $2 rdamedia
200 1  $a Le livre de couture pour enfants le + facile du monde $b Texte imprimé $f Corinne Alagille
210    $e impr. en Espagne $a Vanves $c Hachette loisirs $d DL 2018
214  0 $a Vanves $c Hachette loisirs $d DL 2018
214  3 $a impr. en Espagne
215    $a 1 vol. (95 p.) $c ill. en coul. $d 24 cm
225    $a Simplissime
330    $a 35 créations de jouets ou de vêtements pour enfants, à réaliser en cinq étapes, avec ou sans machine à coudre. ­Electre 2018
339    $a a
410  0 $0 45167731 $t Simplissime (Vanves) $x 2553-3193 $d 2018
516 1  $a Couture pour enfants
517 1  $a Le livre de couture pour enfants le plus facile du monde
606    $3 11936460 $9 93512 $a Vêtements d'enfant $2 rameau
606    $3 11964869 $9 71056 $a Patrons (couture) $2 rameau
608    $3 11976167 $9 3372 $a Manuels d'amateurs $2 rameau
676    $a 646.406 $v 23
686    $a 740 $2 Cadre de classement de la Bibliographie nationale française
700    $3 16994237 $9 266020 $o ISNI0000000458824117 $a Alagille $b Corinne $4 070
801  0 $a FR $b FR-751131015 $c 20180420 $g AFNOR $h FRBNF454902610000003 $2 intermrc
999    $a FRBNF454902610000003
995    $0 0 $2 0 $4 0 $5 2018-11-29 $9 385505 $b MED $c MED $e MED0A $f C3500008259 $h JDT70ZZ $k EXT E/701 COU $n 2024-07-12 $o 0 $p 9.95 $r PRETLIV $s EXT_E_701_000000000000000_COU $w 5 $y 2023-09-02 $A 0

