02209cam a2200433   4500
001 313254
003 http://www.mediathequederoubaix.fr/ark:/20179/KH313254
010    $a 2-210-75490-9 $b br. $d 5 EUR
020    $a FR $b 00644388
033    $a http://catalogue.bnf.fr/ark:/12148/cb40206741s
035    $a FRBNF402067410000008
073  0 $a 9782210754904
090    $a 313254
091    $a 2 $b 20240510 $c 1
099    $t LI $x 29 $d 2024-05-15 $c 2018-11-28
100    $a 20060802d2006    m  y0frey50      ba
101 0  $a fre
102    $a FR
105    $a ||||z   00|a|
106    $a r
181  0 $6 01 $a i  $b xxxe  
181    $6 02 $c txt $2 rdacontent
182  0 $6 01 $a n
182    $6 02 $c n $2 rdamedia
200 1  $a Oscar et la dame rose $b Texte imprimé $f Éric-Emmanuel Schmitt $g présentation, notes, questions et après-texte établis par Josiane Grinfas-Bouchibti,...
210    $a [Paris] $c Magnard $d impr. 2006 $e 86-Ligugé $g Aubin impr.
215    $a 1 vol. (115 p.) $c couv. ill. en coul. $d 18 cm
225    $a Classiques & contemporains $v 79
300    $a Bibliogr., webliogr. p. 115
330    $a Troisième volume (2002) du cycle de l'invisible qui comporte Milarepa (1997), Monsieur Ibrahim et les fleurs du Coran (2001) et L'enfant de Noé (2004), ce texte est présenté dans son intégralité accompagné d'un appareil pédagogique adapté aux élèves du secondaire. Le récit raconte comment Mamie Rose a retrouvé les lettres adressées à Dieu par Oscar, un petit garçon hospitalisé. ­Electre 2018
339    $a m
410  0 $0 37124898 $t Classiques & contemporains (Paris) $x 1296-5758 $v 79
500 11 $3 15561196 $9 339132 $a Oscar et la dame rose $m français $2 lien automatique
686    $a 803 $2 Cadre de classement de la Bibliographie nationale française
700    $3 12929576 $9 29813 $o ISNI0000000122777150 $a Schmitt $b Éric-Emmanuel $f 1960-.... $4 070
702    $3 13581458 $9 81719 $o ISNI0000000116724861 $a Grinfas-Tulinieri $b Josiane $4 340
801  0 $a FR $b FR-751131015 $c 20060802 $g AFNOR $h FRBNF402067410000008 $2 intermrc
999    $a FRBNF402067410000008
995    $0 0 $2 0 $4 0 $5 2018-11-28 $9 385406 $P 5.00 $b MED $c MED $e MED1A $f C1400004696 $h ALTROZZ $k R/SCH $n 2024-06-26 $o 0 $p 5.00 $r PRETLIV $s R_SCH $w 29 $y 2024-05-15 $A 0

