04373njm0a2200337   4500
001 313372
003 http://www.mediathequederoubaix.fr/ark:/20179/KH313372
071 01 $a 7206854 $b Mercury Music
073  0 $a 0888072068544
090    $a 313372
091    $a 2 $b 20240510 $c 0
099    $t DC $x 35 $d 2024-05-10 $c 2018-12-04
100    $a 20181123d2018    u  y0frey5003    ba
101 0  $a eng
127    $a 010900 $a 011900
200 1  $a The best of R.E.M. at the BBC $b [enr. sonore] $f R.E.M., ens. voc. & instr.
210    $a Etats-Unis $c Craft Recordings $d 2018
215    $a 2 CD (69, 79 min) $e 1 livret
327 1  $a World leader pretend (Nicky Campbell session into the night, 13 march 1991) $a Half a world away (Nicky Campbell session into the night, 13 march 1991) $a Radio song (Nicky Campbell session into the night, 13 march 1991) $a Losing my religion (Nicky Campbell session into the night, 13 march 1991) $a Lotus (John Peel session, 25 october 1998) $a At my most beautiful (John Peel session, 25 october 1998) $a Elecrolite (John Peel session, 25 october 1998) $a Perfect circle (John Peel session, 25 october 1998) $a Daysleeper(John Peel session, 25 october 1998) $a Country feedback (Jools Holland on BBC1, first broadcast on 27 october 1998) $a Bad day (Mark and Lard, 15 october 2003) $a Orange crush (Mark and Lard, 15 october 2003) $a Nightswimming (Jools Holland on BBC1, first broadcast on 14 october 2003) $a Man on the moon (Drivertime, 15 october 2003) $a Imitation of life (Drivertime, 15 october 2003) $a Supernatural superserious (Live lounge, 26 mars 2008) $a (Don't go back to) Rockville (Notthingham, England 1984) $a So, central rain (I'm sorry) (Notthingham, England 1984) $a Gardening at night (Notthingham, England 1984) $a Driver 8 (Notthingham, England 1984) $a Radio free Europe (Notthingham, England 1984) $a What's the frequency, Kenneth ? (The National Bowl, Milton Keynes, England 1995) $a Crush with eyeliner (The National Bowl, Milton Keynes, England 1995) $a Drive (The National Bowl, Milton Keynes, England 1995) $a Half a world away (The National Bowl, Milton Keynes, England 1995, part 2) $a Pop song 89 (The National Bowl, Milton Keynes, England 1995, part 2) $a Finest worksong (The National Bowl, Milton Keynes, England 1995, part 2) $a Fall on me (The National Bowl, Milton Keynes, England 1995, part 2) $a The one I love (Pyramid stage, Glastonbury festival, Pilton, England, 1991, part 1) $a Everybody hurts (The National Bowl, Milton Keynes, England 1995, part 2) $a Its the end of the world as we know it (And I feel fine) (The National Bowl, Milton Keynes, England 1995, part 2) $a E-bow the letter (St. James's church, London, England 2004) $a Losing my religion (Pyramid stage, Glastonbury festival, Pilton, England, 1991, part 2) $a Man on the moon (The National Bowl, Milton Keynes, England 1995, part 2)
330    $a Après avoir été révélé aux États-Unis au début des années 1980, R.E.M. s'est produit pour la première fois en Europe en 1983, date des premières tournées du groupe de Michael Stipe, Mike Mills, Peter Buck et Bill Berry en Angleterre, en France, aux Pays-bas et en Allemagne. À partir de cette époque, la BBC diffusera sur son antenne les titres de R.E.M., mais aussi des interviews, des retransmissions de concerts, des apparitions télévisées et des sessions studio exclusives.
345    $a GAM $b 0888072068544 $c disque compact $d 16,66 E
610    $a Power-pop, pop-rock
679    $a 2
710 02 $a R.E.M. $4 545 $4 ens. voc. & instr.
801  0 $a FR $b GAM $c 20181123 $g AFNOR
856 4  $u https://www.gamannecy.com/upload/albums/201809/0888072068544_thumb.jpg
856 4  $u https://www.gamannecy.com/polysson/201810/01-0888072067714.mp3 $z World leader pretend (Nicky Campbell session into the night, 13 march 1991)
856 4  $u https://www.gamannecy.com/polysson/201810/03-0888072067714.mp3 $z Half a world away (Nicky Campbell session into the night, 13 march 1991)
856 4  $u https://www.gamannecy.com/polysson/201810/04-0888072067714.mp3 $z Radio song (Nicky Campbell session into the night, 13 march 1991)
856 4  $u https://www.gamannecy.com/polysson/201810/05-0888072067714.mp3 $z Losing my religion (Nicky Campbell session into the night, 13 march 1991)
995    $0 0 $2 0 $4 0 $5 2018-12-13 $9 386453 $b MED $c MED $e MED1A $f C3100005585 $h AMV20ZZ $k DC/2 REM $l contient 2 DC + 1 livret $o 0 $p 16.66 $r PRETSON $s DC_2_000000000000000_REM $u Coup de coeur $w 35 $y 2024-05-11

