03335cam a2200445   4500
001 313483
003 http://www.mediathequederoubaix.fr/ark:/20179/KH313483
010    $a 978-2-280-38335-6 $b br. $d 7,50 EUR
020    $a FR $b 01836509
033    $a http://catalogue.bnf.fr/ark:/12148/cb454965325
035    $a FRBNF454965320000005
073  0 $a 9782280383356
090    $a 313483
091    $a 2 $b 20240510 $c 1
099    $t LI $x 10 $d 2024-05-10 $c 2018-12-06
100    $a 20180502d2018    m  y0frey50      ba
101 1  $a fre $c eng
102    $a FR
105    $a ||||z   00|a|
106    $a r
181  0 $6 01 $a i  $b xxxe  
181    $6 02 $c txt $2 rdacontent
182  0 $6 01 $a n
182    $6 02 $c n $2 rdamedia
200 1  $a Un père presque parfait $b Texte imprimé $f Barbara Dunlop $c Patron et célibataire $f Elizabeth Bevarly
210    $e impr. en Espagne $a Paris $c Harlequin $d DL 2018
214  0 $a Paris $c Harlequin $d DL 2018
214  3 $a impr. en Espagne
215    $a 1 vol. (375 p.) $d 18 cm
225    $a Passions $x 1950-2761 $v 720
300    $a Trad. de : "One baby, two secrets" / Barbara Dunlop. "A beauty for the billionaire" / Elizabeth Bevarly
330    $a Un p&egrave;re presque parfait, Barbara DunlopLorsque Kate apprend le d&eacute;c&egrave;s tragique de sa s&oelig;ur bien-aim&eacute;e, elle est totalement boulevers&eacute;e. D&rsquo;autant qu&rsquo;&agrave; la douleur du deuil vient aussit&ocirc;t s&rsquo;ajouter une angoisse irr&eacute;pressible&hellip; Car c&rsquo;est d&eacute;sormais Quentin Roo, son beau-fr&egrave;re, qui veillera seul sur Annabelle, sa petite ni&egrave;ce de trois mois. Quentin, un noceur inv&eacute;t&eacute;r&eacute; dont Kate s&rsquo;est toujours m&eacute;fi&eacute;e, et contre lequel elle avait mis sa s&oelig;ur en garde. R&eacute;solue &agrave; agir au plus vite pour obtenir la garde exclusive d&rsquo;Annabelle, Kate d&eacute;cide d&rsquo;espionner Quentin, dans l&rsquo;espoir de recueillir contre lui les preuves de son incons&eacute;quence en tant qu&rsquo;homme, mais aussi &ndash; et surtout &ndash; en tant que p&egrave;re&hellip;&nbsp; &nbsp; Patron et c&eacute;libataire, Elizabeth BevarlyPourquoi diable a-t-elle accept&eacute; de travailler dans le restaurant que poss&egrave;de Hogan Dempsey ? Depuis qu&rsquo;elle c&ocirc;toie jour apr&egrave;s jour le c&eacute;l&egrave;bre et s&eacute;duisant millionnaire, Chlo&eacute; n&rsquo;a de cesse de se le reprocher. Comment elle &ndash; la chef la plus en vogue de New York &ndash; va-t-elle faire pour supporter cet homme qui non seulement ne conna&icirc;t rien &agrave; la gastronomie, mais qui, de surcro&icirc;t, n&rsquo;a de cesse de parler de son ex-compagne sans m&ecirc;me la regarder&hellip; alors qu&rsquo;une passion secr&egrave;te pour lui la consume, depuis le tout premier regard ? $2 éditeur
339    $a m
410  0 $0 40973229 $t Passions (Paris. 2006) $x 1950-2761 $v 720
454  0 $t One baby, two secrets
686    $a 803 $2 Cadre de classement de la Bibliographie nationale française
700    $3 14510208 $9 116169 $o ISNI000000011564427X $a Dunlop $b Barbara $4 070
801  0 $a FR $b FR-751131015 $c 20180502 $g AFNOR $h FRBNF454965320000005 $2 intermrc
999    $a FRBNF454965320000005
995    $0 0 $2 0 $4 0 $5 2018-12-06 $9 385930 $b MED $c MED $e MED1A $f C2500011317 $h ALTROAM $k RS/DUN $o 0 $p 7.50 $r PRETLIV $s RS_DUN $w 10 $y 2023-06-01

