00762ncm a22001933  4500
001 313605
003 http://www.mediathequederoubaix.fr/ark:/20179/KH313605
010    $a 3760165960799 $d 21.96
090    $a 313605
091    $a 2 $b 20240516 $c 0
099    $t PA $x 1 $d 2024-05-16 $c 2018-12-07
100    $a 20181207d2015    u||y0frey50      ba
101    $a fre
200    $a Oriental song book $b Mus. imprimée $e musiques du monde arabe $f Qaïs Saadi
210    $d Rébillard $e 2015
215    $a 64 p. $e 2 d.c.
700    $7 ba0yba0e $8 freara $a Saadi $b Qaïs $3 16539235 $9 116271
801    $a FR $b 595126101 $c 20181207 $g AFNOR
995    $0 0 $2 0 $4 0 $5 2018-12-07 $9 386048 $b MED $c MED $e MED1A $f C3100005523 $h AMV90ZZ $k PA/020 A $l Contient aussi 2 D.C. $o 0 $p 21.96 $r PRETPAR $s PA_020_000000000000000_A $w 1 $y 2020-01-15

