02372cam1a22005771i 4500
001 313720
003 http://www.mediathequederoubaix.fr/ark:/20179/KH313720
005 20240516043853.0
010    $a 9782378281441 $b br. $d 22 EUR
073  0 $a 9782378281441
090    $a 313720
100    $a 20180914d2018    |  |0frey5003||||ba
101 1  $a fre $c ger
102    $a FR
105    $a         0||y|
106    $a d
181  0 $6 01 $a i  $b xxxe  
181    $6 02 $c txt $2 rdacontent
182  0 $6 01 $a n
182    $6 02 $c n $2 rdamedia
200 1  $a La vie secrète des animaux $b Texte imprimé $e amour, deuil, compassion $e un monde caché s'ouvre à nous $f Peter Wohlleben $g traduit de l'allemand par Lise Deschamps
210    $a Le Vésinet (Yvelines) $c Voir de près $d 2018
211    $a 20180915
215    $a 1 vol. (392 p.) $d 22 x 15 cm
219  0 $a Le Vésinet (Yvelines) $c Voir de près $d 2018
225 2  $a Collection 16
330    $a Un panorama du champ émotionnel animal, à travers des exemples tels qu'un cheval honteux, une pie adultère ou encore un hérisson tourmenté par ses cauchemars. ­Electre 2018
333    $a Lectorat de livres en grands caractères
345    $b 9782378281441
410  0 $6 346076 $t Collection 16
606    $3 12567204 $7 ba0yba0y $8 fre    $a Émotions $x Chez les animaux $2 rameau $9 38445
676    $a 591.5 $v 23
686    $a T480703 $2 electre
686    $a GDOC005 $2 electre
686    $a PG0500 $2 electre
700    $3 17112048 $6 11442087 $7 ba0yba0y $8 fre    $a Wohlleben $b Peter $f 1964-.... $4 070 $9 271948
702    $3 15769045 $6 11219398 $7 ba0yba0y $8 fre    $a Deschamps $b Lise $4 730 $9 311817
801  3 $a FR $b Electre $c 20180918 $g AFNOR
830    $a ELECTREA/DB/181115/CdeLALV2 20181212
856 4  $u http://www.electre.com/GetBlob.ashx?Ean=9782378281441,0-5471636&Size=Original
902    $a Grand public - Lectorat de livres en grands caractères
903    $a Sciences et découverte de l'Univers et de la nature - Le monde animal (faune sauvage) - Monde animal
903    $a Documents, essais - Essais
921    $a 
939    $a 
947    $c 20.02 $a 22.00
969    $h  1 $a 1 $d  900
099    $t LG $x 9 $d 2024-05-16 $c 2018-12-12
339    $a m
091    $a 2 $b 20240516 $c 0
995    $0 0 $2 0 $4 0 $5 2018-12-12 $9 386405 $b MED $c MED $e MED1A $f C1400005053 $h ALTLVZZ $k LV DOC/WOH $o 0 $p 22.00 $r PRETLIV $s LV_DOC_WOH $w 9 $y 2024-01-02 $7  $8  $A 0 $m  $z 

