01940cam a2200445   4500
001 313835
003 http://www.mediathequederoubaix.fr/ark:/20179/KH313835
010    $a 978-2-490542-00-0 $b br. $d 16,90 EUR
020    $a FR $b 01900798
033    $a http://catalogue.bnf.fr/ark:/12148/cb45595258z
035    $a FRBNF455952580000003
073  0 $a 9782490542000
090    $a 313835
091    $a 2 $b 20240516 $c 1
099    $t LI $x 4 $d 2024-05-16 $c 2018-12-13
100    $a 20181008d2018    m  y0frey50      ba
101 0  $a fre
102    $a FR
105    $a ||||z   00|y|
106    $a r
181  0 $6 01 $a i  $b xxxe  
181    $6 02 $c txt $2 rdacontent
182  0 $6 01 $a n
182    $6 02 $c n $2 rdamedia
200 1  $a S'en sortir enfin avec sa boîte mail $b Texte imprimé $e travailler mieux et sans stress $f Laurent Gessay $g dessins de Luc Tesson
210    $e 63-Clermont-Ferrand $g Impr. la Source d'or $a Lyon $c Sens & valeurs éditions $d DL 2018
214  0 $a Lyon $c Sens & valeurs éditions $d DL 2018
214  3 $a 63-Clermont-Ferrand $c Impr. la Source d'or
215    $a 1 vol. (146 p.) $c ill. $d 21 cm
330    $a Un guide pour apprendre à utiliser sa messagerie électronique professionnelle de manière sereine et efficace. ­Electre 2018
339    $a m
606    $3 11985415 $9 94063 $a Messageries électroniques $2 rameau
606    $3 11980276 $9 88353 $a Efficacité de l'organisation $2 rameau
676    $a 651.79 $v 23
686    $a 650 $2 Cadre de classement de la Bibliographie nationale française
700    $3 17783803 $9 307870 $o ISNI0000000474163902 $a Gessay $b Laurent $4 070
702    $3 14408133 $9 307871 $o ISNI0000000001425829 $a Tesson $b Luc $f 1976-.... $4 440
801  0 $a FR $b FR-751131015 $c 20181008 $g AFNOR $h FRBNF455952580000003 $2 intermrc
999    $a FRBNF455952580000003
995    $0 0 $2 0 $4 0 $5 2020-02-13 $9 406384 $P 16.90 $b MED $c MED $e MED3A $f C2400001961 $h ACFRUZZ $k 050 EFF $o 0 $p 16.90 $r PRETLIV $s 050_000000000000000_EFF $w 4 $y 2023-12-27 $7  $8  $A  $m  $z 

