01627cam1a2200433 i 4500
001 313972
003 http://www.mediathequederoubaix.fr/ark:/20179/KH313972
005 20240516044450.0
010    $a 978-2-09-152007-0 $b br. $d 17,50 EUR
073  0 $a 9782091520070
090    $a 313972
100    $a 20180605d2018    e  |0frey5003||||ba
101 0  $a fre
102    $a FR
105    $a         0||y|
106    $a r
181  0 $6 01 $a i  $b xxxe  
181    $6 02 $c txt $2 rdacontent
182  0 $6 01 $a n
182    $6 02 $c n $2 rdamedia
200 1  $a Physique chimie terminale S, spécifique et spécialité $b Texte imprimé $e pour viser la prépa scientifique $f Nicolas Coppens, Djafer Adeny, Olivier Doerler et al.
210    $a Paris $c Nathan $d 2018
211    $a 20180705
215    $a 1 vol. (576 p.) $c illustrations en noir et en couleur $d 21 x 15 cm
219  0 $a Paris $c Nathan $d 2018
225 2  $a ABC du bac $x 0768-0538 $i Excellence
300    $a Index
330    $a 270 exercices, des sujets de type bac, leurs corrigés commentés et des méthodes de résolution pour se familiariser avec l'esprit de la prépa scientifique. ­Electre 2018
333    $a Terminale L, ES, S
345    $b 9782091520070
410  0 $6 301966 $t ABC du bac. Excellence
686    $a T181300 $2 electre
686    $a GPAR004 $2 electre
686    $a PE0303 $2 electre
801  3 $a FR $b Electre $c 20180917 $g AFNOR
099    $t LI $d 2024-05-16 $c 2018-12-14
339    $a m
091    $a 2 $b 20240516 $c 0
995    $0 0 $2 0 $4 0 $5 2019-01-29 $9 388533 $b MED $c MED $e MED3A $f C2300008282 $h ACFRUZZ $k 026 LYC T $o 2 $p 17.50 $r PRETLIV $s 026_000000000000000_LYC_T $w 0 $y 2019-01-29

