02372ngm0a2200481   4500
001 314087
003 http://www.mediathequederoubaix.fr/ark:/20179/KH314087
073  1 $a 3344428070212
090    $a 314087
091    $a 1 $b 20240516 $c 0
099    $t VD $x 22 $d 2024-05-16 $c 2018-12-20
100    $a 20171109d2018    m  y0frey5003    ba
101 2  $a eng $a fre $c eng $j fre
102    $a GB
115    $a c600baizxbx||||bkxx|
200 1  $a Poldark $b DVD $h Saison 2 $f William Sinclair, Charlie Palmer, Richard Senior, réal. $g Winston Graham, adapt. $g Debbie Horsfield, scénario $g Anne Dudley, comp. $g Aidan Turner, Eleanor Tomlinson, Heida Reed, Beatie Edney, Jack Farthing, Tristan Sturrock, ... [et al.] act.
210    $a Paris $c Koba Films $d 2018
215    $a 4 DVD 2 couches sur une simple face (10 h 00 mn) $c 1.77, 16/9, coul., (PAL), Son. (Dolby Digital 2.0; anglais; français)
300    $a Langues principales : anglais, français; Sous-titres : français
300    $a Droit de prêt et consultation
300    $a Mammoth Screen, cop. 2016
300    $a **
327    $a Un personnage iconique, Poldark et les femmes, les coulisses.
330    $a Dix épisodes. En Cornouailles, vers la fin du XVIIIe siècle, Ross Poldark revient de la guerre d'Indépendance américaine pour retrouver sa bien-aimée, mais il ne trouve qu'un monde en ruine : son père est mort, la mine familiale a fermé et sa compagne est fiancée à son cousin.
339    $a m
345    $b 3344428070212 $d 84.00 EUR
606    $a Séries télévisées $x DVD $y Grande-Bretagne $2 rameau
700  1 $a Sinclair $b William $4 300
701  1 $a Palmer $b Charlie $4 300
701  1 $a Senior $b Richard $4 300
702  1 $a Graham $b Winston $4 100
702  1 $a Horsfield $b Debbie $4 690
702  1 $a Dudley $b Anne $4 230
702  1 $a Turner $b Aidan $4 005
702  1 $a Tomlinson $b Eleanor $4 005
702  1 $a Reed $b Heida $4 005
702  1 $a Edney $b Beatie $4 005
702  1 $a Farthing $b Jack $4 005
702  1 $a Sturrock $b Tristan $4 005
801  0 $a FR $b ADAV $c 20171109 $g AFNOR
856    $u http://www.adav-assoc.com/4DACTION/GetImage/242153
995    $0 0 $2 0 $4 0 $5 2018-12-20 $9 386998 $b MED $c MED $e MED1A $f C1400004824 $h AAPCITV $k DVD/F POL $o 0 $p 31.00 $r PRETDVD $s DVD_F_POL $w 16 $y 2023-07-29
995    $0 0 $2 0 $4 0 $5 2019-09-05 $9 398151 $b MED $c MED $e MED1A $f C1400006597 $h AAPCITV $k DVD/F POL $o 0 $p 30.00 $r PRETDVD $s DVD_F_POL $w 6 $y 2024-01-23

