01959ngm0a2200421   4500
001 314200
003 http://www.mediathequederoubaix.fr/ark:/20179/KH314200
073  1 $a 5053083177010
090    $a 314200
091    $a 1 $b 20240516 $c 0
099    $t VD $x 45 $d 2024-05-16 $c 2018-12-26
100    $a 20181031d2018    m  y0frey5003    ba
101 2  $a fre $a eng $c eng $j fre
102    $a GB
115    $a c101baizxbx||||bkxx|
200 1  $a My Lady $b DVD $f Richard Eyre, réal. $g Ian McEwan, adapt. $g Ian McEwan, scénario $g Stephen Warbeck, comp. $g Emma Thompson, Stanley Tucci, Ben Chaplin, Fionn Whitehead, Angela Holmes, Jason Watkins, ... [et al.] act.
210    $a Paris $c ARP Sélection $d 2018
215    $a 1 DVD 2 couches sur une simple face (01 h 41 mn) $c 1.85:1, 16/9, coul., (PAL), Son. (Dolby Digital 5.1; français; anglais)
300    $a Langues principales : français, anglais; Sous-titres : français
300    $a Droit de prêt seulement
300    $a Toledo Productions, BBC Films, FilmNation Entertainment, cop. 2017
300    $a *
330    $a Faut-il obliger un adolescent à recevoir la transfusion qui pourrait le sauver ? Fiona Maye, juge de la Haute Cour, décide de lui rendre visite avant de trancher. Leur rencontre bouleversera le cours des choses.
339    $a m
345    $b 5053083177010 $d 54.82 EUR
606    $a Drames (cinéma) $y Grande-Bretagne $y DVD $2 rameau
700  1 $a Eyre $b Richard $4 300
702  1 $a McEwan $b Ian $4 100 $4 690
702  1 $a Warbeck $b Stephen $4 230
702  1 $a Thompson $b Emma $4 005
702  1 $a Tucci $b Stanley $4 005
702  1 $a Chaplin $b Ben $4 005
702  1 $a Whitehead $b Fionn $4 005
702  1 $a Holmes $b Angela $4 005
702  1 $a Watkins $b Jason $4 005
801  0 $a FR $b ADAV $c 20181031 $g AFNOR
856    $u http://www.adav-assoc.com/4DACTION/GetImage/250083
995    $0 0 $2 0 $4 0 $5 2019-01-08 $9 387524 $b MED $c MED $e MED1A $f C1400004898 $h AAPCIFI $k DVD/F EYR $o 0 $p 37.00 $r PRETDVD $s DVD_F_EYR $u surprise $w 45 $y 2024-05-04

