00831njm a22002053  4500
001 314430
003 http://www.mediathequederoubaix.fr/ark:/20179/KH314430
071    $a CD-0001 SYN
090    $a 314430
091    $a 0
099    $t DC
100    $a 20190111d2008    u||y0frey50      ba
101    $a fre
200    $a Road to ruin $b Enr. sonore $f SYN
210    $a Cambrai $b Nord, France $c SYN (autoproduction) $d P 2008
215    $a 1 d.c. $d 12 cm
327    $a #08 $a Inside me $a Scars of dawn $a My revenge $a Everlasting suffering $a My sweet disaster $a The hollowing $a Feel my power $a In accurate $a Road to ruin
710    $9 293883 $a SYN $e Cambrai, Nord, France
801    $a FR $b 595126101 $c 20190111 $g AFNOR
995    $0 0 $2 0 $4 0 $5 2019-01-11 $9 387694 $b MED $c MED $e MED2D $f C3100005717 $h PENRSZZ $k FLRSON DC/3051 $o 2 $r PRETSON $s FLRSON_DC_3051_000000000000000 $w 0 $y 2019-01-11

