01839cam a2200421   4500
001 314532
003 http://www.mediathequederoubaix.fr/ark:/20179/KH314532
010    $a 978-2-37349-125-8 $b br. $d 6,95 EUR
020    $a FR $b 01811986
033    $a http://catalogue.bnf.fr/ark:/12148/cb454292558
035    $a FRBNF454292550000001
073  0 $a 9782373491258
090    $a 314532
091    $a 2 $b 20240516 $c 1
099    $t LI $x 35 $d 2024-05-16 $c 2019-01-17
100    $a 20180118d2018    m  y0frey50      ba
101 1  $a fre $c jpn
102    $a FR
105    $a ||||t   00|a|
106    $a r
181  0 $6 01 $a i  $b xxxe   $a b  $b xb2e  
181    $6 02 $c txt $c sti $2 rdacontent
182  0 $6 01 $a n
182    $6 02 $c n $2 rdamedia
200 1  $a Une vie au zoo $h 3 $b Texte imprimé $f Saku Yamaura
210    $a [Vanves] $c Nobi nobi ! $d DL 2018
214  0 $a [Vanves] $c Nobi nobi ! $d DL 2018
215    $a 1 vol. (162 p.) $d 18 cm
330    $a Haruko doit s'occuper de Himari, une femelle chimpanzØ qui vit depuis plusieurs annØes à l'Øcart de ses semblables. Emue par la solitude du singe, qui lui rappelle sa propre enfance, la jeune soigneuse tente de rØadapter Himari à la vie de groupe. ­Electre 2019
339    $a a
454  1 $t Kemono michi $h Volume 3
461  0 $0 45390306 $t Une vie au zoo $v 3
608    $a Bandes dessinées $2 CNLJ $k Avis critique donné par le Centre national de la littérature pour la jeunesse
686    $a 805 $2 Cadre de classement de la Bibliographie nationale française
700    $3 17152464 $9 294501 $o ISNI0000000424289494 $a Yamaura $b Saku $4 070
801  0 $a FR $b FR-751131015 $c 20180118 $g AFNOR $h FRBNF454292550000001 $2 intermrc
999    $a FRBNF454292550000001
995    $0 0 $2 0 $4 0 $5 2019-01-31 $9 388855 $b MED $c MED $e MED2A $f C2500011683 $h JBDMGZZ $k E BD/MANGAS $n 2024-06-23 $o 0 $p 6.95 $r PRETLIV $s E_BD_MANGAS $w 35 $y 2024-05-12

