03086cam a2200505   4500
001 314641
003 http://www.mediathequederoubaix.fr/ark:/20179/KH314641
010    $a 978-2-211-23668-3 $b rel. $d 24,80 EUR
020    $a FR $b 01881705
033    $a http://catalogue.bnf.fr/ark:/12148/cb45597870z
035    $a FRBNF45597870000000X
073  0 $a 9782211236683
090    $a 314641
091    $a 2 $b 20240516 $c 1
099    $t LI $x 119 $d 2024-05-16 $c 2019-01-17
100    $a 20181011d2018    a  y0frey50      ba
101 0  $a fre
102    $a FR $a BE
105    $a ||||z   00|a|
106    $a r
181  0 $6 01 $a i  $b xxxe   $a b  $b xb2e  
181    $6 02 $c txt $c sti $2 rdacontent
182  0 $6 01 $a n
182    $6 02 $c n $2 rdamedia
200 1  $a Histoires de loups $b Texte imprimé $f Mario Ramos
210    $e impr. en Italie $a Bruxelles $c Pastel $d DL 2018
214  0 $a Bruxelles $c Pastel $a Paris $c l'École des loisirs $d DL 2018
214  3 $a impr. en Italie
215    $a 1 vol. (157 p.) $c ill. en coul. $d 29 cm
321    $a La Revue des livres pour enfants $x 0398-8384 $c 305
321    $a La Revue des livres pour enfants. Sélection annuelle $c 309
329    $c Coup de coeur ! $a Réédition en un seul volume de C'est moi le plus fort, Mon ballon, Le Plus malin et Le Loup qui voulait être un mouton. Pour retrouver tout l'humour et la tendresse de cet auteur génial disparu, hélas, en 2012. $d 20190201 $f BA $2 CNLJ $k Avis critique donné par le Centre national de la littérature pour la jeunesse
329    $c Coup de coeur ! $a Réédition en un seul volume de C'est moi le plus fort, Mon ballon, Le plus malin et Le loup qui voulait être un mouton. Pour retrouver tout l'humour et la tendresse de cet auteur génial disparu, hélas, en 2012. $d 20191101 $2 CNLJ $k Avis critique donné par le Centre national de la littérature pour la jeunesse
330    $a Un recueil d'histoires qui mettent en scène des loups. ­Electre 2019
333    $a À partir de 3 ans $2 CNLJ $k Avis critique donné par le Centre national de la littérature pour la jeunesse
339    $a a
608    $a Albums $2 CNLJ $k Avis critique donné par le Centre national de la littérature pour la jeunesse
686    $a 809 $2 Cadre de classement de la Bibliographie nationale française
700    $3 12269304 $9 20413 $o ISNI0000000121487338 $a Ramos $b Mario $f 1958-2012 $4 070
801  0 $a FR $b FR-751131015 $c 20181011 $g AFNOR $h FRBNF45597870000000X $2 intermrc
999    $a FRBNF45597870000000X
995    $0 3 $2 1 $4 0 $5 2019-01-18 $9 387972 $P 24.80 $b MED $c MED $e MED2A $f C2500011622 $h JABPFAF $k PE A/RAM $n 2022-12-09 $o 4 $p 24.80 $r PRETLIV $s PE_A_RAM $w 34 $y 2022-11-18 $7  $8  $A  $m  $z 
995    $0 0 $2 0 $4 0 $5 2019-01-25 $9 388312 $b MED $c MED $e MED0A $f C3500008648 $h JABEFAE $k EXT E A/RAM $n 2024-06-25 $o 0 $p 24.80 $r PRETLIV $s EXT_E_A_RAM $w 19 $y 2024-04-23 $8 MA071
995    $0 3 $2 1 $4 0 $5 2019-03-01 $9 390193 $b MED $c MED $e MED2A $f C2500012195 $h JABPFAF $k PE A/RAM $n 2023-08-18 $o 4 $p 24.80 $r PRETLIV $s PE_A_RAM $w 32 $y 2023-07-28
995    $0 0 $2 0 $4 0 $5 2021-08-10 $9 430933 $P 24.80 $b MED $c MED $e MED2A $f C2500024083 $h JABPFAF $k PE A/RAM $n 2024-05-23 $o 0 $p 24.80 $r PRETLIV $s PE_A_RAM $w 34 $y 2024-04-10 $A 0

