00635nam a22001693  4500
001 314757
003 http://www.mediathequederoubaix.fr/ark:/20179/KH314757
010    $a 9782351641934
090    $a 314757
091    $a 2 $b 20240516 $c 0 $m 0 $n 20200710
099    $t LI $x 17 $d 2024-05-16 $c 2019-01-19
100    $a 20190119d2013    m||y0frey50      ba
101    $a fre
200    $a Brèves de copies du bac $f Sophie Le Flour, dir.
210    $c Chiflet & Cie $d 2013
801    $a FR $b 595126101 $c 20190119 $g AFNOR
995    $0 0 $2 0 $4 0 $5 2019-01-19 $9 388113 $b MED $c MED $e MED1A $f C3100002477 $h AAPPLHU $k Doc./681 BLA $o 0 $r PRETLIV $s DOC___681_000000000000000_BLA $w 17 $y 2023-09-12 $A 1

