02609cam a2200529   4500
001 314872
003 http://www.mediathequederoubaix.fr/ark:/20179/KH314872
010    $a 978-2-01-292156-6 $b rel. $d 10 EUR
010    $a 978-2-01-702320-3 $b réimpr. 2017
020    $a FR $b 01451575
033    $a http://catalogue.bnf.fr/ark:/12148/cb43805722q
035    $a FRBNF43805722000000X
073  0 $a 9782012921566
073  0 $a 9782017023203 $b réimpr. 2017
090    $a 314872
091    $a 2 $b 20240516 $c 1
099    $t LI $x 24 $d 2024-05-16 $c 2019-01-25
100    $a 20140417d2014    a  y0frey50      ba
101 0  $a fre
102    $a FR
105    $a ||||z   00|y|
106    $a r
181  0 $6 01 $a i  $b xxxe  
181    $6 02 $c txt $2 rdacontent
182  0 $6 01 $a n
182    $6 02 $c n $2 rdamedia
200 1  $a L'encyclo de la vie sexuelle $b Texte imprimé $e 7-9 ans $f [docteur Christiane Verdoux, docteur Jean Cohen, docteur Jacqueline Kahn-Nathan]
205    $a [Nouvelle éd.]
210    $a Paris $c Hachette jeunesse $d impr. 2014 $e impr. en Roumanie
215    $a 1 vol. (44 p.) $c ill. en coul., couv. ill. en coul. $d 27 cm
300    $a Glossaire
330    $a En voyant leur tante enceinte, Amandine et Florent, des jumeaux de 7 ans, posent de nombreuses questions sur l'histoire de la vie et de la reproduction, auxquelles leurs parents répondent précisément. ­Electre 2019
339    $a a
606    $3 11932030 $9 92840 $7 ba0yba0y $8 fre    $a Reproduction humaine $3 12042408 $9 314947 $x Ouvrages pour la jeunesse $2 rameau $9 92840
606    $3 11933266 $9 8473 $7 ba0yba0y $8 fre    $a Sexualité $3 12042408 $9 314947 $x Ouvrages pour la jeunesse $2 rameau $9 8473
606    $3 11933266 $9 8473 $a Sexualité $2 rameau
606    $3 11932030 $9 92840 $a Reproduction humaine $2 rameau
608    $3 12042408 $9 314947 $a Ouvrages pour la jeunesse $2 rameau
608    $a Documentaires : sciences et techniques $2 CNLJ $k Avis critique donné par le Centre national de la littérature pour la jeunesse
676    $a 612.608 3 $v 23
686    $a 610 $2 Cadre de classement de la Bibliographie nationale française
700    $3 11927945 $9 293346 $o ISNI0000000110740334 $a Verdoux $b Christiane $4 070
701    $3 12073071 $9 275205 $o ISNI0000000108847677 $a Cohen $b Jean $f 1929-2007 $4 070
701    $3 11909322 $9 287155 $o ISNI0000000071515387 $a Kahn-Nathan $b Jacqueline $f 1924-2021 $4 070
801  0 $a FR $b FR-751131015 $c 20140417 $g AFNOR $h FRBNF43805722000000X $2 intermrc
999    $a FRBNF43805722000000X
995    $0 0 $2 0 $4 0 $5 2019-01-26 $9 388459 $b MED $c MED $e MED2A $f C2500011023 $h JDT60ZZ $k E/612.5 BEB $o 0 $p 10.00 $r PRETLIV $s E_612_500000000000000_BEB $w 24 $y 2024-05-15

