01740cam a2200445   4500
001 314982
003 http://www.mediathequederoubaix.fr/ark:/20179/KH314982
010    $a 978-2-7533-0344-7 $b br. $d 19,90 EUR
020    $a FR $b 01830666
033    $a http://catalogue.bnf.fr/ark:/12148/cb45467916n
035    $a FRBNF454679160000007
073  0 $a 9782753303447
090    $a 314982
091    $a 2 $b 20240519 $c 1
099    $t LI $x 4 $d 2024-05-19 $c 2019-02-01
100    $a 20180319d2018    m  y0frey50      ba
101 0  $a fre
102    $a FR
105    $a ||||z   00|y|
106    $a r
181  0 $6 01 $a i  $b xxxe  
181    $6 02 $c txt $2 rdacontent
182  0 $6 01 $a n
182    $6 02 $c n $2 rdamedia
200 1  $a Picasso $i Si jamais je mourais, 1938-1973 $b Texte imprimé $f Sophie Chauveau
210    $e impr. en Italie $a Paris $c Éditions SW Télémaque $d impr. 2018
214  0 $a Paris $c Éditions SW Télémaque $d impr. 2018
214  3 $a impr. en Italie
215    $a 1 vol. (305 p.) $d 24 cm
330    $a Suite de la biographie de cet artiste, évoquant à la fois le génie et l'homme. ­Electre 2019
339    $a m
461  0 $6 348968 $t Picasso $v 2
600    $3 11919660 $9 18128 $a Picasso $b Pablo $f 1881-1973 $2 rameau
608    $3 11935764 $9 107 $a Biographie $2 rameau
676    $a 759.6 $v 23
686    $a 920 $2 Cadre de classement de la Bibliographie nationale française
700    $3 11896406 $9 34931 $o ISNI0000000083539079 $a Chauveau $b Sophie $f 1953-.... $4 070
801  0 $a FR $b FR-751131015 $c 20180319 $g AFNOR $h FRBNF454679160000007 $2 intermrc
999    $a FRBNF454679160000007
995    $0 0 $2 0 $4 0 $5 2019-02-05 $9 389320 $b MED $c MED $e MED1A $f C1400005118 $h AAPATAP $k Doc./751 PIC $o 0 $p 19.90 $r PRETLIV $s DOC___751_000000000000000_PIC $w 4 $y 2023-01-03

