01638cam a2200421   4500
001 315089
003 http://www.mediathequederoubaix.fr/ark:/20179/KH315089
010    $a 978-2-7436-4483-3 $b br. $d 21 EUR
020    $a FR $b 01910290
033    $a http://catalogue.bnf.fr/ark:/12148/cb45556295k
035    $a FRBNF455562950000007
073  0 $a 9782743644833
090    $a 315089
091    $a 2 $b 20240519 $c 1
099    $t LI $x 18 $d 2024-05-19 $c 2019-02-02
100    $a 20180802d2018    m  y0frey50      ba
101 0  $a fre
102    $a FR
105    $a ||||z   00|a|
106    $a r
181  0 $6 01 $a i  $b xxxe  
181    $6 02 $c txt $2 rdacontent
182  0 $6 01 $a n
182    $6 02 $c n $2 rdamedia
200 1  $a Rivière tremblante $b Texte imprimé $f Andrée A. Michaud
210    $e 61-Lonrai $g Normandie roto impr. $a Paris $c Éditions Payot & Rivages $d DL 2018
214  0 $a Paris $c Éditions Payot & Rivages $d DL 2018
214  3 $a 61-Lonrai $c Normandie roto impr.
215    $a 1 vol. (365 p.) $d 23 cm
225    $a Rivages noir
330    $a A trente ans d'intervalle, deux enfants disparaissent dans d'étranges conditions. ­Electre 2019
339    $a m
410  0 $0 34243656 $t Rivages noir $x 0764-7786 $d 2018
686    $a 803 $2 Cadre de classement de la Bibliographie nationale française
700    $3 15578280 $9 269487 $o ISNI0000000121306381 $a Michaud $b Andrée A. $f 1957-.... $4 070
801  0 $a FR $b FR-751131015 $c 20180802 $g AFNOR $h FRBNF455562950000007 $2 intermrc
999    $a FRBNF455562950000007
995    $0 0 $2 0 $3 0 $4 0 $5 2019-02-02 $9 389042 $b MED $c MED $e MED1A $f C1400005166 $h ALTROPL $k RP/MIC $o 0 $p 21.00 $r PRETLIV $s RP_MIC $w 18 $y 2022-04-16 $A 0

