02090cam a2200445   4500
001 315196
003 http://www.mediathequederoubaix.fr/ark:/20179/KH315196
010    $a 978-2-330-03136-7 $b br. $d 9,70 EUR
020    $a FR $b 01508225
033    $a http://catalogue.bnf.fr/ark:/12148/cb442362736
035    $a FRBNF442362730000002
073  0 $a 9782330031367
090    $a 315196
091    $a 2 $b 20240519 $c 1
099    $t LI $x 21 $d 2024-05-19 $c 2019-02-02
100    $a 20141205d2014    m  y0frey50      ba
101 1  $a fre $c eng
102    $a FR
105    $a ||||z   00|a|
106    $a r
181  0 $6 01 $a i  $b xxxe  
181    $6 02 $c txt $2 rdacontent
182  0 $6 01 $a n
182    $6 02 $c n $2 rdamedia
200 1  $a Le mois le plus cruel $b Texte imprimé $e roman $f Louise Penny $g traduit de l'anglais (Canada) par Michel Saint-Germain $g avec la collaboration de Louise Chabalier
210    $a Arles $c Actes Sud $d DL 2014 $e 61-Lonrai $g Normandie roto impr.
215    $a 1 vol. (513 p.) $d 18 cm
225    $a Babel noir $v 112
330    $a Un groupe d'habitants du petit village de Three Pines organise une séance de spiritisme pour débarrasser une demeure d'une influence maléfique. Mais une des participantes meurt, de peur semble-t-il, à moins qu'elle n'ait été assassinée. Une nouvelle enquête de l'inspecteur Armand Gamache. ­Electre 2019
339    $a m
410  0 $0 34293353 $t Babel noir $x 1281-6515 $v 112
410  0 $0 34252526 $t Babel (Arles) $x 1140-3853 $d 2014
454  1 $t The cruellest month
461  0 $6 330329 $t Une enquête de l'inspecteur-chef Armand Gamache
686    $a 803 $2 Cadre de classement de la Bibliographie nationale française
700    $3 16522434 $9 107365 $o ISNI0000000122823217 $a Penny $b Louise $f 1958-.... $4 070
702    $3 12052270 $9 265945 $o ISNI0000000078304355 $a Saint-Germain $b Michel $f 1951-.... $4 730
801  0 $a FR $b FR-751131015 $c 20141205 $g AFNOR $h FRBNF442362730000002 $2 intermrc
999    $a FRBNF442362730000002
995    $0 0 $2 0 $4 0 $5 2019-02-02 $9 389167 $b MED $c MED $e MED1A $f C1400005880 $h ALTROPL $k RP/PEN $o 0 $p 9.70 $r PRETLIV $s RP_PEN $w 21 $y 2024-04-23 $A 0

