02385ngm0a2200445   4500
001 315313
003 http://www.mediathequederoubaix.fr/ark:/20179/KH315313
073  1 $a 5053083174934
090    $a 315313
091    $a 1 $b 20240516 $c 0
099    $t VD $x 53 $d 2024-05-16 $c 2019-02-08
100    $a 20181130d2019    m  y0frey5003    ba
101 0  $a fre
102    $a FR
115    $a c096caizxbx||||bkxx|
200 1  $a Guy $b DVD $f Alex Lutz, réal. $g Alex Lutz, Thibault Segouin, Anaïs Deban, scénario $g Vincent Blanchard, Romain Greffe, comp. $g Alex Lutz, Tom Dingler, Pascale Arbillot, Brigitte Rouan,  Dani, Nicole Calfan, ... [et al.] act.
210    $a Issy-les-Moulineaux $c Studio Canal vidéo $d 2019
215    $a 1 DVD 2 couches sur une simple face (01 h 36 mn) $c 1.85:1, 16/9, n. et b. et coul., (PAL), Son. (Dolby Digital 2.0; français); (Dolby Digital 5.1; français)
300    $a Langues principales : français; 
300    $a Droit de prêt et consultation
300    $a Iliade and Films, Studiocanal, JMD Production, cop. 2018
300    $a **
327    $a Sous-titres français pour sourds et malentendants. Guy à la radio. Guy et ses fans. Guy et Sophie. Guy et le webmaster.
330    $a Gauthier, un jeune journaliste, apprend par sa mère qu'il serait le fils illégitime de Guy Jamet, un artiste de variété française ayant eu son heure de gloire entre les années 1960 et 1990. Celui-ci est justement en train de sortir un album de reprises et de faire une tournée. Gauthier décide de le suivre, caméra au poing, dans sa vie quotidienne et ses concerts de province, pour en faire un portrait documentaire.
339    $a m
345    $b 5053083174934 $d 53.00 EUR
606    $a Comédies dramatiques (cinéma) $x DVD $y France $2 rameau
700  1 $a Lutz $b Alex $4 300 $4 690 $4 005
702  1 $a Segouin $b Thibault $4 690
702  1 $a Deban $b Anaïs $4 690
702  1 $a Blanchard $b Vincent $4 230
702  1 $a Greffe $b Romain $4 230
702  1 $a Dingler $b Tom $4 005
702  1 $a Arbillot $b Pascale $4 005
702  1 $a Rouan $b Brigitte $4 005
702  1 $a Dani $4 005
702  1 $a Calfan $b Nicole $4 005
801  0 $a FR $b ADAV $c 20181130 $g AFNOR
856    $u http://www.adav-assoc.com/4DACTION/GetImage/250868
995    $0 0 $2 0 $4 0 $5 2019-02-08 $9 389447 $b MED $c MED $e MED1A $f C1400005304 $h AAPCIFI $k DVD/F LUT $n 2024-06-26 $o 0 $p 36.00 $r PRETDVD $s DVD_F_LUT $u coup de coeur $w 53 $y 2024-05-15

