02153cam a2200445   4500
001 315547
003 http://www.mediathequederoubaix.fr/ark:/20179/KH315547
010    $a 978-2-280-38036-2 $b br. $d 4,40 EUR
020    $a FR $b 01868495
033    $a http://catalogue.bnf.fr/ark:/12148/cb45569476s
035    $a FRBNF45569476000000X
073  0 $a 9782280380362
090    $a 315547
091    $a 2 $b 20240517 $c 1
099    $t LI $x 5 $d 2024-05-17 $c 2019-02-22
100    $a 20180827d2018    m  y0frey50      ba
101 1  $a fre $c eng
102    $a FR
105    $a ||||z   00|a|
106    $a r
181  0 $6 01 $a i  $b xxxe  
181    $6 02 $c txt $2 rdacontent
182  0 $6 01 $a n
182    $6 02 $c n $2 rdamedia
200 1  $a La trahison d'un amant $b Texte imprimé $f Julia James $g traduction française de Léonie Gades
210    $e impr. en Espagne $a Paris $c Harlequin $d DL 2018
214  0 $a Paris $c Harlequin $d DL 2018
214  3 $a impr. en Espagne
215    $a 1 vol. (148 p.) $d 18 cm
225    $a Azur $x 0993-4448 $v 3999
330    $a Jamais Carla n'a désiré un homme comme Cesare di Mondave. C'est donc tout naturellement qu'elle entame une liaison avec son sublime Italien. Elle a bien conscience, alors, de piétiner toute prudence. Son amant est un séducteur et leur relation ne manquera pas de déchaîner la rumeur. Mais comment résister à l'appel des sens ? Bientôt, hélas, Carla comprend que la situation lui a totalement échappé. Car elle a eu la folie de tomber amoureuse de Cesare, qui est sur le point d'en épouser une autre…  $2 éditeur
339    $a m
410  0 $0 34249876 $t Collection Azur $x 0993-4448 $v 3999
454  1 $t Carrying his scandalous heir
686    $a 803 $2 Cadre de classement de la Bibliographie nationale française
700    $3 15027055 $9 110322 $o ISNI0000000116898546 $a James $b Julia $4 070
702    $3 17084923 $9 277665 $o ISNI0000000459773227 $a Gades $b Leonie $4 730
801  0 $a FR $b FR-751131015 $c 20180827 $g AFNOR $h FRBNF45569476000000X $2 intermrc
999    $a FRBNF45569476000000X
995    $0 0 $2 0 $4 0 $5 2019-02-22 $9 389896 $b MED $c MED $e MED1A $f C2500013003 $h ALTROAM $k RS/JAM $o 0 $p 4.40 $r PRETLIV $s RS_JAM $w 5 $y 2023-11-17

