02021cam a2200409   4500
001 315662
003 http://www.mediathequederoubaix.fr/ark:/20179/KH315662
010    $a 978-2-7103-8966-8 $b br. $d 18 EUR
020    $a FR $b 01916088
033    $a http://catalogue.bnf.fr/ark:/12148/cb456334370
035    $a FRBNF456334370000006
073  0 $a 9782710389668
090    $a 315662
091    $a 2 $b 20240519 $c 1
099    $t LI $x 51 $d 2024-05-19 $c 2019-02-28
100    $a 20181206d2019    m  y0frey50      ba
101 0  $a fre
102    $a FR
105    $a ||||z   00|a|
106    $a r
181  0 $6 01 $a i  $b xxxe  
181    $6 02 $c txt $2 rdacontent
182  0 $6 01 $a n
182    $6 02 $c n $2 rdamedia
200 1  $a À la ligne $b Texte imprimé $e feuillets d'usine $f Joseph Ponthus
210    $e 27-Mesnil-sur-l'Estrée $g Impr. CPI Firmin-Didot $a Paris $c la Table ronde $d DL 2019
214  0 $a Paris $c la Table ronde $d DL 2019
214  3 $a 27-Mesnil-sur-l'Estrée $c Impr. CPI Firmin-Didot
215    $a 1 vol. (266 p.) $d 21 cm
330    $a Le narrateur, un homme lettré, devient ouvrier intérimaire dans les usines de poissons et les abattoirs de Bretagne. Dans ce récit proche de l'épopée, à la prose rythmée et aux registres variés, il décrit le quotidien de la condition ouvrière, ses gestes, ses bruits, la fatigue et les rêves confisqués tout en se souvenant de sa vie d'avant, baignée de culture et d'imagination. Premier roman. ­Electre 2019
339    $a m
686    $a 803 $2 Cadre de classement de la Bibliographie nationale française
700    $3 17799172 $9 309525 $o ISNI0000000474767183 $a Ponthus $b Joseph $f 1978-2021 $4 070
801  0 $a FR $b FR-751131015 $c 20181206 $g AFNOR $h FRBNF456334370000006 $2 intermrc
999    $a FRBNF456334370000006
995    $0 0 $2 0 $4 0 $5 2019-02-28 $9 390055 $b MED $c MED $e MED1A $f C1400005455 $h ALTROZZ $k R/PON $o 0 $p 18.00 $r PRETLIV $s R_PON $w 31 $y 2024-03-19 $A 0
995    $0 0 $2 0 $4 0 $5 2019-07-26 $9 397088 $b MED $c MED $e MED1A $f C1400006361 $h ALTROZZ $k R/PON $o 0 $p 18.00 $r PRETLIV $s R_PON $w 20 $y 2024-02-09 $A 0

