02121cam a2200481   4500
001 315775
003 http://www.mediathequederoubaix.fr/ark:/20179/KH315775
010    $a 978-2-226-39773-7 $b br. $d 6,90 EUR
020    $a FR $b 01758320
033    $a http://catalogue.bnf.fr/ark:/12148/cb453167844
035    $a FRBNF453167840000000
073  0 $a 9782226397737
090    $a 315775
091    $a 2 $b 20240517 $c 1
099    $t LI $x 20 $d 2024-05-17 $c 2019-03-05
100    $a 20170720d2017    a  y0frey50      ba
101 1  $a fre $c eng
102    $a FR
105    $a ||||z   00|y|
106    $a r
181  0 $6 01 $a i  $b xxxe  
181    $6 02 $c txt $2 rdacontent
182  0 $6 01 $a n
182    $6 02 $c n $2 rdamedia
200 1  $a Braquage sous haute tension $b Texte imprimé $f Jack Heath $g traduit de l'anglais (australien) par Sébastien Guillot
210    $a Paris $c Albin Michel $d DL 2017 $e 18-Saint-Amand-Montrond $g Impr. CPI Bussière
215    $a 1 vol. (180 p.) $d 19 cm
225 19 $a 30 minutes pour survivre
225    $a #AM
330    $a Trois braqueurs s'introduisent dans une grande banque. Ils neutralisent les caméras et donnent leurs instructions sous la menace d'une grenade prête à exploser. Une histoire à construire soi-même avec trente issues possibles, à chaque fois en trente minutes de lecture. ­Electre 2019
339    $a a
410  0 $0 45192702 $t #AM (Paris. 2016) $x 2551-6213 $d 2017
454  1 $t Countdown to danger : deadly heist
461  0 $0 45368410 $t 30 minutes pour survivre
609    $2 rbxRomJ $a Roman dont tu es le héros
676    $a 793.908 3 $v 23
686    $a 793 $2 Cadre de classement de la Bibliographie nationale française
689    $a Aventures
700    $3 17103853 $9 270978 $o ISNI0000000114397078 $a Heath $b Jack $f 1986-.... $4 070
702    $3 13624911 $9 59099 $o ISNI0000000400334166 $a Guillot $b Sébastien $f 1974-.... $4 730
801  0 $a FR $b FR-751131015 $c 20170720 $g AFNOR $h FRBNF453167840000000 $2 intermrc
999    $a FRBNF453167840000000
995    $0 0 $2 0 $4 0 $5 2020-11-28 $9 417628 $P 6.90 $b MED $c MED $e MED2A $f C2500019862 $h JRORMZZ $k E R/TRE $o 0 $p 6.90 $r PRETLIV $s E_R_TRE $w 17 $y 2024-04-27

