01738cam a2200373   4500
001 315891
003 http://www.mediathequederoubaix.fr/ark:/20179/KH315891
010    $a 978-2-408-01236-6 $b br. $d 7,95 EUR
020    $a FR $b 01922074
033    $a http://catalogue.bnf.fr/ark:/12148/cb45673199j
035    $a FRBNF456731990000007
073  0 $a 9782408012366
090    $a 315891
091    $a 0 $b 20240418 $c 1
099    $t LI $x 60 $d 2024-05-11 $c 2019-03-08
100    $a 20190219d2019    a  y0frey50      ba
101 0  $a fre
102    $a FR
105    $a ||||t   00|a|
106    $a r
200 1  $a Les inséparables $b Texte imprimé $f Nathalie Dargent, Yannick Thomé $h 3 $i Juliette est fière d'être une fille
210    $e 85-Luçon $g Impr. Pollina $a Toulouse $c BD kids $d DL 2019
214  0 $a Toulouse $c BD kids $d DL 2019
214  3 $a 85-Luçon $c Impr. Pollina
215    $a 1 vol. (45 p.) $c ill. en coul. $d 21 cm
225 19 $a Les inséparables $v 3
330    $a Juliette rêve de devenir pilote de ligne mais ses frères se moquent d'elle. Face aux garçons et aux préjugés, Juliette, Aminata et Léa décident de ne plus se laisser faire. ­Electre 2019
339    $a a
686    $2 Cadre de classement de la Bibliographie nationale française
700    $3 13532577 $9 98226 $a Dargent $b Nathalie $f 1964-.... $4 070
701    $3 13078009 $9 35640 $a Thomé $b Yannick $4 070
801  0 $a FR $b FR-751131015 $c 20190219 $g AFNOR $h FRBNF456731990000007 $2 intermrc
995    $0 0 $2 0 $4 0 $5 2019-03-08 $9 390395 $b MED $c MED $e MED0A $f C3500009006 $h JBDZZZZ $k EXT E BD/DAR $o 0 $p 7.95 $r PRETLIV $s EXT_E_BD_DAR $w 5 $y 2024-04-20
995    $0 0 $2 0 $4 0 $5 2019-03-13 $9 390618 $b MED $c MED $e MED2A $f C2500012269 $h JBDSRZZ $k E BD/SERIES $n 2024-06-22 $o 0 $p 7.95 $r PRETLIV $s E_BD_SERIES $w 55 $y 2024-05-11

