02314cam a2200469   4500
001 315993
003 http://www.mediathequederoubaix.fr/ark:/20179/KH315993
010    $a 978-2-0814-4544-4 $b br. $d 22 EUR
020    $a FR $b 01925387
033    $a http://catalogue.bnf.fr/ark:/12148/cb45663513w
035    $a FRBNF456635130000000
073  0 $a 9782081445444
090    $a 315993
091    $a 2 $b 20240517 $c 1
099    $t LI $x 2 $d 2024-05-17 $c 2019-03-09
100    $a 20190205d2019    m  y0frey50      ba
101 1  $a fre $c swe
102    $a FR
105    $a ||||z   00|y|
106    $a r
181  0 $6 01 $a i  $b xxxe  
181    $6 02 $c txt $2 rdacontent
182  0 $6 01 $a n
182    $6 02 $c n $2 rdamedia
200 1  $a La folle enquête de Stieg Larsson $b Texte imprimé $e sur la trace des assassins d'Olof Palme $f Jan Stocklassa $g traduit du suédois par Julien Lapeyre de Cabanes
210    $a [Paris] $c Flammarion $d DL 2019
214  0 $a [Paris] $c Flammarion $d DL 2019
214  3 $a 61-Lonrai $c Normandie roto impr.
215    $a 1 vol. (439 p.) $c ill. $d 24 cm
330    $a Le journaliste reprend l'enquête menée par Stieg Larsson sur l'assassinat du Premier ministre Olaf Palme abattu dans les rues de Stockholm en 1986 et dont les responsables n'ont jamais été retrouvés. Il s'appuie sur les archives réunies par l'écrivain qui a consacré sa vie à tenter de résoudre cette énigme politique avant de se lancer dans l'écriture de la saga Millenium qui s'en inspire. ­Electre 2019
339    $a m
454  1 $t Stieg Larssons arkiv : nyckeln till Palmemordet
600    $3 11918488 $9 316755 $a Palme $b Olof $f 1927-1986 $3 13319104 $9 7442 $x Assassinat $2 rameau
600    $3 15093700 $9 27447 $a Larsson $b Stieg $f 1954-2004 $2 rameau
608    $3 13505219 $9 8911 $a Enquêtes $2 rameau
676    $a 364.152 409485 $v 23
686    $a 360 $2 Cadre de classement de la Bibliographie nationale française
700    $3 17813111 $9 316756 $a Stocklassa $b Jan $4 070
702    $3 17039239 $9 265992 $o ISNI0000000459592709 $a Lapeyre de Cabanes $b Julien $f 1989-.... $4 730
801  0 $a FR $b FR-751131015 $c 20190205 $g AFNOR $h FRBNF456635130000000 $2 intermrc
999    $a FRBNF456635130000000
995    $0 0 $2 0 $4 0 $5 2019-03-16 $9 390791 $b MED $c MED $e MED3A $f C2400001898 $h ACFSSZZ $k Doc./356 POL $o 0 $r PRETLIV $s DOC___356_000000000000000_POL $w 2 $y 2024-02-16

