02589ngm0a2200457   4500
001 316105
003 http://www.mediathequederoubaix.fr/ark:/20179/KH316105
073  1 $a 5051889634393
090    $a 316105
091    $a 1 $b 20240517 $c 0
099    $t VD $x 56 $d 2024-05-18 $c 2019-03-14
100    $a 20181130d2019    m  y0frey5003    ba
101 2  $a eng $a fre $c eng $j fre
102    $a FR $a ES $a RO
115    $a c117baizxbx||||bkxx|
200 1  $a Les  frères Sisters $b DVD $f Jacques Audiard, réal. $g Patrick Dewitt, adapt. $g Jacques Audiard, Thomas Bidegain, scénario $g Alexandre Desplat, comp. $g Joaquin Phoenix, John C. Reilly, Jake Gyllenhaal, Riz Ahmed, Rutger Hauer, Rebecca Root, ... [et al.] act.
210    $a Neuilly-sur-Seine $c UGC Vidéo $d 2019
215    $a 1 DVD 2 couches sur une simple face (01 h 57 mn) $c 2.35:1, 16/9, coul., (PAL), Son. (Dolby Digital 2.0; anglais; français); (Dolby Digital 5.1; anglais; français)
300    $a Langues principales : anglais, français; Sous-titres : français
300    $a Droit de prêt et consultation
300    $a César de la meilleure réalisation 2019; César du meilleur décor 2019; César de la meilleure photographie 2019
300    $a Why Not Productions, Page 114, Annapurna Pictures, cop. 2018
300    $a **
327    $a Making of : "His Own Private Wild West" (60').
330    $a Charlie et Eli Sisters évoluent dans un monde sauvage et hostile, ils ont du sang sur les mains : celui de criminels, celui d'innocents... Ils n'éprouvent aucun état d'âme à tuer. C'est leur métier. Charlie, le cadet, est né pour ça. Eli, lui, ne rêve que d'une vie normale. Ils sont engagés par le Commodore pour rechercher et tuer un homme. De l'Oregon à la Californie, une traque implacable commence, un parcours initiatique qui va éprouver ce lien fou qui les unit. Un chemin vers leur humanité ?
339    $a m
345    $b 5051889634393 $d 60.20 EUR
606    $a Westerns (cinéma)
700  1 $a Audiard $b Jacques $4 300 $4 690
702  1 $a Dewitt $b Patrick $4 100
702  1 $a Bidegain $b Thomas $4 690
702  1 $a Desplat $b Alexandre $4 230
702  1 $a Phoenix $b Joaquin $4 005
702  1 $a Reilly $b John C. $4 005
702  1 $a Gyllenhaal $b Jake $4 005
702  1 $a Ahmed $b Riz $4 005
702  1 $a Hauer $b Rutger $4 005
702  1 $a Root $b Rebecca $4 005
801  0 $a FR $b ADAV $c 20181130 $g AFNOR
856    $u http://www.adav-assoc.com/4DACTION/GetImage/250901
995    $0 0 $2 0 $4 0 $5 2019-04-19 $9 392234 $b MED $c MED $e MED1A $f C1400005650 $h AAPCIFI $k DVD/F AUD $n 2024-06-08 $o 0 $p 41.00 $r PRETDVD $s DVD_F_AUD $u coup de coeur $w 57 $y 2024-05-18

