03559cam a2200517   4500
001 316215
003 http://www.mediathequederoubaix.fr/ark:/20179/KH316215
010    $a 978-2-89540-727-0 $b rel. $d 18 EUR
020    $a FR $b 01906432
033    $a http://catalogue.bnf.fr/ark:/12148/cb45620371z
035    $a FRBNF456203710000005
073  0 $a 9782895407270
090    $a 316215
091    $a 2 $b 20240517 $c 1
099    $t LI $x 28 $d 2024-05-17 $c 2019-03-21
100    $a 20181115d2018    m  y0frey50      ba
101 1  $a fre $c eng
102    $a FR
105    $a ||||z   00|y|
106    $a r
181  0 $6 01 $a i  $b xxxe   $a b  $b xb2e  
181    $6 02 $c txt $c sti $2 rdacontent
182  0 $6 01 $a n
182    $6 02 $c n $2 rdamedia
200 1  $a Petits déjeuners autour du monde $b Texte imprimé $f Vanessa Lewis $g traduction [de l'anglais] Marie-Andrée Dufresne
210    $e impr. en Chine $a Montréal $c les 400 coups $d DL 2018
214  0 $a Montréal $c les 400 coups $d DL 2018
214  3 $a impr. en Chine
215    $a 1 vol. (147 p.) $c ill. en coul. $d 22 cm
300    $a Bibliogr. et webliogr., 2 p.
300    $a Diffusé en France
321    $a La Revue des livres pour enfants. Sélection annuelle $c 309
329    $a Invitation au voyage originale autour du monde avec des recettes de petits déjeuners ou brunchs, où deux recettes typiques par pays sont proposées. Plutôt faciles à réaliser, elles sont mises en valeur dans des photos soignées où les enfants sont attablés devant leur repas pour l'une des recettes et pour l'autre, une vue plongeante sur le plat. Le stylisme des photos apporte une touche artistique et attachante aux mises en scènes. C'est très original et appétissant. $d 20191101 $2 CNLJ $k Avis critique donné par le Centre national de la littérature pour la jeunesse
330    $a Voilà un livre-ovni qu'il fera bon découvrir. Présenté à la manière d'un abécédaire, Petits déjeuners autour du monde vous embarque dans une aventure gustative et culturelle qui saura émerveiller petits et grands. Au rythme des pages, découvrez les déjeuners typiques de divers pays merveilleusement mis en lumière par le superbe travail de mise en scène de Vanessa Lewis qui a su capter l'étincelle de chacun des enfants qu'elle nous présente. Le tout dans un décor à la fois riche et sobre, présentant non seulement le menu mais également la culture vestimentaire du pays à l'honneur. Laissez-vous séduire par ce beau livre qui se déguste aussi bien visuellement que gustativement ! ­Electre 2019
333    $a À partir de 9 ans $2 CNLJ $k Avis critique donné par le Centre national de la littérature pour la jeunesse
339    $a a
606    $3 12016486 $9 113522 $a Petits déjeuners $2 rameau
608    $a Documentaires : activités, loisirs et divers $2 CNLJ $k Avis critique donné par le Centre national de la littérature pour la jeunesse
608    $a Documentaires : sciences humaines $2 CNLJ $k Avis critique donné par le Centre national de la littérature pour la jeunesse
676    $a 641.52 $v 23
686    $a 640 $2 Cadre de classement de la Bibliographie nationale française
700    $3 17789694 $9 296968 $a Lewis $b Vanessa $4 070
702    $3 17051236 $9 296969 $o ISNI0000000459633347 $a Dufresne $b Marie-Andrée $f 1977-.... $4 730
801  0 $a FR $b FR-751131015 $c 20181115 $g AFNOR $h FRBNF456203710000005 $2 intermrc
999    $a FRBNF456203710000005
995    $0 0 $2 0 $4 0 $5 2019-05-02 $9 392763 $b MED $c MED $e MED2A $f C2500012574 $h JDT60ZZ $k E/641.1 ABC $n 2024-06-04 $o 0 $p 18.00 $r PRETLIV $s E_641_100000000000000_ABC $w 28 $y 2024-04-23

