02600cam a22005413  4500
001 316321
003 http://www.mediathequederoubaix.fr/ark:/20179/KH316321
010    $a 978-2-01-701525-3 $b br. $d 19,90 EUR
020    $a FR $b 01920475
033    $a http://catalogue.bnf.fr/ark:/12148/cb456570943
035    $a FRBNF456570940000006
073  0 $a 9782017015253
090    $a 316321
091    $a 2 $b 20240519 $c 1
099    $t LI $x 3 $d 2024-05-19 $c 2019-03-22
100    $a 20190124d2018    k  y0frey50      ba
101 0  $a fre
102    $a FR
105    $a ||||j   00|y|
106    $a r
181  0 $6 01 $a i  $b xxxe  
181    $6 02 $c txt $2 rdacontent
182  0 $6 01 $a n
182    $6 02 $c n $2 rdamedia
200 1  $a Géographie économique $b Texte imprimé $f François Lafargue,... Vincent Lafargue,...
205    $a 11e éd., 2019
210    $e 58-Clamecy $g Impr. Laballery $a Vanves $c Hachette éducation $d DL 2018
214  0 $a Vanves $c Hachette éducation $d DL 2018
214  3 $a 58-Clamecy $c Impr. Laballery
215    $a 1 vol. (254 p.) $c ill. $d 24 cm
225    $a Objectif concours fonction publique $e catégories A et B
300    $a La couv. porte en plus : "contrôleur des douanes, inspecteur des douanes, secrétaire de chancellerie..."
312    $a Autre forme de titre : Géographie économique : concours fonction publique, catégories A et B
330    $a Des chapitres illustrés de nombreux graphiques et cartes pour se préparer aux épreuves écrites et orales de géographie économique des différents concours de la fonction publique. Avec des conseils méthodologiques pour réussir l'épreuve. ­Electre 2019
339    $a m
410  0 $0 41179655 $t Objectif concours fonction publique $x 2110-0454 $d 2018
517 1  $a Géographie économique
517 1  $a Géographie économique $e concours fonction publique, catégories A et B
606    $3 11955451 $9 6952 $a Géographie économique $2 rameau
606    $3 11939029 $9 6953 $a Relations économiques internationales $2 rameau
608    $3 11944035 $9 26917 $a Questions d'examens $2 rameau
676    $a 330.9 $v 23
686    $a 350 $2 Cadre de classement de la Bibliographie nationale française
700    $3 14469957 $9 83421 $o ISNI000000003596082X $a Lafargue $b François $4 070
701    $3 15038991 $9 93726 $o ISNI0000000005011404 $a Lafargue $b Vincent $4 070
801  0 $a FR $b FR-751131015 $c 20190124 $g AFNOR $h FRBNF456570940000006 $2 intermrc
999    $a FRBNF456570940000006
995    $0 0 $2 0 $4 0 $5 2019-03-22 $9 390949 $b MED $c MED $e MED3A $f C2500012622 $h ACFRUZZ $k 034 ABC $n 2024-05-14 $o 0 $p 19.90 $r PRETLIV $s 034_000000000000000_ABC $w 3 $y 2024-04-23

