02496cam a2200493   4500
001 316437
003 http://www.mediathequederoubaix.fr/ark:/20179/KH316437
010    $a 978-2-37731-214-6 $b rel. $d 15,90 EUR
020    $a FR $b 01922336
033    $a http://catalogue.bnf.fr/ark:/12148/cb45665082t
035    $a FRBNF45665082000000X
073  0 $a 9782377312146
090    $a 316437
091    $a 2 $b 20240517 $c 1
099    $t LI $x 25 $d 2024-05-17 $c 2019-03-28
100    $a 20190207d2019    a  y0frey50      ba
101 0  $a fre
102    $a FR
105    $a ||||z   00|a|
106    $a r
181  0 $6 01 $a i  $b xxxe   $a b  $b xb2e  
181    $6 02 $c txt $c sti $2 rdacontent
182  0 $6 01 $a n
182    $6 02 $c n $2 rdamedia
200 1  $a Monsieur Boudin $b Texte imprimé $f Agnès de Lestrade, Juliette Lagrange
210    $e 85-Luçon $g Impr. Pollina $a Paris $c Sarbacane $d DL 2019
214  0 $a Paris $c Sarbacane $d DL 2019
214  3 $a 85-Luçon $c Impr. Pollina
215    $a 1 vol. (non paginé [25] p.) $c ill. en coul. $d 33 cm
225    $a Collection dirigée par Emmanuelle Beulque
329    $c Pourquoi pas ? $2 CNLJ $k Avis critique donné par le Centre national de la littérature pour la jeunesse
330    $a Parce qu'il a été maltraité à l'école durant son enfance, M. Boudin vit seul, enfermé dans sa maison. Mais quand les trois enfants de sa voisine débarquent chez lui, il commence à retrouver le plaisir de la vie en société. ­Electre 2019
333    $a À partir de 3 ans $2 CNLJ $k Avis critique donné par le Centre national de la littérature pour la jeunesse
339    $a a
410  0 $0 42506712 $t Collection dirigée par Emmanuelle Beulque $d 2019
608    $a Albums $2 CNLJ $k Avis critique donné par le Centre national de la littérature pour la jeunesse
609    $a Relations inter générations
686    $a 809 $2 Cadre de classement de la Bibliographie nationale française
700    $3 14483534 $9 1287 $o ISNI0000000121442121 $a Lestrade $b Agnès de $f 1964-.... $4 070
701    $3 17719131 $9 300245 $o ISNI0000000464657132 $a Lagrange $b Juliette $f 1994-.... $4 070
801  0 $a FR $b FR-751131015 $c 20190207 $g AFNOR $h FRBNF45665082000000X $2 intermrc
999    $a FRBNF45665082000000X
995    $0 0 $2 0 $4 0 $5 2019-03-29 $9 391349 $b MED $c MED $e MED0A $f C3500009109 $h JABEFAE $k EXT E A/LES $n 2024-07-11 $o 0 $p 0.00 $r PRETLIV $s EXT_E_A_LES $w 3 $y 2023-09-01 $A 0
995    $0 0 $2 0 $4 0 $5 2019-04-18 $9 392152 $b MED $c MED $e MED2A $f C2500012712 $h JABEFAE $k E A/LES $o 0 $p 15.90 $r PRETLIV $s E_A_LES $w 22 $y 2024-04-22 $A 0

