01905cam a2200433   4500
001 316654
003 http://www.mediathequederoubaix.fr/ark:/20179/KH316654
010    $a 978-2-7470-9101-5 $b br. $d 2,50 EUR
020    $a FR $b 01858474
033    $a http://catalogue.bnf.fr/ark:/12148/cb45521603c
035    $a FRBNF455216030000003
073  0 $a 9782747091015
090    $a 316654
091    $a 2 $b 20240519 $c 1
099    $t LI $x 58 $d 2024-05-19 $c 2019-04-10
100    $a 20180608d2018    a  y0frey50      ba
101 0  $a fre
102    $a FR
105    $a ||||z   00|a|
106    $a r
181  0 $6 01 $a i  $b xxxe   $a b  $b xb2e  
181    $6 02 $c txt $c sti $2 rdacontent
182  0 $6 01 $a n
182    $6 02 $c n $2 rdamedia
200 1  $a Petit Ours brun cuisine avec papa $b Texte imprimé $f Marie Aubinais $g [illustrations originales], Danièle Bour
210    $a Montrouge $c Bayard jeunesse $d DL 2018
214  0 $a Montrouge $c Bayard jeunesse $d DL 2018
215    $a 1 vol. (non paginé [15] p.) $c ill. en coul. $d 15 cm
225 19 $a Petit Ours brun
330    $a Petit Ours Brun aide son papa à préparer le dîner. Il coupe les tomates et casse les oeufs. ­Electre 2019
339    $a a
461  0 $0 39904090 $t Petit Ours brun
686    $a 809 $2 Cadre de classement de la Bibliographie nationale française
700    $3 12744797 $9 48457 $o ISNI000000012131199X $a Aubinais $b Marie $4 070
702    $3 11893368 $9 1251 $o ISNI0000000121422251 $a Bour $b Danièle $f 1939-.... $4 440
801  0 $a FR $b FR-751131015 $c 20180608 $g AFNOR $h FRBNF455216030000003 $2 intermrc
999    $a FRBNF455216030000003
995    $0 0 $2 0 $4 1 $5 2023-01-03 $9 455305 $P 2.50 $b MED $c MED $e MED2A $f C2500030986 $h JABPFEV $k PE A/BOU $o 4 $p 2.50 $r PRETLIV $s PE_A_BOU $u réparé le 06/09/23 $w 17 $y 2024-03-01
995    $0 0 $2 0 $4 0 $5 2024-04-03 $9 475053 $P 2.70 $b MED $c MED $e MED2A $f C2500034956 $h JABPFEV $k PE A/BOU $n 2024-06-05 $o 0 $p 2.70 $r PRETLIV $s PE_A_BOU $w 3 $y 2024-05-15 $7  $8  $A 0 $m  $z 

