01999cam a2200421   4500
001 316769
003 http://www.mediathequederoubaix.fr/ark:/20179/KH316769
010    $a 978-2-35872-174-5 $b br. $d 12 EUR
020    $a FR $b 01951525
033    $a http://catalogue.bnf.fr/ark:/12148/cb456797582
035    $a FRBNF456797580000004
073  0 $a 9782358721745
090    $a 316769
091    $a 2 $b 20240519 $c 1
099    $t LI $x 12 $d 2024-05-19 $c 2019-04-17
100    $a 20190228d2019    m  y0frey50      ba
101 0  $a fre
102    $a FR
105    $a ||||z   00|y|
106    $a r
181  0 $6 01 $a i  $b xxxe  
181    $6 02 $c txt $2 rdacontent
182  0 $6 01 $a n
182    $6 02 $c n $2 rdamedia
200 1  $a Un féminisme décolonial $b Texte imprimé $f Françoise Vergès
210    $e 53-Mayenne $g Impr. Imprimerie Floch $a Paris $c La Fabrique Editions $d 2019
214  0 $a Paris $c la Fabrique éditions $d DL 2019
214  3 $a 53-Mayenne $c Impr. Floch
215    $a 1 vol. (142 p.) $d 17 cm
330    $a Traquée par les féministes et la gauche, la pensée décoloniale est considérée comme funeste pour le vivre ensemble. L'auteure se situe ici du point de vue des femmes racisées, celles qui, travailleuses domestiques, nettoient le monde. Elle montre que le féminisme décolonial révèle les impensés de la bonne conscience blanche et dénonce un capitalisme à la fois racial et patriarcal. ­Electre 2019
339    $a m
606    $3 17832843 $9 322958 $a Féminisme et racisme $2 rameau
676    $a 305.420 8693 $v 23
686    $a 300 $2 Cadre de classement de la Bibliographie nationale française
700    $3 13091206 $9 275725 $o ISNI0000000117804329 $a Vergès $b Françoise $f 1952-.... $4 070
801  0 $a FR $b FR-751131015 $c 20190228 $g AFNOR $h FRBNF456797580000004 $2 intermrc
999    $a FRBNF456797580000004
995    $0 0 $2 0 $4 0 $5 2019-05-23 $9 393883 $P 12.00 $b MED $c MED $e MED3A $f C2400002093 $h ACFSSZZ $k Doc./320.56 VER $n 2024-06-08 $o 0 $p 12.00 $r PRETLIV $s DOC___320_560000000000000_VER $w 12 $y 2024-05-18

