02559cam a2200421   4500
001 316878
003 http://www.mediathequederoubaix.fr/ark:/20179/KH316878
010    $a 978-2-280-36843-8 $b br. $d 4,40 EUR
020    $a FR $b 01755442
033    $a http://catalogue.bnf.fr/ark:/12148/cb453242714
035    $a FRBNF45324271000000X
073  0 $a 9782280368438
090    $a 316878
091    $a 2 $b 20240509 $c 1
099    $t LI $x 4 $d 2024-05-09 $c 2019-04-23
100    $a 20170801d2017    m  y0frey50      ba
101 1  $a fre $c eng
102    $a FR
105    $a ||||z   00|a|
106    $a r
181  0 $6 01 $a i  $b xxxe  
181    $6 02 $c txt $2 rdacontent
182  0 $6 01 $a n
182    $6 02 $c n $2 rdamedia
200 1  $a Milliardaire et séducteur $b Texte imprimé $f Michelle Conder $g traduction française de Anne Dautun
210    $a Paris $c Harlequin $d DL 2017 $e impr. en Espagne
215    $a 1 vol. (151 p.) $d 18 cm
225    $a Azur $x 0993-4448 $v 3861
330    $a Vénale. C'est le premier mot qui vient à l'esprit de Dare lorsqu'il rencontre Carly Evans. Pour quelle autre raison, en effet, une jeune femme sublime comme elle fréquenterait-elle son richissime grand-père ? Bientôt, Dare se sent gagné par la colère : si cette manipulatrice pense pouvoir mettre la main sur leur fortune familiale, elle se trompe du tout au tout ! Il se fera d'ailleurs lui-même une joie de dévoiler la cupidité de Carly. Même si, pour cela, il doit la séduire…Cet été, participez au grand jeu Harlequin Eté Gagnant  !Plus vous achèterez de livres, plus vous aurez de chances de gagner de magnifiques cadeaux qui illumineront votre été.Matériel de plage, dîner aux chandelles, week-ends évasion… vous pourrez même tenter votre chance pour remporter un voyage à Venise, Harlequin a tout prévu pour vous faire voyager  ! Alors n'hésitez pas  : munissez-vous d'une simple preuve d'achat et rendez-vous sur été-gagnant-harlequin.fr.  $2 éditeur
339    $a m
410  0 $0 34249876 $t Collection Azur $x 0993-4448 $v 3861
454  1 $t Defying the billionaire's command
686    $a 803 $2 Cadre de classement de la Bibliographie nationale française
700    $3 16701886 $9 117025 $o ISNI0000000369722637 $a Conder $b Michelle $4 070
702    $3 12072639 $9 278133 $o ISNI0000000004468154 $a Dautun $b Anne $4 730
801  0 $a FR $b FR-751131015 $c 20170801 $g AFNOR $h FRBNF45324271000000X $2 intermrc
999    $a FRBNF45324271000000X
995    $0 0 $2 0 $4 0 $5 2019-05-02 $9 392764 $b MED $c MED $e MED1A $f C2500013007 $h ALTROAM $k RS/CON $o 0 $p 4.40 $r PRETLIV $s RS_CON $w 4 $y 2023-10-28

