01938cam a2200481   4500
001 316997
003 http://www.mediathequederoubaix.fr/ark:/20179/KH316997
010    $a 978-2-8203-3284-4 $b br. $d 6,79 EUR
020    $a FR $b 01879401
033    $a http://catalogue.bnf.fr/ark:/12148/cb456095102
035    $a FRBNF456095100000004
073  0 $a 9782820332844
090    $a 316997
091    $a 2 $b 20240509 $c 1
099    $t LI $x 52 $d 2024-05-09 $c 2019-04-24
100    $a 20181029d2018    m  y0frey50      ba
101 1  $a fre $c jpn
102    $a FR
105    $a ||||t   00|a|
106    $a r
181  0 $6 01 $a i  $b xxxe   $a b  $b xb2e  
181    $6 02 $c txt $c sti $2 rdacontent
182  0 $6 01 $a n
182    $6 02 $c n $2 rdamedia
200 1  $a Vivre $b Texte imprimé $f scénario, Kaiu Shirai $g dessin, Posuka Demizu
210    $e impr. en Italie $a Paris $c Kazé $d DL 2018
214  0 $a Paris $c Kazé $d DL 2018
214  3 $a impr. en Italie
215    $a 1 vol. (190 p.) $c ill. $d 18 cm
225 19 $a The promised Neverland $v 4
225    $a Shônen
300    $a Trad. du japonais
330    $a Suite des aventures d'Emma, Norman et Ray à l'orphelinat Grace Field House. Emma et Ray réfléchissent à un plan d'évasion afin de sauver Norman qui doit être livré aux démons. ­Electre 2019
339    $a m
410  0 $0 40044331 $t Collection Shônen (Paris) $x 1776-6095 $d 2018
454  1 $t Yakusoku no Neverland
461  0 $0 45522766 $t The promised Neverland $v 4
686    $a 805 $2 Cadre de classement de la Bibliographie nationale française
700    $3 17740687 $9 324503 $o ISNI0000000468127745 $a Shirai $b Kaiu $4 070
702    $3 17740689 $9 324504 $a Demizu $b Posuka $4 440
801  0 $a FR $b FR-751131015 $c 20181029 $g AFNOR $h FRBNF456095100000004 $2 intermrc
999    $a FRBNF456095100000004
995    $0 0 $2 0 $4 0 $5 2019-04-27 $9 392510 $b MED $c MED $e MED0C $f C2300008590 $h AAPBDMG $k BD MANGA/SHI $n 2024-05-24 $o 0 $p 6.89 $r PRETLIV $s BD_MANGA_SHI $w 52 $y 2024-05-03

