02269cam a2200445   4500
001 317108
003 http://www.mediathequederoubaix.fr/ark:/20179/KH317108
010    $a 979-10-363-0960-1 $b br. $d 10,95 EUR
020    $a FR $b 01926933
033    $a http://catalogue.bnf.fr/ark:/12148/cb456910369
035    $a FRBNF45691036000000X
073  0 $a 9791036309601
090    $a 317108
091    $a 2 $b 20240518 $c 1
099    $t LI $x 64 $d 2024-05-18 $c 2019-04-27
100    $a 20190318d2019    a  y0frey50      ba
101 0  $a fre
102    $a FR
105    $a ||||t   00|a|
106    $a r
181  0 $6 01 $a i  $b xxxe   $a b  $b xb2e  
181    $6 02 $c txt $c sti $2 rdacontent
182  0 $6 01 $a n
182    $6 02 $c n $2 rdamedia
200 1  $a La bataille finale $b Texte imprimé $f Jérôme Erbin $g [dessin de] Auren
210    $a TOULOUSE CEDEX 9 $c BD KIDS $d 2019
214  0 $a Montrouge $c BD kids $d DL 2019
214  3 $a 85-Luçon $c Impr. Pollina
215    $a 1 vol. (82 p.) $c ill. en coul. $d 21 cm
225 19 $a Les aventuriers de l'Intermonde $v 5
330    $a Alex, Jie et Nephti se reposent dans l'Intermonde lorsqu'un inconnu surgit, les suppliant de sauver Azia avant de mourir dans leurs bras. Ils se rendent alors en Inde, au XVIIe siècle, sur les traces de cette mystérieuse Azia, qui est la grande soeur de Jie. Ensemble, ils partent à la découverte de la cité de Shambala liée à l'Atlantide et l'Intermonde avec une secte d'assassins à leur poursuite. ­Electre 2019
339    $a a
686    $a 805 $2 Cadre de classement de la Bibliographie nationale française
700    $3 17017951 $9 266062 $o ISNI0000000458825187 $a Erbin $b Jérôme $4 070
702    $3 17017953 $9 266063 $o ISNI0000000458824782 $a Auren $f 1985-.... $4 440
801  0 $a FR $b FR-751131015 $c 20190318 $g AFNOR $h FRBNF45691036000000X $2 intermrc
999    $a FRBNF45691036000000X
995    $0 0 $2 0 $4 0 $5 2019-05-03 $9 392851 $b MED $c MED $e MED0A $f C3500009541 $h JBDZZZZ $k EXT E BD/ERB $n 2024-07-10 $o 0 $p 10.95 $r PRETLIV $s EXT_E_BD_ERB $w 7 $y 2023-09-20
995    $0 0 $2 0 $4 0 $5 2019-05-10 $9 393271 $b MED $c MED $e MED2A $f C2500012951 $h JBDPFZZ $k E BD/ERB $o 0 $p 10.95 $r PRETLIV $s E_BD_ERB $w 30 $y 2024-01-04
995    $0 0 $2 0 $4 0 $5 2019-06-07 $9 394596 $b MED $c MED $e MED2A $f C2500013291 $h JBDPFZZ $k E BD/ERB $o 0 $p 10.95 $r PRETLIV $s E_BD_ERB $w 27 $y 2023-12-02

