03401cam a2200493   4500
001 317219
003 http://www.mediathequederoubaix.fr/ark:/20179/KH317219
010    $a 978-2-203-16860-2 $b rel. $d 16 EUR
020    $a FR $b 01948008
033    $a http://catalogue.bnf.fr/ark:/12148/cb457007260
035    $a FRBNF457007260000007
073  0 $a 9782203168602
090    $a 317219
091    $a 2 $b 20240518 $c 1
099    $t LI $x 42 $d 2024-05-18 $c 2019-05-03
100    $a 20190401d2019    m  y0frey50      ba
101 0  $a fre
102    $a FR
105    $a ||||t   00|a|
106    $a r
181  0 $6 01 $a i  $b xxxe   $a b  $b xb2e  
181    $6 02 $c txt $c sti $2 rdacontent
182  0 $6 01 $a n
182    $6 02 $c n $2 rdamedia
200 1  $a L'empreinte de H. Price $b Texte imprimé $f scénario et couleur, Delphine Le Lay $g dessin et couleur, Alexis Horellou
210    $a [Bruxelles] $c Casterman $d 2019
214  0 $a [Paris] $a [Bruxelles] $c Casterman $d DL 2019
214  3 $a 85-Luçon $c Impr. Pollina
215    $a 1 vol. (88 p.) $c ill. en coul. $d 31 cm
225 19 $a Lucien et les mystérieux phénomènes $v 1
321    $a La Revue des livres pour enfants $x 0398-8384 $c 308
329    $c Intéressant $a Lucien et sa famille emménagent dans une nouvelle maison, à la campagne. Les parents de Lucien ont décidé de vivre différemment, plus près de la nature. Pas facile de s'intégrer dans ce nouvel environnement, surtout que l'uniforme de ghostbuster de Lucien, passionné de fantômes, ne passe pas inaperçu. Mais en menant l'enquête sur une mystérieuse maison hantée au bord de la mer, l'enfant fait une découverte extraordinaire... L'album mêle le quotidien de cette bande de gamins, façon Guerre des boutons, la chasse au fantôme, et une leçon de vie : comment vivre mieux en consommant moins. C'est Jérémie Pichon, le papa de la « famille zéro déchet » (auteur d'un blog, de livres, etc.), qui est l'auteur de la préface. Le dessin aux influences Arts-Décos (couleurs et cadres recherchés) est assez élégant. $d 20190901 $f MP $2 CNLJ $k Avis critique donné par le Centre national de la littérature pour la jeunesse
330    $a Lucien et sa petite soeur Violette sont installés avec leurs parents dans un village breton, afin de mener une vie au contact de la nature. Passionné par les histoires de fantômes, le jeune garçon pénètre dans un manoir hanté accompagné de ses petits voisins. ­Electre 2019
333    $a À partir de 9 ans $2 CNLJ $k Avis critique donné par le Centre national de la littérature pour la jeunesse
339    $a a
461  0 $0 45704052 $t Lucien et les mystérieux phénomènes $v 1
608    $a Bandes dessinées $2 CNLJ $k Avis critique donné par le Centre national de la littérature pour la jeunesse
686    $a 805 $2 Cadre de classement de la Bibliographie nationale française
700    $3 16265426 $9 105558 $o ISNI0000000115213162 $a Le Lay $b Delphine $4 070
702    $3 14497845 $9 105559 $o ISNI000000000882673X $a Horellou $b Alexis $4 440
801  0 $a FR $b FR-751131015 $c 20190401 $g AFNOR $h FRBNF457007260000007 $2 intermrc
999    $a FRBNF457007260000007
995    $0 0 $2 0 $4 0 $5 2019-05-14 $9 393351 $b MED $c MED $e MED0A $f C3500009547 $h JBDZZZZ $k EXT E BD/LEL $n 2024-07-10 $o 0 $p 16.00 $r PRETLIV $s EXT_E_BD_LEL $w 4 $y 2023-09-20 $A 0
995    $0 0 $2 0 $4 0 $5 2019-06-07 $9 394685 $b MED $c MED $e MED2A $f C2500013268 $h JBDZZZZ $k E BD/LEL $o 0 $p 16.00 $r PRETLIV $s E_BD_LEL $w 38 $y 2024-05-18 $A 0

