01891cam a2200457   4500
001 317322
003 http://www.mediathequederoubaix.fr/ark:/20179/KH317322
010    $a 978-2-08-143243-7 $b br. $d 19,90 EUR
020    $a FR $b 01964806
033    $a http://catalogue.bnf.fr/ark:/12148/cb45688726d
035    $a FRBNF45688726000000X
073  0 $a 9782081432437
090    $a 317322
091    $a 2 $b 20240518 $c 1
099    $t LI $x 10 $d 2024-05-18 $c 2019-05-03
100    $a 20190313d2019    m  y0frey50      ba
101 0  $a fre
102    $a FR
105    $a ||||z   00|y|
106    $a r
181  0 $6 01 $a i  $b xxxe  
181    $6 02 $c txt $2 rdacontent
182  0 $6 01 $a n
182    $6 02 $c n $2 rdamedia
200 1  $a Art brut $b Texte imprimé $e le guide $f Céline Delavaux
210    $a Paris $c Flammarion $d 2019
214  0 $a Paris $c Flammarion $d 2019
214  3 $a impr. au Portugal
215    $a 1 vol. (224 p.) $c ill. en coul. $d 24 cm
225    $a Le guide
300    $a Bibliogr. p. 222
330    $a Guide consacré à l'art brut, terme inventé par Jean Dubuffet pour désigner les oeuvres artistiques réalisées par des marginaux faisant fi des conventions tels que les autodidactes, les prisonniers ou encore certains pensionnaires d'hôpitaux psychiatriques. ­Electre 2019
339    $a m
410  0 $0 44398849 $t Le Guide (Flammarion) $x 2490-7146 $d 2019
606    $3 12648387 $9 10075 $a Art brut $2 rameau
676    $a 709.040 9 $v 23
686    $a 700 $2 Cadre de classement de la Bibliographie nationale française
700    $3 15728053 $9 39933 $o ISNI0000000004507168 $a Delavaux $b Céline $f 1972-.... $4 070
801  0 $a FR $b FR-751131015 $c 20190313 $g AFNOR $h FRBNF45688726000000X $2 intermrc
999    $a FRBNF45688726000000X
995    $0 0 $2 0 $4 0 $5 2019-05-14 $9 393386 $b MED $c MED $e MED1A $f C1400005909 $h AAPATAP $k Doc./710.8 BRU $o 0 $p 19.90 $r PRETLIV $s DOC___710_800000000000000_BRU $w 10 $y 2023-10-29

