02137njm0a2200385   4500
001 317438
003 http://www.mediathequederoubaix.fr/ark:/20179/KH317438
071 01 $a H74W690020 $b Aquarela Do Brasil
073  0 $a 8436569193235
090    $a 317438
091    $a 2 $b 20240519 $c 0
099    $t DC $x 19 $d 2024-05-19 $c 2019-05-17
100    $a 20190513d2018    u  y0frey5003    ba
101 0  $a por
127    $a 003300
200 1  $a Cançao do amor demais $b [enr. sonore] $f Elizeth Cardoso, chant
210    $a [S.l.] $c Aquarela Do Brasil $d 2018
215    $a 1 CD (33 min) $e 1 dépliant
300    $a Enregistrement remasterisé
327 1  $a Chega de saudade $a Serenata do adeus $a As praias desertas $a Caminho de pedra $a Luciana $a Janelas abertas $a Eu nao existo sem você $a Outra vez $a Medo de amar $a Estrada branca $a Vida bela $a Modinha $a Cançao do amor demais $a Cançao de amor $a Caixa postal 00 $a Suburbio $a O amor e uma cança $a Se eu pudesse $a Da-me tuas maos $a Gracas a deus $a Nunca é tarde $a Venho de longe $a Seresteiro $a Na baixa do sapateiro $a Risque $a Si todos fossem iguals a você
334    $a Inrockuptibles No.687 p.67 du 27/01/2009
334    $a Trad Magazine No.133 p.91 du 23/08/2010 $b 4/4
345    $a GAM $b 8436569193235 $c disque compact $d 12,08 E
606    $a Bossas-novas
610    $a Brésil : Variété et chanson
679    $a 049.2
700  1 $a Cardoso $b Elizeth $f 1920-1990 $4 590
801  0 $a FR $b GAM $c 20190513 $g AFNOR
856 4  $u https://www.gamannecy.com/upload/albums/201902/8436569193235_thumb.jpg
856 4  $u https://www.gamannecy.com/polysson/200903/01-8424295046307.mp3 $z Chega de saudade
856 4  $u https://www.gamannecy.com/polysson/200903/02-8424295046307.mp3 $z Serenata do adeus
856 4  $u https://www.gamannecy.com/polysson/200903/03-8424295046307.mp3 $z As praias desertas
856 4  $u https://www.gamannecy.com/polysson/200903/04-8424295046307.mp3 $z Caminho de pedra
856 4  $u https://www.gamannecy.com/polysson/200903/05-8424295046307.mp3 $z Luciana
995    $0 0 $2 0 $4 0 $5 2019-05-21 $9 393777 $b MED $c MED $e MED1A $f C3100006228 $h AMV90ZZ $k DC/049.2 CAR $o 0 $p 12.07 $r PRETSON $s DC_049_200000000000000_CAR $w 19 $y 2024-02-02

