01966cam a2200445   4500
001 317552
003 http://www.mediathequederoubaix.fr/ark:/20179/KH317552
010    $a 978-2-343-12608-1 $b br. $d 23 EUR
020    $a FR $b 01746316
033    $a http://catalogue.bnf.fr/ark:/12148/cb45315870g
035    $a FRBNF453158700000006
073  0 $a 9782343126081
090    $a 317552
091    $a 2 $b 20240519 $c 1
099    $t LI $x 4 $d 2024-05-19 $c 2019-05-18
100    $a 20170719d2017    m  y0frey50      ba
101 0  $a fre
102    $a FR
105    $a ||||z   00|y|
106    $a r
181  0 $6 01 $a i  $b xxxe  
181    $6 02 $c txt $2 rdacontent
182  0 $6 01 $a n
182    $6 02 $c n $2 rdamedia
200 1  $a Les origines chrétiennes de la démocratie moderne $b Texte imprimé $e la part du Moyen-âge $f Georges Jehel
210    $a Paris $c l'Harmattan $d impr. 2017 $e 14-Condé-sur-Noireau $g Impr. Corlet numérique
215    $a 1 vol. (210 p.) $d 24 cm
225    $a Historiques $i Série Travaux
300    $a Bibliogr. p. 167
330    $a L'auteur examine comment l'Europe médiévale, par ses nombreux débats dans les domaines politique, économique, juridique et culturel, a permis la transition entre la démocratie antique et la démocratie moderne. ­Electre 2019
339    $a m
410  0 $0 42146523 $t Historiques. Série Travaux $x 2105-8946 $d 2017
606    $3 11969409 $9 309625 $a Démocratie $x Christianisme $2 rameau
606    $3 13318556 $9 2621 $a Démocratie $3 11934444 $9 494 $x Histoire $2 rameau
676    $a 940.1 $v 23
686    $a 940 $2 Cadre de classement de la Bibliographie nationale française
700    $3 12058432 $9 309626 $o ISNI0000000115675180 $a Jehel $b Georges $4 070
801  0 $a FR $b FR-751131015 $c 20170719 $g AFNOR $h FRBNF453158700000006 $2 intermrc
999    $a FRBNF453158700000006
995    $0 0 $2 0 $4 0 $5 2019-06-15 $9 395029 $P 23.00 $b MED $c MED $e MED3A $f C2400002114 $h ACFHSZZ $k Doc./930 MOY $o 0 $p 23.00 $r PRETLIV $s DOC___930_000000000000000_MOY $w 4 $y 2024-05-10

