02220cam a2200457   4500
001 317760
003 http://www.mediathequederoubaix.fr/ark:/20179/KH317760
010    $a 978-2-09-258013-4 $b br. $d 15,95 EUR
020    $a FR $b 01866114
033    $a http://catalogue.bnf.fr/ark:/12148/cb45541928z
035    $a FRBNF455419280000006
073  0 $a 9782092580134
090    $a 317760
091    $a 2 $b 20240519 $c 1
099    $t LI $x 42 $d 2024-05-19 $c 2019-05-23
100    $a 20180710d2018    a  y0frey50      ba
101 1  $a fre $c eng
102    $a FR
105    $a ||||z   00|a|
106    $a r
181  0 $6 01 $a i  $b xxxe  
181    $6 02 $c txt $2 rdacontent
182  0 $6 01 $a n
182    $6 02 $c n $2 rdamedia
200 1  $a L'étoile rebelle $b Texte imprimé $f Cathy Cassidy $g traduit de l'anglais par Anne Guitton
210    $e 72-La Flèche $g Impr. CPI Brodard & Taupin $a Paris $c Nathan $d DL 2018
214  0 $a Paris $c Nathan $d DL 2018
214  3 $a 72-La Flèche $c Impr. CPI Brodard & Taupin
215    $a 1 vol. (260 p.) $d 21 cm
329    $c Intéressant $2 CNLJ $k Avis critique donné par le Centre national de la littérature pour la jeunesse
330    $a Mouse, un des héros de La belle étoile, a 14 ans et aime taguer les murs la nuit. Il rencontre Cat, une jeune fille rebelle et mystique dont il tombe amoureux. Les deux adolescents recueillent un chien abandonné, mais ils ignorent qu'il appartient à un dangereux dealer du quartier. ­Electre 2019
333    $a À partir de 11 ans $2 CNLJ $k Avis critique donné par le Centre national de la littérature pour la jeunesse
339    $a a
454  1 $t Lucky star
608    $a Romans $2 CNLJ $k Avis critique donné par le Centre national de la littérature pour la jeunesse
686    $a 809 $2 Cadre de classement de la Bibliographie nationale française
700    $3 16528006 $9 112925 $o ISNI0000000071503829 $a Cassidy $b Cathy $f 1962-.... $4 070
702    $3 15593364 $9 96153 $o ISNI0000000002214599 $a Guitton $b Anne $4 730
801  0 $a FR $b FR-751131015 $c 20180710 $g AFNOR $h FRBNF455419280000006 $2 intermrc
999    $a FRBNF455419280000006
995    $0 0 $2 0 $4 0 $5 2019-06-07 $9 394604 $b MED $c MED $e MED2A $f C2500013347 $h JROROZZ $k E R/CAS $o 0 $p 15.95 $r PRETLIV $s E_R_CAS $w 42 $y 2024-05-18

