01953ngm0a2200397   4500
001 317886
003 http://www.mediathequederoubaix.fr/ark:/20179/KH317886
073  1 $a 3475001057396
090    $a 317886
100    $a 20190301d2019    a  y0frey5003    ba
101 0  $a fre
102    $a FR
115    $a c085baizxbx||||bkxx|
200 1  $a Astérix, le secret de la potion magique $b DVD $f Louis Clichy, Alexandre Astier, réal. $g René Goscinny, Albert Uderzo, adapt. $g Alexandre Astier, scénario $g Philippe Rombi, comp.
210    $a Neuilly-sur-Seine $c M6 vidéo $d 2019
215    $a 1 DVD 2 couches sur une simple face (01 h 25 mn) $c 2.39:1, 16/9, coul., (PAL), Son. (Dolby Digital 2.0; français); (Dolby Digital 5.1; français)
300    $a Langues principales : français; 
300    $a Droit de prêt et consultation
300    $a M6 Studio, M6 Films, Les Editions Albert René, cop. 2018
300    $a  Enfant de 3 à 7 ans
300    $a **
327    $a Making of (5').
330    $a  Ë la suite d'une chute lors de la cueillette du gui, le druide Panoramix décide qu'il est temps d'assurer l'avenir du village. Accompagné d'Astérix et Obélix, il entreprend de parcourir le monde gaulois à la recherche d'un jeune druide talentueux à qui transmettre le secret de la potion magique...
345    $b 3475001057396 $d 57.60 EUR
700  1 $a Clichy $b Louis $4 300
701  1 $a Astier $b Alexandre $4 300 $4 690
702  1 $a Goscinny $b René $4 100
702  1 $a Uderzo $b Albert $4 100
702  1 $a Rombi $b Philippe $4 230
801  0 $a FR $b ADAV $c 20190301 $g AFNOR
856    $u http://www.adav-assoc.com/4DACTION/GetImage/252172
900    $a http://www.adav-assoc.com/adav/pedagogique/252172.pdf
099    $t VD $x 51 $d 2024-05-19 $c 2019-05-24
339    $a a
091    $a 1 $b 20240519 $c 0
995    $0 0 $2 0 $4 0 $5 2019-05-31 $9 394150 $b MED $c MED $e MED2A $f C3500009692 $h JCIFED3 $k DVD/E DA AST $l Contient 1 DVD $o 0 $p 39.00 $r PRETDVD $s DVD_E_DA_AST $w 51 $y 2024-05-19 $A 0

