02109cam a2200409   4500
001 317999
003 http://www.mediathequederoubaix.fr/ark:/20179/KH317999
010    $a 978-2-37448-116-6 $b br. $d 19,90 EUR
020    $a FR $b 01929765
033    $a http://catalogue.bnf.fr/ark:/12148/cb45711241z
035    $a FRBNF457112410000004
073  0 $a 9782374481166
090    $a 317999
091    $a 2 $b 20240509 $c 1
099    $t LI $x 17 $d 2024-05-09 $c 2019-06-01
100    $a 20190415d2019    m  y0frey50      ba
101 0  $a fre
102    $a FR
105    $a ||||z   00|a|
106    $a r
181  0 $6 01 $a i  $b xxxe  
181    $6 02 $c txt $2 rdacontent
182  0 $6 01 $a n
182    $6 02 $c n $2 rdamedia
200 1  $a Donne-moi des ailes $b Texte imprimé $e roman $f Nicolas Vanier $g avec la collaboration de Virginie Jouannet $g d'après le scénario du film écrit par Matthieu Petit et Christian Moullec... [et al.]
210    $e 72-La Flèche $g Impr. CPI Brodard et Taupin $a Paris $c XO éditions $d DL 2019
214  0 $a Paris $c XO éditions $d DL 2019
214  3 $a 72-La Flèche $c Impr. CPI Brodard et Taupin
215    $a 1 vol. (344 p.) $d 24 cm
330    $a Christian désire sauver les oies naines, menacées de disparition. Il entreprend d'accoutumer des oisons, dès la couveuse, au bruit d'un ULM pour, un jour, voler avec eux en escadrille sur une nouvelle route migratoire, à l'abri des dangers. Thomas, son fils, un adolescent rebelle, lui apporte un soutien inespéré le jour où celui-ci est touché par ces oisons qui s'attachent à lui comme à une mère. ­Electre 2019
339    $a m
686    $a 803 $2 Cadre de classement de la Bibliographie nationale française
700    $3 12099498 $9 47719 $o ISNI0000000121334868 $a Vanier $b Nicolas $f 1962-.... $4 070
702    $3 13190898 $9 61120 $o ISNI0000000371381755 $a Jouannet $b Virginie $f 1963-.... $4 205
801  0 $a FR $b FR-751131015 $c 20190415 $g AFNOR $h FRBNF457112410000004 $2 intermrc
999    $a FRBNF457112410000004
995    $0 0 $2 0 $4 0 $5 2019-06-01 $9 394305 $b MED $c MED $e MED1A $f C1400005989 $h ALTROZZ $k R/VAN $n 2024-06-01 $o 0 $p 19.90 $r PRETLIV $s R_VAN $w 17 $y 2024-04-20 $A 0

