00748nam a2200205   4500
001 318110
003 http://www.mediathequederoubaix.fr/ark:/20179/KH318110
010    $a 9782954464831
090    $a 318110
091    $a 0 $m 0 $n 20200710
099    $t LI $x 9 $c 2019-06-07 $d 2023-11-10
100    $a 20190607d2019    u||y0frey50      ba
101    $a fre
200    $a Hiver à Wimereux $f Yves Lesaffre $e nouvelles
210    $a Lille $c TheBookEdition $d 2018
215    $a 176 p. $c couv. ill. en coul. $d 17 cm
607    $9 270947 $a Wimereux (Pas-de-Calais) $x Roman
700    $9 310635 $a Lesaffre $b Yves
801    $a FR $b 595126101 $c 20190607 $g AFNOR
995    $0 0 $2 0 $4 0 $5 2019-06-07 $9 394628 $b MED $c MED $e MED0C $f C3200016324 $h PRRRGZZ $k FR/R LES $o 0 $p 9.00 $r PRETLIV $s FR_R_LES $w 9 $y 2023-12-01

