02321cam a2200469   4500
001 318218
003 http://www.mediathequederoubaix.fr/ark:/20179/KH318218
010    $a 978-2-408-00806-2 $b br. $d 8,90 EUR
020    $a FR $b 01940896
033    $a http://catalogue.bnf.fr/ark:/12148/cb45706761z
035    $a FRBNF457067610000003
073  0 $a 9782408008062
090    $a 318218
091    $a 2 $b 20240509 $c 1
099    $t LI $x 7 $d 2024-05-09 $c 2019-06-13
100    $a 20190409d2019    a  y0frey50      ba
101 0  $a fre
102    $a FR
105    $a ||||z   00|a|
106    $a r
181  0 $6 01 $a i  $b xxxe  
181    $6 02 $c txt $2 rdacontent
182  0 $6 01 $a n
182    $6 02 $c n $2 rdamedia
200 1  $a Des vacances bien pourries ou Ma théorie sur les dominos $b Texte imprimé $f Séverine Vidal $g [illustrations de] Oriol Vidal
210    $a Toulouse $c Milan $d 2019
214  0 $a Toulouse $c Milan $d DL 2019
214  3 $a impr. en Italie
215    $a 1 vol. (88 p.) $c ill. $d 20 cm
329    $c Intéressant $2 CNLJ $k Avis critique donné par le Centre national de la littérature pour la jeunesse
330    $a Nils ne peut pas aller en colonie de surf comme il l'aurait souhaité.  A son grand désarroi, sa mère l'envoie passer l'été chez Bou à la campagne. Si ses vacances commencent mal, la rencontre avec Marius, un jeune garçon de son âge, change tout. ­Electre 2019
333    $a À partir de 9 ans $2 CNLJ $k Avis critique donné par le Centre national de la littérature pour la jeunesse
339    $a a
517 1  $a Ma théorie sur les dominos
608    $a Romans $2 CNLJ $k Avis critique donné par le Centre national de la littérature pour la jeunesse
686    $a 809 $2 Cadre de classement de la Bibliographie nationale française
700    $3 16192662 $9 103099 $o ISNI0000000382131401 $a Vidal $b Séverine $f 1969-.... $4 070
702    $3 16216912 $9 114077 $o ISNI0000000114534677 $a Vidal $b Oriol $f 1977-.... $4 440
801  0 $a FR $b FR-751131015 $c 20190409 $g AFNOR $h FRBNF457067610000003 $2 intermrc
999    $a FRBNF457067610000003
995    $0 0 $2 0 $4 0 $5 2019-06-20 $9 395423 $b MED $c MED $e MED0A $f C3500009866 $h JROROZZ $k EXT E R/VID $o 0 $p 8.90 $r PRETLIV $s EXT_E_R_VID $w 4 $y 2024-04-18
995    $0 0 $2 0 $4 0 $5 2019-06-28 $9 395901 $b MED $c MED $e MED2A $f C2500013500 $h JROROZZ $k E R/VID $o 0 $p 8.90 $r PRETLIV $s E_R_VID $w 3 $y 2022-12-20

