02122cam a2200457   4500
001 318330
003 http://www.mediathequederoubaix.fr/ark:/20179/KH318330
010    $a 978-2-8189-6629-7 $b br. $d 7,50 EUR
020    $a FR $b 01922062
033    $a http://catalogue.bnf.fr/ark:/12148/cb45666640s
035    $a FRBNF456666400000007
073  0 $a 9782818966297
090    $a 318330
091    $a 2 $b 20240509 $c 1
099    $t LI $x 28 $d 2024-05-09 $c 2019-06-15
100    $a 20190208d2019    m  y0frey50      ba
101 1  $a fre $c jpn
102    $a FR
105    $a ||||t   00|a|
106    $a r
181  0 $6 01 $a i  $b xxxe   $a b  $b xb2e  
181    $6 02 $c txt $c sti $2 rdacontent
182  0 $6 01 $a n
182    $6 02 $c n $2 rdamedia
200 1  $a The rising of the shield hero $h 11 $b Texte imprimé $f Aiya Kyu $g oeuvre originale, Aneko Yusagi...
210    $e impr. en Italie $a Charnay-lès-Mâcon $c Bamboo édition $d DL 2019
214  0 $a Charnay-lès-Mâcon $c Bamboo édition $d DL 2019
214  3 $a impr. en Italie
215    $a 1 vol. (158 p.) $c ill. $d 18 cm
225    $a Doki-doki $e seinen
330    $a Naofumi est contraint d'affronter Lark, Tellis et Glass. Il réussit à leur infliger d'importantes blessures grâce à son bouclier dévoreur d'âmes et à l'épée magique de Raphtalia, mais Glass reprend des forces en absorbant des potions de guérison. Le combat semble dès lors mal engagé pour la compagnie de Naofumi. ­Electre 2019
339    $a m
410  0 $0 40960112 $t Doki-doki (Charnay-lès-Mâcon) $x 1953-2717 $d 2019
454  1 $t Tate no yûsha no nariagari $h Vol. 11
461  0 $0 45143678 $t The rising of the shield hero $v 11
686    $a 805 $2 Cadre de classement de la Bibliographie nationale française
700    $3 16708097 $9 323310 $o ISNI0000000418717085 $a Aiya $b Kyū $4 070
702    $3 17080144 $9 323311 $o ISNI0000000454687151 $a Aneko $b Yusagi $4 100
801  0 $a FR $b FR-751131015 $c 20190208 $g AFNOR $h FRBNF456666400000007 $2 intermrc
999    $a FRBNF456666400000007
995    $0 0 $2 0 $4 0 $5 2023-12-27 $9 471749 $b MED $c MED $e MED0C $f C2300014533 $h AAPBDMG $k BD MANGA/AIY $o 0 $p 7.05 $r PRETLIV $s BD_MANGA_AIY $w 1 $y 2024-03-13

