02132cam a2200457   4500
001 318450
003 http://www.mediathequederoubaix.fr/ark:/20179/KH318450
010    $a 978-2-36360-535-1 $b br. $d 21,50 EUR
020    $a FR $b 01913231
033    $a http://catalogue.bnf.fr/ark:/12148/cb456572981
035    $a FRBNF456572980000006
073  0 $a 9782363605351
090    $a 318450
091    $a 2 $b 20240510 $c 1
099    $t LG $x 16 $d 2024-05-10 $c 2019-06-19
100    $a 20190124d2019    m  y0frey50      ba
101 1  $a fre $c eng
102    $a FR
105    $a ||||z   00|a|
106    $a d
181  0 $6 01 $a i  $b xxxe  
181    $6 02 $c txt $2 rdacontent
182  0 $6 01 $a n
182    $6 02 $c n $2 rdamedia
200 1  $a Ouragan $b Texte imprimé $e roman $f Danielle Steel $g traduit de l'anglais (États-Unis) par Laura Bourgeois
205    $a Éd. en gros caractères
210    $e 14-Condé-en-Normandie $g Impr. Corlet numérique $a Versailles $c Feryane $d DL 2019
214  0 $a Versailles $c Feryane $d DL 2019
214  3 $a 14-Condé-en-Normandie $c Impr. Corlet numérique
215    $a 1 vol. (410 p.) $d 22 cm
225    $a Détente
330    $a Alors qu'un terrible ouragan fait route sur New York, Ellen est en visite chez sa mère, qui refuse de quitter son appartement. Peter et Ben, deux étudiants en colocation, se préparent à profiter du spectacle. La tempête s'abat enfin sur la ville, ravagée, et les survivants doivent alors affronter l'avenir, retrouver leurs proches et soigner leurs blessures. ­Electre 2019
339    $a m
410  0 $0 34290356 $t Détente (Versailles) $x 1959-3309 $d 2019
454  1 $t Rushing waters
686    $a 803 $2 Cadre de classement de la Bibliographie nationale française
700    $3 11925454 $9 3853 $o ISNI0000000121452354 $a Steel $b Danielle $f 1947-.... $4 070
702    $3 17089930 $9 306711 $o ISNI0000000459793551 $a Bourgeois $b Laura $4 730
801  0 $a FR $b FR-751131015 $c 20190124 $g AFNOR $h FRBNF456572980000006 $2 intermrc
999    $a FRBNF456572980000006
995    $0 0 $2 0 $4 0 $5 2019-06-19 $9 395230 $b MED $c MED $e MED1A $f C1400006363 $h ALTLVZZ $k LV R/STE $o 0 $p 21.50 $r PRETLIV $s LV_R_STE $w 16 $y 2024-02-08 $A 0

