02195cam a2200421   4500
001 318563
003 http://www.mediathequederoubaix.fr/ark:/20179/KH318563
010    $a 978-2-7493-0897-5 $b rel. $d 10,95 EUR
020    $a FR $b 01940364
033    $a http://catalogue.bnf.fr/ark:/12148/cb45720289x
035    $a FRBNF457202890000007
073  0 $a 9782749308975
090    $a 318563
091    $a 0 $b 20220406 $c 1
099    $t LI $x 97 $d 2024-05-15 $c 2019-06-20
100    $a 20190430d2019    m  y0frey50      ba
101 0  $a fre
102    $a FR
105    $a ||||t   00|a|
106    $a r
200 1  $a Sorceline $b Texte imprimé $f scénario, Sylvia Douyé $g dessin, Paola Antista $g couleurs, Lowenael $h 2 $i La fille qui aimait les animonstres
210    $a Grenoble $c Vents d'Ouest $d 2019
214  0 $a Grenoble $c Vents d'ouest $d DL 2019
214  3 $a impr. en Belgique
215    $a 1 vol. (44 p.) $c ill. en coul. $d 30 cm
225 19 $a Sorceline $v 2
330    $a En stage de fantasticologie chez le professeur Archibald Balzar, des disparitions inquiétantes d'élèves se produisent. S'en croyant responsable, Sorceline culpabilise, peine à se concentrer en classe et perd toutes ses facultés. Mais bientôt, les cachotteries des uns et des autres apparaissent au grand jour. ­Electre 2019
333    $a À partir de 9 ans
339    $a a
461  0 $0 45485781 $t Sorceline $v 2
608    $a Bandes dessinées $2 CNLJ
686    $2 Cadre de classement de la Bibliographie nationale française
700    $3 13749317 $7 ba0yba0y $8 fre    $a Douyé $b Sylvia $f 1973-.... $4 070 $9 12454
702    $3 16180931 $7 ba0yba0y $8 fre    $a Antista $b Paola $4 440 $9 307606
801  0 $a FR $b FR-751131015 $c 20190430 $g AFNOR $h FRBNF457202890000007 $2 intermrc
995    $0 0 $2 0 $4 0 $5 2019-06-25 $9 395630 $b MED $c MED $e MED2A $f C2500013658 $h JBDSRZZ $k E BD/SERIES $n 2024-06-05 $o 0 $p 10.95 $r PRETLIV $s E_BD_SERIES $w 56 $y 2024-05-15
995    $0 0 $2 0 $4 0 $5 2020-06-05 $9 408730 $P 10.95 $V 2 $b MED $c MED $e MED0A $f C3500010974 $h JBDZZZZ $k EXT E BD/DOU $n 2024-06-25 $o 0 $p 10.95 $r PRETLIV $s EXT_E_BD_DOU $w 16 $y 2024-04-18 $8 MA014B
995    $0 0 $2 0 $4 0 $5 2021-08-12 $9 431100 $P 10.95 $b BUS $c BUS $e BUS1A $f C3500014030 $h JBDSRZZ $k BUS E BD/SOR $o 0 $r PRETLIV $s BUS_E_BD_SOR $w 25 $y 2024-04-24

