01560cam2a2200409 i 4500
001 318676
003 http://www.mediathequederoubaix.fr/ark:/20179/KH318676
005 20240510044256.0
010    $a 978-2-39004-051-4 $b br. sous jaquette $d 13 EUR
073  0 $a 9782390040514
090    $a 318676
100    $a 20190104d2019    |  |0frey5003||||ba
101 0  $a fre
102    $a BE
105    $a         0||y|
106    $a r
181  0 $6 01 $a i  $b xxxe   $a b  $b xb2e  
181    $6 02 $c txt $c sti $2 rdacontent
182  0 $6 01 $a n
182    $6 02 $c n $2 rdamedia
200 1  $a La flèche d'argent $b Texte imprimé $f Mortis Ghost
210    $a Bruxelles $c l'Employé du Moi $d 2019
211    $a 20190419
215    $a 1 vol. (127 p.) $c illustrations en noir et blanc $d 20 x 15 cm
219  0 $a Bruxelles $c l'Employé du Moi $d 2019
225 1  $a Dr Cataclysm $v 3
330    $a L'équipage du Plescops est toujours à la recherche de Janos Colas, en vain. Alors qu'une routine s'installe à bord du vaisseau, le porteur de la flèche d'argent, un personnage redoutable et surpuissant, apparaît à l'improviste. ­Electre 2019
345    $b 9782390040514
461  0 $6 347845 $t Dr Cataclysm $v 3
676    $a 741.56 $v 23
686    $a T090206 $2 electre
700  1 $6 11943822 $a Ghost $b Mortis $4 070
801  3 $a FR $b Electre $c 20190612 $g AFNOR
099    $t LI $x 1 $d 2024-05-10 $c 2019-06-20
339    $a m
091    $a 2 $b 20240510 $c 0 $m 0 $n 20200710
995    $0 0 $2 0 $4 0 $5 2019-07-10 $9 396550 $b MED $c MED $e MED0C $f C2300009048 $h AAPBDZZ $k BD/GHO $o 0 $p 13.00 $r PRETLIV $s BD_GHO $w 1 $y 2020-01-25

