01822cam a2200409   4500
001 318788
003 http://www.mediathequederoubaix.fr/ark:/20179/KH318788
010    $a 978-2-37880-025-3 $b br. $d 17 EUR
020    $a FR $b 01858819
033    $a http://catalogue.bnf.fr/ark:/12148/cb455775476
035    $a FRBNF455775470000008
073  0 $a 9782378800253
090    $a 318788
091    $a 2 $b 20240511 $c 1
099    $t LI $x 6 $d 2024-05-11 $c 2019-06-21
100    $a 20180913d2018    m  y0frey50      ba
101 0  $a fre
102    $a FR
105    $a ||||z   00|y|
106    $a r
181  0 $6 01 $a i  $b xxxe  
181    $6 02 $c txt $2 rdacontent
182  0 $6 01 $a n
182    $6 02 $c n $2 rdamedia
200 1  $a Le temps de s'en apercevoir $b Texte imprimé $f Emmanuel de Waresquiel
210    $e 18-Saint-Amand-Montrond $g Impr. CPI Bussière $a Paris $c l'Iconoclaste $d DL 2018
214  0 $a Paris $c l'Iconoclaste $d DL 2018
214  3 $a 18-Saint-Amand-Montrond $c Impr. CPI Bussière
215    $a 1 vol. (262 p.) $d 19 cm
330    $a A travers le prisme de l'histoire du monde, l'historien analyse l'actualité contemporaine et montre que le passé peut servir à comprendre le présent. Il aborde par exemple le cas du Brexit, de la déchéance de nationalité ou des paradis fiscaux. Prix des Deux Magots 2019. ­Electre 2019
339    $a m
676    $a 907.202 $v 23
686    $a 900 $2 Cadre de classement de la Bibliographie nationale française
700    $3 12012663 $9 36623 $o ISNI0000000121480590 $a Waresquiel $b Emmanuel de $f 1957-.... $4 070
801  0 $a FR $b FR-751131015 $c 20180913 $g AFNOR $h FRBNF455775470000008 $2 intermrc
999    $a FRBNF455775470000008
995    $0 0 $2 0 $4 0 $5 2019-06-29 $9 395944 $P 17.00 $b MED $c MED $e MED3A $f C2400002157 $h ACFHSZZ $k Doc./913 ABC $o 0 $p 17.00 $r PRETLIV $s DOC___913_000000000000000_ABC $w 6 $y 2023-01-11

