03804cam a2200457   4500
001 318898
003 http://www.mediathequederoubaix.fr/ark:/20179/KH318898
010    $a 978-2-246-86066-2 $b br. $d 10 EUR
033    $a http://catalogue.bnf.fr/ark:/12148/cb45433244c
035    $a FRBNF454332440000004
073  0 $a 9782246860662
090    $a 318898
091    $a 2 $b 20240511 $c 1
099    $t LI $x 10 $d 2024-05-11 $c 2019-06-27
100    $a 20180124d2018    a  y0frey50      ba
101 0  $a fre
102    $a FR
105    $a ||||z   00|g|
106    $a r
181  0 $6 01 $a i  $b xxxe   $a b  $b xb2e  
181    $6 02 $c txt $c sti $2 rdacontent
182  0 $6 01 $a n
182    $6 02 $c n $2 rdamedia
200 1  $a Moi j'irai dans la lune $b Texte imprimé $e et autres innocentines $f René de Obaldia $g [ill. de] Emmanuelle Houdart
210    $a [Paris] $c Grasset jeunesse $d 2018
214  0 $a [Paris] $c Grasset jeunesse $d 2018
215    $a 1 vol. (66 p.) $c ill. en coul., couv. ill. en coul. $d 18 cm
321    $a La Revue des livres pour enfants $x 0398-8384 $c 300
321    $a La Revue des livres pour enfants. Sélection annuelle $c 303
329    $c Bravo ! $a Une réédition bienvenue de ce merveilleux petit recueil illustré qui rassemblait quelques-uns de ces poèmes publiés en 1969. Une belle occasion de faire découvrir aux enfants d'aujourd'hui l'univers facétieux et tendre de cet auteur, âgé de 99 ans ! Avec l'assurance de vivre des aventures inédites et de beaucoup s'amuser aux côtés de Tom Sawyer qui « sans en avoir l'air / a parcouru tout l'univers »... et dont « le coeur était si bon / qu'on n'en voyait pas le fond », de cette grand-mère qui « se courbe toujours vers la terre » « pour mieux jouer à saute-mouton », de ces deux petits enfants qui voudraient pouvoir grandir plus vite pour pouvoir s'embrasser, « se jeter des regards flambants, des et cætera », ou bien de vivre un « Ouiquenne » complètement foldingue. Les rimes claquent à toute allure, les mots s'entrechoquent avec entrain et les dessins d'Emmanuelle Houdart, saynètes ou personnages enfantins croqués sur le vif, leur font gaiement écho. $d 20180401 $f AL $2 CNLJ $k Avis critique donné par le Centre national de la littérature pour la jeunesse
329    $a Une nouvelle édition bienvenue des merveilleuses Innocentines, publiées en 1969. Une belle occasion de faire découvrir aux enfants d'aujourd'hui l'univers facétieux et tendre de cet auteur, âgé de 99 ans, avec l'assurance de vivre des aventures inédites et de beaucoup s'amuser. Les rimes claquent à vive allure, les mots s'entrechoquent avec entrain et les dessins d'Emmanuelle Houdart, saynètes ou personnages enfantins croqués sur le vif, leur font gaiement écho. $d 20181101
330    $a Une sélection de 17 textes très rythmés, poétiques et grinçants, qui racontent avec humour les choses et les rêves de la vie : un départ en "ouiquenne", "you spique angliche", le zizi perpétuel, etc. ­Electre 2019
333    $a À partir de 9 ans $2 CNLJ $k Avis critique donné par le Centre national de la littérature pour la jeunesse
333    $a À partir de 6 ans $2 CNLJ $k Avis critique donné par le Centre national de la littérature pour la jeunesse
339    $a a
608    $a Poésies, comptines et chansons $2 CNLJ $k Avis critique donné par le Centre national de la littérature pour la jeunesse
700    $3 11917997 $9 13655 $o ISNI000000011019672X $a Obaldia $b René de $f 1918-2022 $4 070
702    $3 13343302 $9 292458 $o ISNI0000000078364956 $a Houdart $b Emmanuelle $f 1967-.... $4 440
801  0 $a FR $b FR-751131015 $c 20180124 $g AFNOR $h FRBNF454332440000004 $2 intermrc
999    $a FRBNF454332440000004
995    $0 0 $2 0 $4 0 $5 2019-06-27 $9 395836 $b MED $c MED $e MED2A $f C2500013764 $h JPOZZZZ $k E P OBA $o 0 $p 10.00 $r PRETLIV $s E_P_OBA $w 10 $y 2023-11-25

