03960cam a2200505   4500
001 319018
003 http://www.mediathequederoubaix.fr/ark:/20179/KH319018
010    $a 978-2-84705-167-4 $b br. $d 9,50 EUR
020    $a FR $b 01829421
033    $a http://catalogue.bnf.fr/ark:/12148/cb454724079
035    $a FRBNF454724070000001
073  0 $a 9782847051674
090    $a 319018
091    $a 2 $b 20240511 $c 1
099    $t LI $x 4 $d 2024-05-11 $c 2019-07-04
100    $a 20180326d2018    a  y0frey50      ba
101 0  $a fre
102    $a FR
105    $a ||||z   00|a|
106    $a r
181  0 $6 01 $a i  $b xxxe  
181    $6 02 $c txt $2 rdacontent
182  0 $6 01 $a n
182    $6 02 $c n $2 rdamedia
200 1  $a Noircisse $b Texte imprimé $f Claudine Galea
210    $e 37-Monts $g Impr. Présence graphique $a Les Matelles $c Éditions Espaces 34 $d DL 2018
214  0 $a Les Matelles $c Éditions Espaces 34 $d DL 2018
214  3 $a 37-Monts $c Impr. Présence graphique
215    $a 1 vol. (89 p.) $d 17 cm
225    $a Théâtre jeunesse
321    $a La Revue des livres pour enfants $x 0398-8384 $c 301
321    $a La Revue des livres pour enfants. Sélection annuelle $c 303
329    $c Bravo ! $a Marion (qui se fait appeler « Hiver ») et June, l'Anglaise, se retrouvent chaque été au bord de l'océan. Elles ont 10 ans et sont liées par une amitié sans bornes. Deux garçons viennent mêler à cette passion leurs propres rêves d'avenir et leurs désirs naissants. L'un a 11 ans, mais pour les filles reste « Le Petit ». L'autre, plus âgé, s'appelle « Mayo », comme dans mayonnaise. Immigré en situation irrégulière, il participe malgré lui à l'édification de lotissements qui achèveront de défigurer la côte. Les membres de ce quatuor écolo, surtout les filles, cherchent à inventer l'avenir de leur génération. Ce ne sont pas des enfantillages, car, face à la grande marée qui menace de les engloutir, ils montrent un sang-froid qui les sauvera. Ces rebelles sont capables d'un engagement qui les porte au-delà de leur propre candeur. $d 20180601 $f FCA $2 CNLJ $k Avis critique donné par le Centre national de la littérature pour la jeunesse
329    $a Hiver et June se retrouvent chaque été au bord de l'océan. Elles sont liées par une amitié sans bornes. Deux garçons viennent mêler à cette passion leurs rêves et leurs désirs naissants. L'un d'eux, immigré en situation irrégulière, participe malgré lui à l'édification de lotissements qui achèvera de défigurer la côte. Les membres de ce quatuor écolo cherchent à inventer l'avenir de leur génération. Face à la grande marée qui menace de les engloutir, ils montrent un sang-froid qui les sauvera. Ces rebelles sont capables d'un engagement qui les porte au-delà de leur propre candeur. $d 20181101 $2 CNLJ $k Avis critique donné par le Centre national de la littérature pour la jeunesse
330    $a Hiver, 10 ans, veut noircisser tout ce qu'elle trouve laid. Avec son amie June, elle passe des vacances au bord de la mer. Deux garçons viennent troubler leur quiétude. ­Electre 2019
333    $a À partir de 9 ans $2 CNLJ $k Avis critique donné par le Centre national de la littérature pour la jeunesse
333    $a À partir de 11 ans $2 CNLJ $k Avis critique donné par le Centre national de la littérature pour la jeunesse
339    $a a
410  0 $0 42014153 $t Collection Théâtre jeunesse $x 2102-295X $d 2018
608    $a Théâtre $2 CNLJ $k Avis critique donné par le Centre national de la littérature pour la jeunesse
686    $a 802 $2 Cadre de classement de la Bibliographie nationale française
700    $3 12874335 $9 64217 $o ISNI0000000041186770 $a Galéa $b Claudine $f 1960-.... $4 070
801  0 $a FR $b FR-751131015 $c 20180326 $g AFNOR $h FRBNF454724070000001 $2 intermrc
999    $a FRBNF454724070000001
995    $0 0 $2 0 $4 0 $5 2019-07-06 $9 396415 $b MED $c MED $e MED2A $f C2500013914 $h JTHZZZZ $k E T/GAL $o 0 $p 9.50 $r PRETLIV $s E_T_GAL $w 4 $y 2022-02-16

