02415cam a2200481   4500
001 319135
003 http://www.mediathequederoubaix.fr/ark:/20179/KH319135
010    $a 978-2-226-43951-2 $b rel. $d 14,50 EUR
020    $a FR $b 01937192
033    $a http://catalogue.bnf.fr/ark:/12148/cb457058134
035    $a FRBNF457058130000007
073  0 $a 9782226439512
090    $a 319135
091    $a 2 $b 20240511 $c 1
099    $t LI $x 27 $d 2024-05-11 $c 2019-07-12
100    $a 20190408d2019    a  y0frey50      ba
101 1  $a fre $c eng
102    $a FR
105    $a ||||z   00|a|
106    $a r
181  0 $6 01 $a i  $b xxxe   $a b  $b xb2e  
181    $6 02 $c txt $c sti $2 rdacontent
182  0 $6 01 $a n
182    $6 02 $c n $2 rdamedia
200 1  $a Otis, mon ami serpent $b Texte imprimé $f Maisie Paradise Shearring $g [traduit de l'anglais par Françoise de Guibert]
210    $e impr. en Chine $a Paris $c Albin Michel jeunesse $d DL 2019
214  0 $a Paris $c Albin Michel jeunesse $d DL 2019
214  3 $a impr. en Chine
215    $a 1 vol. (non paginé [26] p.) $c ill. en coul. $d 29 cm
329    $c Pourquoi pas ? $2 CNLJ $k Avis critique donné par le Centre national de la littérature pour la jeunesse
330    $a Anna et Otis sont amis. Mais lorsque la fillette lui propose d'aller explorer la ville, il hésite. Il aimerait partir à l'aventure avec elle mais il craint le regard des autres. En effet, Otis est un serpent. ­Electre 2019
333    $a À partir de 3 ans $2 CNLJ $k Avis critique donné par le Centre national de la littérature pour la jeunesse
339    $a a
454  1 $t Anna and Otis
608    $a Albums $2 CNLJ $k Avis critique donné par le Centre national de la littérature pour la jeunesse
609    $9 34776 $a Amitié
686    $a 809 $2 Cadre de classement de la Bibliographie nationale française
700    $3 17071513 $9 269354 $o ISNI0000000459716943 $a Shearring $b Maisie Paradise $f 1991-.... $4 070
702    $3 13761465 $9 61847 $o ISNI000000012132191X $a Guibert $b Françoise de $f 1970-.... $4 730
801  0 $a FR $b FR-751131015 $c 20190408 $g AFNOR $h FRBNF457058130000007 $2 intermrc
999    $a FRBNF457058130000007
995    $0 0 $2 0 $4 0 $5 2019-08-20 $9 397589 $b MED $c MED $e MED0A $f C3500010054 $h JABEFAE $k EXT E A/SHE $n 2024-07-12 $o 0 $p 14.50 $r PRETLIV $s EXT_E_A_SHE $w 5 $y 2023-09-20
995    $0 0 $2 0 $4 0 $5 2019-08-21 $9 397775 $b MED $c MED $e MED2A $f C2500014064 $h JABEFAE $k E A/SHE $o 0 $p 14.50 $r PRETLIV $s E_A_SHE $w 22 $y 2024-04-14

