02034cam a2200469   4500
001 319244
003 http://www.mediathequederoubaix.fr/ark:/20179/KH319244
010    $a 2-264-02992-7 $b br. $d 50 F
020    $a FR $b 00103671
033    $a http://catalogue.bnf.fr/ark:/12148/cb372069191
035    $a FRBNF37206919000000X
039    $o OPL $a 026030545
090    $a 319244
091    $a 2 $b 20240511 $c 1
099    $t LI $d 2024-05-11 $c 2019-07-23
100    $a 20010118d2001    m  y0frey50      ba
101 1  $a fre $c eng
102    $a FR
105    $a ||||z   00|a|
106    $a r
181  0 $6 01 $a i  $b xxxe  
181    $6 02 $c txt $2 rdacontent
182  0 $6 01 $a n
182    $6 02 $c n $2 rdamedia
200 1  $a Babycakes $b Texte imprimé $f par Armistead Maupin $g trad. de l'américain par Pascal Loubet
210    $a Paris $c 10-18 $d 2001
215    $a 378 p. $c couv. ill. en coul. $d 18 cm
225 19 $a Chroniques de San Francisco $v 4
225    $a 10-18 $i Domaine étranger
308    $a Collection principale : 10-18. Numérotation dans la collection principale : 3257
330    $a Dans cette suite des Chroniques de San Francisco, les années 80 s'avèrent rudes. Même si les aventures de la famille de Barbary Lane sont toujours aussi délirantes, il y a l'impact d'une nouvelle maladie dévastatrice. ­Electre 2019
339    $a m
410  0 $0 34227635 $t 10-18 $x 0240-2300 $v 3257
410  0 $0 34228544 $t 10-18. Série Domaine étranger $x 0248-3424 $d 2001
454  1 $t Babycakes
461  0 $t Chroniques de San Francisco $v 4
686    $a 823 $2 Cadre de classement de la Bibliographie nationale française
700    $3 12108057 $9 47869 $o ISNI0000000108746358 $a Maupin $b Armistead $f 1944-.... $4 070
702    $3 12050802 $9 32525 $o ISNI0000000121288339 $a Loubet $b Pascal $f 1958-.... $4 730
801  0 $a FR $b FR-751131015 $c 20010118 $g AFNOR $h FRBNF37206919000000X $2 intermrc
999    $a FRBNF37206919000000X
995    $0 0 $2 0 $3 0 $4 0 $5 2019-07-23 $9 396863 $b MED $c MED $e MED1A $f C1400006533 $h ALTROZZ $k R/MAU $o 0 $p 8.10 $r PRETLIV $s R_MAU $w 0 $y 2019-07-23 $A 0

