01860cam a2200433   4500
001 319349
003 http://www.mediathequederoubaix.fr/ark:/20179/KH319349
010    $a 978-2-213-71180-5 $b br. $d 20,90 EUR
020    $a FR $b 01927876
033    $a http://catalogue.bnf.fr/ark:/12148/cb457130814
035    $a FRBNF457130810000008
073  0 $a 9782213711805
090    $a 319349
091    $a 2 $b 20240511 $c 1
099    $t LI $x 14 $d 2024-05-11 $c 2019-07-24
100    $a 20190417d2019    m  y0frey50      ba
101 0  $a fre
102    $a FR
105    $a ||||z   00|y|
106    $a r
181  0 $6 01 $a i  $b xxxe  
181    $6 02 $c txt $2 rdacontent
182  0 $6 01 $a n
182    $6 02 $c n $2 rdamedia
200 1  $a Histoires de l'alimentation $b Texte imprimé $e de quoi manger est-il le nom ? $f Jacques Attali
210    $e 72-La Flèche $g Impr. CPI Brodard & Taupin $a [Paris] $c Fayard $d DL 2019
214  0 $a [Paris] $c Fayard $d DL 2019
214  3 $a 72-La Flèche $c Impr. CPI Brodard & Taupin
215    $a 1 vol. (360 p.-[8] p. de pl.) $c ill. en coul. $d 24 cm
300    $a Bibliogr. p. 307-344. Index
330    $a L'auteur aborde le sujet de l'alimentation par tous les prismes, aussi bien son aspect nutritionnel, social, politique, économique, culturel, symbolique ou spirituel. ­Electre 2019
339    $a m
606    $3 13318298 $9 10912 $a Alimentation $3 11934444 $9 494 $x Histoire $2 rameau
676    $a 363.809 $v 23
686    $a 300 $2 Cadre de classement de la Bibliographie nationale française
700    $3 11889358 $9 3335 $o ISNI0000000121457649 $a Attali $b Jacques $f 1943-.... $4 070
801  0 $a FR $b FR-751131015 $c 20190417 $g AFNOR $h FRBNF457130810000008 $2 intermrc
999    $a FRBNF457130810000008
995    $0 0 $2 0 $4 0 $5 2019-07-26 $9 397092 $b MED $c MED $e MED1A $f C2300009093 $h AAPPLCB $k Doc./640 HIS $o 0 $p 20.90 $r PRETLIV $s DOC___640_000000000000000_HIS $w 14 $y 2023-07-05

