03757cam a2200457   4500
001 319458
003 http://www.mediathequederoubaix.fr/ark:/20179/KH319458
010    $a 978-2-410-00149-5 $b br. $d 7,90 EUR
020    $a FR $b 01708612
033    $a http://catalogue.bnf.fr/ark:/12148/cb45172026z
035    $a FRBNF451720260000007
073  0 $a 9782410001495
090    $a 319458
091    $a 2 $b 20240511 $c 1
099    $t LI $x 25 $d 2024-05-11 $c 2019-07-25
100    $a 20161207d2016    a  y0frey50      ba
101 0  $a fre
102    $a FR
105    $a ||||z   00|a|
106    $a r
181  0 $6 01 $a i  $b xxxe   $a b  $b xb2e  
181    $6 02 $c txt $c sti $2 rdacontent
182  0 $6 01 $a n
182    $6 02 $c n $2 rdamedia
200 1  $a La console ensorcelée $b Texte imprimé $f Olivier Muller, Clotka
210    $a [Paris] $c Belin $d DL 2016 $e 42-Saint-Just-la-Pendue $g Impr. Chirat
215    $a 1 vol. (47 p.) $c ill. en coul. $d 19 cm
225    $a Colibri $e niveau 3
321    $a La Revue des livres pour enfants $x 0398-8384 $c 293
329    $c Intéressant $a Belin est un éditeur reconnu pour ses publications dans le domaine éducatif et pour son secteur jeunesse. Il innove en créant une collection, « Colibri - l'ami des DYS » [24 titres sont prévus], qui propose aux jeunes enfants souffrant de DYS (dyslexie, dysorthographie, dysphasie, dyspraxie... soit environ 5 % d'une classe d'âge) une entrée facilitée et accompagnée dans la lecture. Pour cette collection ambitieuse une charte d'écriture a été mise en place : mots et phrases simples, chaque ouvrage étant consacré à un ou deux graphème(s) (lettres transcrivant un son) ; ainsi qu'une charte graphique : interlignages et espacements plus grands, et impression sur un papier blanc cassé moins fatigant pour les yeux. Enfin, et c'est à souligner, les histoires sont écrites par des auteurs reconnus en littérature de jeunesse. La collection se présente en 4 niveaux de lecture, avec une progression dans la difficulté des graphèmes- phonèmes et le calibrage des textes (de 3 000 à 9 000 signes). Dans La Console ensorcelée, Olivier Muller joue avec le son « s ». Hortense succombe à la tentation d'avoir une console gratuite et tombe dans un piège diabolique. Cette collection, qui devrait aider les enfants atteints de dys, peut aussi être proposée aux lecteurs débutants qui bénéficieront ici d'une aide appréciable pour faire leurs premiers pas en lecture autonome, car au-delà du projet, les histoires sont agréables à découvrir. $d 20170201 $f AE $2 CNLJ $k Avis critique donné par le Centre national de la littérature pour la jeunesse
330    $a Un étrange vendeur propose à Hortense de tester une console de jeux. Mais à chaque fois qu'elle perd une partie, la jeune fille devient de plus en plus transparente. Avec une police de caractères adaptée aux enfants dyslexiques et un dossier pour vérifier la compréhension de l'histoire. ­Electre 2019
333    $a À partir de 6 ans $2 CNLJ $k Avis critique donné par le Centre national de la littérature pour la jeunesse
339    $a a
410  0 $0 45196531 $t Colibri (Paris) $x 2551-8674 $d 2016
608    $a Premières lectures $2 CNLJ $k Avis critique donné par le Centre national de la littérature pour la jeunesse
686    $a 809 $2 Cadre de classement de la Bibliographie nationale française
700    $3 13777353 $9 93175 $o ISNI0000000000867035 $a Muller $b Olivier $f 1973-.... $4 070
701    $3 15582027 $9 103044 $o ISNI0000000005294045 $a Clotka $f 1981-.... $4 070
801  0 $a FR $b FR-751131015 $c 20161207 $g AFNOR $h FRBNF451720260000007 $2 intermrc
999    $a FRBNF451720260000007
995    $0 0 $2 0 $4 0 $5 2019-07-26 $9 397084 $b MED $c MED $e MED2A $f C2500014286 $h JDTDYZZ $k DYS $o 0 $p 7.90 $r PRETLIV $s DYS $w 25 $y 2024-03-27

