01951cam a2200421   4500
001 319581
003 http://www.mediathequederoubaix.fr/ark:/20179/KH319581
010    $a 978-2-8126-1833-8 $b br. $d 23 EUR
020    $a FR $b 01955692
033    $a http://catalogue.bnf.fr/ark:/12148/cb45767538c
035    $a FRBNF457675380000000
073  0 $a 9782812618338
090    $a 319581
091    $a 2 $b 20240511 $c 1
099    $t LI $x 22 $d 2024-05-11 $c 2019-08-10
100    $a 20190711d2019    m  y0frey50      ba
101 0  $a fre
102    $a FR
105    $a ||||z   00|a|
106    $a r
181  0 $6 01 $a i  $b xxxe  
181    $6 02 $c txt $2 rdacontent
182  0 $6 01 $a n
182    $6 02 $c n $2 rdamedia
200 1  $a Forêt-Furieuse $b Texte imprimé $f Sylvain Pattieu
210    $e 14-CONDÉ-EN-NORMANDIE $g Impr. Corlet Imprimeur $a Arles $c Éditions du Rouergue $d 2019
214  0 $a [Arles] $c Rouergue $d DL 2019
214  3 $a 14-Condé-en-Normandie $c Impr. Corlet
215    $a 1 vol. (652 p.) $d 21 cm
225    $a La brune au Rouergue
330    $a A une époque indéterminée, des enfants rescapés d'une guerre sont abrités dans une institution en lisière d'une forêt. Plus habitués à la menace qu'à la tendresse, ils reproduisent entre eux la violence qu'ils ont connue. Alors que les plaies de la guerre commencent à se panser, la terreur les rattrape quand le village proche est attaqué par des ogres aux grands couteaux. ­Electre 2019
339    $a m
410  0 $0 36591112 $t La Brune (Rodez) $x 1290-6514 $d 2019
686    $a 803 $2 Cadre de classement de la Bibliographie nationale française
700    $3 14416300 $9 81126 $o ISNI0000000076935831 $a Pattieu $b Sylvain $f 1979-.... $4 070
801  0 $a FR $b FR-751131015 $c 20190711 $g AFNOR $h FRBNF457675380000000 $2 intermrc
999    $a FRBNF457675380000000
995    $0 0 $2 0 $4 0 $5 2019-08-10 $9 397318 $b MED $c MED $e MED1A $f C1400006481 $h ALTROZZ $k R/PAT $o 0 $p 23.00 $r PRETLIV $s R_PAT $u coup de coeur $w 22 $y 2024-02-27 $A 0

