00896njm a22002173  4500
001 319687
003 http://www.mediathequederoubaix.fr/ark:/20179/KH319687
073    $a 731453243729
090    $a 319687
091    $a 1 $b 20240511 $c 0
099    $t DC $x 1 $d 2024-05-11 $c 2019-08-14
100    $a 20190814d1996    u||y0frey50      ba
101    $a fre
200    $a Reminiscing $b Enr. sonore $f Orchestre National de Jazz $g Laurent Cugny
210    $d P 1996
215    $a 1 d.c. $d 12 cm
327    $a Blues for smack $a Free at last $a Reminiscing $a Tchernobyl : 2 ? $a O.T. $a Salamero $a Un rêve de tortue $a L'âge de Noé $a Minuit moins $a Stomp for smack
702    $a Cugny $b Laurent $f 1955-....
710    $a Orchestre national de jazz $c Paris
801    $a FR $b 595126101 $c 20190814 $g AFNOR
995    $0 0 $2 0 $4 0 $5 2019-08-14 $9 397472 $b MED $c MED $e MED1A $f C0001563027 $h AMV13ZZ $k DC/1 ORC $o 0 $r PRETSON $s DC_1_000000000000000_ORC $w 1 $y 2020-11-28

