02479cam1a2200577 i 4500
001 319793
003 http://www.mediathequederoubaix.fr/ark:/20179/KH319793
005 20240519055705.0
010    $a 978-2-317-02061-2 $b br. $d 18,95 EUR
073  0 $a 9782317020612
090    $a 319793
100    $a 20190226d2019    m  |0frey5003||||ba
101 1  $a fre $c jpn
102    $a FR
105    $a         0||y|
106    $a r
181  0 $6 01 $a i  $b xxxe   $a b  $b xb2e  
181    $6 02 $c txt $c sti $2 rdacontent
182  0 $6 01 $a n
182    $6 02 $c n $2 rdamedia
200 1  $a Sacs & paniers au crochet $b Texte imprimé $e toute la technique expliquée et 30 modèles à crocheter $f Noriko Libuchi,  Inko Kotoriyama, Mie Takechi et al. $g traduit du japonais par Géraldine Oudin
210    $a Paris $c Mango $d 2019
211    $a 20190621
215    $a 1 vol. (112 p.) $c illustrations en noir et en couleur $d 24 x 20 cm
219  0 $a Paris $c Mango $d 2019
225 2  $a Atelier maille
225 2  $a Art du fil
330    $a Trente modèles de sacs, de paniers, de pochettes, de cabas et de minaudières à réaliser en crochet, avec des explications en pas à pas. ­Electre 2019
333    $a Tout public
345    $b 9782317020612
410  0 $6 351749 $t Atelier maille
410  0 $6 342786 $t Art du fil
606    $3 14550405 $9 75027 $7 ba0yba0y $8 fre    $a Sacs $3 11976167 $9 3372 $x Manuels d'amateurs $2 rameau $9 75027
606    $3 12160446 $9 325522 $7 ba0yba0y $8 fre    $a Travail du raphia $3 11976167 $9 3372 $x Manuels d'amateurs $2 rameau $9 325522
606    $3 11933707 $9 49055 $7 ba0yba0y $8 fre    $a Travaux au crochet $3 11976167 $9 3372 $x Manuels d'amateurs $2 rameau $9 49055
676    $a 746.43 $v 23
686    $a T330101 $2 electre
686    $a GOPV001 $2 electre
686    $a PG0100 $2 electre
702    $3 16573310 $6 11334952 $7 ba0yba0y $8 fre    $a Oudin $b Géraldine $4 730 $9 112970
801  3 $a FR $b Electre $c 20190714 $g AFNOR
830    $a ELECTREA/CI/1907commande700 20190830
902    $a Grand public - Tout public
903    $a Loisirs et temps libre (activités créatrices et culturelles) - Activités créatrices - Fils et mailles
903    $a Ouvrages pratiques - Conseils pratiques
947    $c 18.95 $a 18.95
969    $a  1 $h 1
099    $t LI $x 24 $d 2024-05-19 $c 2019-08-30
339    $a m
091    $a 2 $b 20240519 $c 0
995    $0 0 $2 0 $4 0 $5 2019-08-31 $9 397976 $b MED $c MED $e MED1A $f C1400006626 $h AAPATLC $k Doc./701 CRO $n 2024-06-06 $o 0 $p 18.95 $r PRETLIV $s DOC___701_000000000000000_CRO $w 24 $y 2024-05-16

