02298njm0a2200397   4500
001 319900
003 http://www.mediathequederoubaix.fr/ark:/20179/KH319900
071 01 $a 3367462 $b 4AD
073  0 $a 0191400010222
090    $a 319900
091    $a 1 $b 20240511 $c 0
099    $t DC $x 11 $d 2024-05-11 $c 2019-09-03
100    $a 20190827d2019    u  y0frey5003    ba
101 0  $a eng
127    $a 004100
200 1  $a Designer $b [enr. sonore] $f Aldous Harding, comp., chant, guit.
210    $a Londres $c 4AD $d 2019
215    $a 1 CD (41 min) $e 1 dépliant
300    $a Textes des chansons
327 1  $a Fixture picture $a Designer $a Zoo eyes $a Treasure $a The barrel $a Damn $a Weight of the planets $a Heaven is empty $a Pilot
330    $a Après le succès de son deuxième album (Party) et une tournée internationale d'une centaine de dates, Aldous Harding a rapidement pris le chemin du studio d'enregistrement avec le grand John Parish à ses côtés une nouvelle fois pour faire naître les 10 titres qui composent cet opus. Les participations de Huw Evans (H. Hawkline), de Stephen Black (Sweet Baboo), du batteur Gwion Llewelyn et de la violoniste Clare Mactaggart viennent compléter les compositions riches et intemporelles d'Harding.
334    $a Télérama No.3615 p.64 du 24/04/2019 $b 2/4
334    $a Inrockuptibles No.1225 p.60 du 22/05/2019
334    $a Magic No.214 p.16 du 24/04/2019 $b 6/6
345    $a GAM $b 0191400010222 $c disque compact $d 14,07 E
610    $a Pop ' indie '
679    $a 2
700  1 $a Harding $b Aldous $f 1990-.... $4 230
801  0 $a FR $b GAM $c 20190827 $g AFNOR
856 4  $u https://www.gamannecy.com/upload/albums/201903/0191400010222_thumb.jpg
856 4  $u https://www.gamannecy.com/polysson/201904/01-0191400010222.mp3 $z Fixture picture
856 4  $u https://www.gamannecy.com/polysson/201904/02-0191400010222.mp3 $z Designer
856 4  $u https://www.gamannecy.com/polysson/201904/03-0191400010222.mp3 $z Zoo eyes
856 4  $u https://www.gamannecy.com/polysson/201904/04-0191400010222.mp3 $z Treasure
856 4  $u https://www.gamannecy.com/polysson/201904/05-0191400010222.mp3 $z The barrel
995    $0 0 $2 0 $4 0 $5 2019-10-15 $9 400101 $b MED $c MED $e MED1A $f C3100006445 $h AMV20ZZ $k DC/2 HAR $l contient 1 DC + 1 dépliant $o 0 $p 14.08 $r PRETSON $s DC_2_000000000000000_HAR $w 11 $y 2022-03-18

