02183cam a2200481   4500
001 320025
003 http://www.mediathequederoubaix.fr/ark:/20179/KH320025
010    $a 978-2-200-62334-0 $b br. $d 45 EUR
020    $a FR $b 01938952
033    $a http://catalogue.bnf.fr/ark:/12148/cb45723481f
035    $a FRBNF457234810000003
073  0 $a 9782200623340
090    $a 320025
091    $a 2 $b 20240511 $c 1
099    $t LI $d 2024-05-11 $c 2019-09-05
100    $a 20190507d2019    m  y0frey50      ba
101 0  $a fre
102    $a FR
105    $a ||||e   00|y|
106    $a r
181  0 $6 01 $a i  $b xxxe  
181    $6 02 $c txt $2 rdacontent
182  0 $6 01 $a n
182    $6 02 $c n $2 rdamedia
200 1  $a Dictionnaire du théâtre $b Texte imprimé $f Patrice Pavis $g préface d'Anne Ubersfeld
205    $a 4e éd. augmentée
210    $e 95-Domont $g Dupli-print $a Malakoff $c Armand Colin $d 2019
214  0 $a Malakoff $c Armand Colin $d 2019
214  3 $a 95-Domont $c Dupli-print
215    $a 1 vol. (697 p.) $d 24 cm
300    $a Bibliogr. p. 655-680. Index
330    $a Dictionnaire encyclopédique illustré d'exemples abordant les questions de dramaturgie, d'esthétique, de sémiologie et d'anthropologie théâtrales. Les articles présentent une définition générale, différentes théories admises ou existantes ainsi que des précisions techniques ou professionnelles. ­Electre 2019
339    $a m
606    $3 13162689 $9 7470 $a Théâtre $2 rameau
606    $3 11939701 $9 138 $a Théâtre (genre littéraire) $2 rameau
608    $3 11931877 $9 2172 $a Dictionnaires $2 rameau
608    $a Ouvrages de référence $2 CNLJ $k Avis critique donné par le Centre national de la littérature pour la jeunesse
676    $a 792.03 $v 23
686    $a 792 $2 Cadre de classement de la Bibliographie nationale française
700    $3 11918855 $9 36379 $o ISNI000000012096784X $a Pavis $b Patrice $f 1947-.... $4 070
801  0 $a FR $b FR-751131015 $c 20190507 $g AFNOR $h FRBNF457234810000003 $2 intermrc
999    $a FRBNF457234810000003
995    $0 0 $2 0 $4 0 $5 2019-09-24 $9 399033 $b MED $c MED $e MED2B $f C3200017350 $h ACFUEZZ $k U ETUD/792 PAV $o 2 $p 50.00 $r PRETLIV $s U_ETUD_792_000000000000000_PAV $w 0 $y 2019-09-24

