01897cam1a2200445 i 4500
001 320148
003 http://www.mediathequederoubaix.fr/ark:/20179/KH320148
005 20240511030548.0
010    $a 9782207142301 $b br. $d 19,90 EUR
073  0 $a 9782207142301
090    $a 320148
100    $a 20190515d2019    |  |0frey5003||||ba
101 1  $a fre $c ita
102    $a FR
105    $a         0||a|
106    $a r
181  0 $6 01 $a i  $b xxxe  
181    $6 02 $c txt $2 rdacontent
182  0 $6 01 $a n
182    $6 02 $c n $2 rdamedia
200 1  $a L'été meurt jeune $b Texte imprimé $e roman $f Mirko Sabatino $g traduit de l'italien par Lise Caillat
210    $a Paris $c Denoël $d 2019
211    $a 20190822
215    $a 1 vol. (279 p.) $d 21 x 14 cm
219  0 $a Paris $c Denoël $d 2019
225 2  $a Et d'ailleurs $x 1623-0949
330    $a Italie, 1963, dans un petit village des Pouilles. Primo, Mimmo et Damiano, âgés de 12 ans, sont des amis inséparables. Déjà tributaires d'un passé familial difficile, les garçons subissent le harcèlement d'une bande d'ados. Suite à une rixe violente, ils font un pacte de sang : si l'un d'eux ou un de leurs proches est victime d'une agression, ils se vengeront. Premier roman. ­Electre 2019
345    $b 9782207142301
410  0 $0 37123479 $6 32248 $7 4196670000 $t Et d'ailleurs $x 1623-0949
676    $a 853 $v 23
686    $a T321002 $2 electre
686    $a GLEC001 $2 electre
700  1 $3 17806228 $9 323780 $6 12076489 $a Sabatino $b Mirko $f 1978-.... $4 070
702    $3 15532652 $6 1109509 $7 ba0yba0y $8 fre    $a Caillat $b Lise $4 730 $9 102417
801  3 $a FR $b Electre $c 20190827 $g AFNOR
830    $a ELECTREA/DB/190719/CdeLit10 20190910
099    $t LI $x 13 $d 2024-05-11 $c 2019-09-10
339    $a m
091    $a 2 $b 20240511 $c 0
995    $0 0 $2 0 $4 0 $5 2019-09-10 $9 398354 $b MED $c MED $e MED1A $f C1400006687 $h ALTROZZ $k R/SAB $o 0 $p 19.90 $r PRETLIV $s R_SAB $w 13 $y 2021-03-04 $A 0

