01870cam2a2200433 i 4500
001 320297
003 http://www.mediathequederoubaix.fr/ark:/20179/KH320297
005 20240511030641.0
010    $a 978-2-505-06880-8 $b cart. $d 14 EUR
073  0 $a 9782505068808
090    $a 320297
100    $a 20190430d2019    |  |0frey5003||||ba
101 0  $a fre
102    $a BE
105    $a         0||y|
106    $a r
181  0 $6 01 $a i  $b xxxe   $a b  $b xb2e  
181    $6 02 $c txt $c sti $2 rdacontent
182  0 $6 01 $a n
182    $6 02 $c n $2 rdamedia
200 1  $a The XIII history $b Texte imprimé $e une enquête de Danny Finkelstein $f scénario Y. Sente $g dessin I. Jigounov
210    $a Bruxelles $c Dargaud $d 2019
211    $a 20190830
215    $a 1 vol. (64 p.) $c illustrations en couleur $d 30 x 24 cm
219  0 $a Bruxelles $c Dargaud $d 2019
225 1  $a XIII $v 25
300    $a En français
330    $a Danny Finkelstein prépare un article explosif. Ses découvertes promettent de mettre à mal l'image idéalisée des origines des Etats-Unis et de ses premiers colons. Alors que la réputation de certains dirigeants actuels et de candidats à la présidence risque d'être brisée, Dany doit rester vigilant car des espions, désireux de tuer cette histoire dans l'oeuf, rôdent. ­Electre 2019
345    $b 9782505068808
461  0 $6 88462 $t XIII $v 25
676    $a 741.56 $v 23
686    $a T090208 $2 electre
700    $3 13552854 $6 1391997 $7 ba0yba0y $8 fre    $a Sente $b Yves $f 1964-.... $4 070 $9 72264
701  1 $6 1343489 $7 9450000165 $a Jigounov $b Iouri $4 440
801  3 $a FR $b Electre $c 20190905 $g AFNOR
099    $t LI $x 6 $d 2024-05-11 $c 2019-09-14
339    $a m
091    $a 2 $b 20240511 $c 0
995    $0 0 $2 0 $4 0 $5 2019-09-18 $9 398671 $b MED $c MED $e MED0C $f C2300009246 $h AAPBDDC $k Doc./808.8 PER $n 2024-05-31 $o 0 $p 13.99 $r PRETLIV $s DOC___808_800000000000000_PER $w 6 $y 2024-05-10

