02193cam1a2200553 i 4500
001 320416
003 http://www.mediathequederoubaix.fr/ark:/20179/KH320416
005 20240511030731.0
010    $a 978-2-501-14204-5 $b br. $d 10,90 EUR
073  0 $a 9782501142045
090    $a 320416
100    $a 20190213d2019    m  |0frey5003||||ba
101 0  $a fre
102    $a BE
105    $a         0||y|
106    $a r
181  0 $6 01 $a i  $b xxxe   $a b  $b xb2e  
181    $6 02 $c txt $c sti $2 rdacontent
182  0 $6 01 $a n
182    $6 02 $c n $2 rdamedia
200 1  $a Sacs & pochettes en macramé $b Texte imprimé $e plus de 20 modèles à créer avec des noeuds $f Chizu Takuma $g photographies Maisuke Yoshida
210    $a Paris $c Marabout $d 2019
211    $a 20190710
215    $a 1 vol. (95 p.) $c illustrations en couleur $d 25 x 21 cm
219  0 $a Paris $c Marabout $d 2019
225 2  $a Marabout d'ficelle $x 1775-688X
300    $a Traduit du japonais
330    $a Des explications pour créer 21 accessoires de mode en macramé comme des filets, des cabas et des ceintures. ­Electre 2019
333    $a Tout public
345    $b 9782501142045
410  0 $0 40013182 $6 47134 $7 4368070000 $t Marabout d'ficelle $x 1775-688X
606    $3 11936023 $9 87984 $7 ba0yba0y $8 fre    $a Macramé $3 11976167 $9 3372 $x Manuels d'amateurs $2 rameau $9 87984
676    $a 746.42 $v 23
686    $a T330101 $2 electre
686    $a GOPV001 $2 electre
686    $a PG0100 $2 electre
700  1 $3 17828581 $9 323844 $6 12094744 $a Takuma $b Chizu $4 070
702  1 $3 17828586 $9 323845 $6 12094745 $a Yoshida $b Maisuke $4 600
801  3 $a FR $b Electre $c 20190908 $g AFNOR
830    $a ELECTREA/CI/1908commande700 20190917
902    $a Grand public - Tout public
903    $a Loisirs et temps libre (activités créatrices et culturelles) - Activités créatrices - Fils et mailles
903    $a Ouvrages pratiques - Conseils pratiques
947    $c 10.90 $a 10.90
969    $a  1 $h 1
099    $t LI $x 9 $d 2024-05-11 $c 2019-09-17
339    $a m
091    $a 2 $b 20240511 $c 0
995    $0 0 $2 0 $4 0 $5 2019-09-19 $9 398793 $b MED $c MED $e MED1A $f C1400006848 $h AAPATLC $k Doc./706 XYZ $o 0 $p 10.90 $r PRETLIV $s DOC___706_000000000000000_XYZ $w 9 $y 2023-12-23

