02850cam a2200445   4500
001 320524
003 http://www.mediathequederoubaix.fr/ark:/20179/KH320524
010    $a 978-2-36624-177-8 $b br. $d 9 EUR
020    $a FR $b 01574147
033    $a http://catalogue.bnf.fr/ark:/12148/cb444511008
035    $a FRBNF444511000000000
073  0 $a 9782366241778
090    $a 320524
091    $a 2 $b 20240511 $c 1
099    $t LI $x 7 $d 2024-05-11 $c 2019-09-24
100    $a 20151113d2015    a  y0frey50      ba
101 1  $a fre $c swe
102    $a FR
105    $a ||||z   00|a|
106    $a r
181  0 $6 01 $a i  $b xxxe  
181    $6 02 $c txt $2 rdacontent
182  0 $6 01 $a n
182    $6 02 $c n $2 rdamedia
200 1  $a Petit ventre $b Texte imprimé $f Emma Adbåge $g [traduit du suédois par Aude Pasquier]
210    $a Paris $c Cambourakis $d DL 2015 $e impr. en Pologne
215    $a 1 vol. (non paginé [18] p.) $c ill. en coul. $d 16 cm
300    $a Livre cartonné
321    $a La Revue des livres pour enfants $x 0398-8384 $c 288
329    $c Pourquoi pas ? $a Suite de la série entamée avec Petits pieds et Petit nez. Même petit format carré tout carton, mêmes illustrations « naïves », même principe : explorer l'environnement immédiat du tout-petit, qui peu à peu découvre son corps. « Petites mains, qu'avez-vous fait aujourd'hui ? » « Nous avons touillé la bouillie, fait au revoir à maman, coupé couic » (les cheveux de la poupée), etc. S'ils gardent en partie leur charme et leur fraîcheur, ces deux volumes sont un peu moins réussis que les précédents. Pour Petit ventre, la couverture montre les deux enfants sur les genoux de leur mère, les deux mains sur son ventre nu. On attend donc qu'il se passe quelque chose à l'intérieur et puis... rien du tout. Dommage.  $d 20160401 $f MP $2 CNLJ $k Avis critique donné par le Centre national de la littérature pour la jeunesse
330    $a Le ventre d'un enfant est mis en scène dans diverses situations de la vie courante : être chatouillé, prendre un bain moussant, avoir mal, gargouiller, etc. ­Electre 2019
333    $a De 0 à 3 ans $2 CNLJ $k Avis critique donné par le Centre national de la littérature pour la jeunesse
339    $a a
608    $a Albums $2 CNLJ $k Avis critique donné par le Centre national de la littérature pour la jeunesse
686    $a 809 $2 Cadre de classement de la Bibliographie nationale française
700    $3 16738010 $9 103536 $o ISNI0000000052733274 $a Adbåge $b Emma $f 1982-.... $4 070
702    $3 15831362 $9 97785 $o ISNI0000000383743151 $a Pasquier $b Aude $f 1981-.... $4 730
801  0 $a FR $b FR-751131015 $c 20151113 $g AFNOR $h FRBNF444511000000000 $2 intermrc
999    $a FRBNF444511000000000
995    $0 0 $2 0 $4 0 $5 2019-09-25 $9 399069 $b MED $c MED $e MED0A $f C3500010194 $h JABPFAF $k EXT PE A/ADB $n 2024-10-11 $o 0 $p 9.00 $r PRETLIV $s EXT_PE_A_ADB $w 7 $y 2024-02-14 $A 0

