03552cam a2200541   4500
001 320628
003 http://www.mediathequederoubaix.fr/ark:/20179/KH320628
010    $a 978-2-215-13791-7 $b rel. $d 14,95 EUR
020    $a FR $b 01931413
033    $a http://catalogue.bnf.fr/ark:/12148/cb45657026m
035    $a FRBNF456570260000006
073  0 $a 9782215137917
090    $a 320628
091    $a 2 $b 20240511 $c 1
099    $t LI $x 19 $d 2024-05-11 $c 2019-09-27
100    $a 20190124d2019    a  y0frey50      ba
101 0  $a fre
102    $a FR
105    $a ||||z   00|y|
106    $a r
181  0 $6 01 $a i  $b xxxe   $a b  $b xb2e  
181    $6 02 $c txt $c sti $2 rdacontent
182  0 $6 01 $a n
182    $6 02 $c n $2 rdamedia
200 1  $a Quand l'éléphant écoute avec ses pieds $b Texte imprimé $f [texte,] Emmanuelle Grundmann $g [illustrations,] Clémence Dupont
210    $e impr. en Chine $a Paris $c Fleurus $d DL 2019
214  0 $a Paris $c Fleurus $d DL 2019
214  3 $a impr. en Chine
215    $a 1 vol. (27 p. dont [8] f. dépl.) $c ill. en coul. $d 26 cm
225    $a Pareil pas pareil
300    $a Index
321    $a La Revue des livres pour enfants $x 0398-8384 $c 306
329    $c Intéressant $a L'homme est-il le seul à posséder cinq sens, à toucher, à goûter, à sentir, voir et écouter ? La taupe dorée peut-elle voir alors qu'elle est dépourvue d'yeux et d'oreilles ? Comment fait l'éléphant pour entendre ses congénères éloignés ? Quand certains n'utilisent qu'un ou deux sens, particulièrement développés, d'autres font appel à des capacités que nous, les humains, n'avons pas, comme la production d'ultrasons par exemple. À travers des dizaines d'exemples bien expliqués, complétés par quelques notions de biologie animale, ce documentaire sympathique nous fait découvrir des animaux surprenants, qui ont su s'adapter à leur environnement. L'index de fin d'ouvrage, qui répertorie tous les animaux par classe, complète parfaitement l'ensemble. $d 20190401 $f MURO $2 CNLJ $k Avis critique donné par le Centre national de la littérature pour la jeunesse
330    $a Un ouvrage sur les différents sens dans le monde animal. Les multiples manières de goûter, de voir, de sentir, de toucher, d'entendre, d'éprouver la douleur ou encore de séduire son ou sa partenaire sont décrites chez les mammifères, les oiseaux, les reptiles, les mollusques et les insectes. ­Electre 2019
333    $a À partir de 6 ans $2 CNLJ $k Avis critique donné par le Centre national de la littérature pour la jeunesse
339    $a a
410  0 $0 45727584 $t Pareil pas pareil $d 2019
606    $3 11932869 $9 17630 $a Animaux $3 11965410 $9 54375 $x Organes des sens $2 rameau
606    $3 11932870 $9 3766 $a Comportement animal $2 rameau
608    $3 12042408 $9 314947 $a Ouvrages pour la jeunesse $2 rameau
608    $a Documentaires : sciences et techniques $2 CNLJ $k Avis critique donné par le Centre national de la littérature pour la jeunesse
676    $a 573.870 83 $v 23
686    $a 570 $2 Cadre de classement de la Bibliographie nationale française
700    $3 14457030 $9 69042 $o ISNI0000000121375563 $a Grundmann $b Emmanuelle $f 1973-.... $4 070
702    $3 17138216 $9 278873 $o ISNI0000000460889251 $a Dupont $b Clémence $f 1993-.... $4 440
801  0 $a FR $b FR-751131015 $c 20190124 $g AFNOR $h FRBNF456570260000006 $2 intermrc
999    $a FRBNF456570260000006
995    $0 0 $2 0 $4 0 $5 2019-09-28 $9 399326 $b MED $c MED $e MED0A $f C3500010337 $h JDT50ZZ $k EXT E/591 ABC $n 2024-06-27 $o 0 $p 14.95 $r PRETLIV $s EXT_E_591_000000000000000_ABC $w 19 $y 2024-04-17 $8 MA021 $A 0

