02448cam1a2200577 i 4500
001 320739
003 http://www.mediathequederoubaix.fr/ark:/20179/KH320739
005 20240511031625.0
010    $a 978-2-340-02940-8 $b br. $d 14,50 EUR
073  0 $a 9782340029408
090    $a 320739
100    $a 20181102d2019    m  |0frey5003||||ba
101 0  $a fre
102    $a FR
105    $a         0||y|
106    $a r
181  0 $6 01 $a i  $b xxxe  
181    $6 02 $c txt $2 rdacontent
182  0 $6 01 $a n
182    $6 02 $c n $2 rdamedia
200 1  $a L'infertilité du couple $b Texte imprimé $e 100 questions-réponses $e questions de patients, réponses de médecin $f Jean-Marie Antoine
210    $a Paris $c Ellipses $d 2019
211    $a 20190312
215    $a 1 vol. (185 p.) $d 21 x 15 cm
219  0 $a Paris $c Ellipses $d 2019
225 2  $a 100 questions-réponses
330    $a Des réponses aux questions les plus fréquentes des couples infertiles, afin de leur permettre de comprendre les problèmes à l'origine de la stérilité et les modalités d'accès à l'assistance médicale à la procréation ainsi que les alternatives possibles, en particulier l'adoption. ­Electre 2019
333    $a Tout public
345    $b 9782340029408
410  0 $6 297736 $t 100 questions-réponses
606    $3 11933318 $7 ba0yba0y $8 fre    $a Stérilité $2 rameau $9 92699
606    $3 11991308 $9 49950 $7 ba0yba0y $8 fre    $a Procréation médicalement assistée $3 11931476 $9 109 $y France $3 12432924 $9 2858 $z 1990-.... $2 rameau $9 49950
606    $3 11965493 $9 41322 $7 ba0yba0y $8 fre    $a Adoption $3 11931476 $9 109 $y France $3 12432924 $9 2858 $z 1990-.... $2 rameau $9 41322
676    $a 613.94 $v 23
686    $a T220303 $2 electre
686    $a GDOC002 $2 electre
686    $a PG0100 $2 electre
700  1 $3 12190132 $9 312213 $6 132850 $7 2002180062 $a Antoine $b Jean-Marie $f 1953-.... $4 070
801  3 $a FR $b Electre $c 20190530 $g AFNOR
830    $a ELECTREA/PS/Cde4 20191002
902    $a Grand public - Tout public
903    $a Famille et vie pratique - Vie familiale - Naissance et maternité
903    $a Documents, essais - Documents
921    $a reassort
939    $a 
947    $c 13.20 $a 14.50
969    $h  1 $a 1 $d  900
099    $t LI $d 2024-05-11 $x 2 $c 2019-10-02
339    $a m
091    $a 2 $b 20240511 $c 0
995    $0 0 $2 0 $4 0 $5 2019-11-08 $9 401507 $b MED $c MED $e MED1A $f C2300009464 $h AAPPLMS $k Doc./612.6 INF $o 0 $p 14.50 $r PRETLIV $s DOC___612_600000000000000_INF $w 3 $y 2023-03-30

