02345cam a2200469   4500
001 320851
003 http://www.mediathequederoubaix.fr/ark:/20179/KH320851
010    $a 978-2-07-285881-9 $b br. $d 3,20 EUR
020    $a FR $b 01961729
033    $a http://catalogue.bnf.fr/ark:/12148/cb45790250b
035    $a FRBNF457902500000008
073  0 $a 9782072858819
090    $a 320851
091    $a 2 $b 20240511 $c 1
099    $t LI $x 24 $d 2024-05-11 $c 2019-10-02
100    $a 20190823d2019    m  y0frey50      ba
101 0  $a fre
102    $a FR
105    $a ||||z   00|a|
106    $a r
181  0 $6 01 $a i  $b xxxe  
181    $6 02 $c txt $2 rdacontent
182  0 $6 01 $a n
182    $6 02 $c n $2 rdamedia
200 1  $a Les fleurs du mal $b Texte imprimé $f Charles Baudelaire $g dossier de Dominique Carlat $g avec la collaboration de Romain Lancrey-Javal
210    $a [Paris] $c Gallimard $d DL 2019
214  0 $a [Paris] $c Gallimard $d DL 2019
214  3 $a impr. en Espagne
215    $a 1 vol. (298 p.) $d 18 cm
225    $a Folio+ lycée $e bac 2020 $v 11
330    $a Composée de pièces et de poèmes, cette oeuvre s'inspire autant de la réalité que de l'idéal abstrait en célébrant des faits immondes et a priori sans valeur. Sa publication fut suivie d'un procès pour délit d'outrage à la morale publique. Le dossier propose des éléments d'histoire littéraire, un chapitre de grammaire, des explications de textes et des exercices pour préparer les épreuves du bac. ­Electre 2019
339    $a m
410  0 $0 45805588 $t Folio+ lycée $x 2680-0888 $v 11
410  0 $0 34234540 $t Collection Folio $x 0768-0732 $d 2019
500 11 $3 11947965 $9 276805 $a Les fleurs du mal $m français $2 lien automatique
686    $a 801 $2 Cadre de classement de la Bibliographie nationale française
700    $3 11890582 $9 451 $o ISNI0000000121221863 $a Baudelaire $b Charles $f 1821-1867 $4 070
702    $3 13207685 $9 113581 $o ISNI000000012139617X $a Carlat $b Dominique $f 1964-.... $4 340
801  0 $a FR $b FR-751131015 $c 20190823 $g AFNOR $h FRBNF457902500000008 $2 intermrc
999    $a FRBNF457902500000008
995    $0 0 $2 0 $4 0 $5 2019-10-02 $9 399544 $b MED $c MED $e MED1A $f C1400007137 $h ALTPOZZ $k P/BAU $n 2024-05-21 $o 0 $p 3.20 $r PRETLIV $s P_BAU $w 15 $y 2024-04-30 $A 0
995    $0 0 $2 0 $4 0 $5 2021-08-10 $9 430937 $b MED $c MED $e MED1A $f C1400010957 $h ALTPOZZ $k P/BAU $o 0 $r PRETLIV $s P_BAU $w 9 $y 2024-04-05 $A 0

