02082cam a2200445   4500
001 320958
003 http://www.mediathequederoubaix.fr/ark:/20179/KH320958
010    $a 979-10-363-1185-7 $b br. $d 12,90 EUR
020    $a FR $b 01966499
033    $a http://catalogue.bnf.fr/ark:/12148/cb45791783x
035    $a FRBNF457917830000000
073  0 $a 9791036311857
090    $a 320958
091    $a 0 $b 20221226 $c 1
099    $t LI $x 98 $d 2024-05-02 $c 2019-10-10
100    $a 20190827d2019    a  y0frey50      ba
101 0  $a fre
102    $a FR
105    $a ||||t   00|a|
106    $a r
181  0 $6 01 $a i  $b xxxe   $a b  $b xb2e  
181    $6 02 $c txt $c sti $2 rdacontent
182  0 $6 01 $a n
182    $6 02 $2 rdamedia
200 1  $a Le meilleur de Tom-Tom et Nana $b Texte imprimé $f scénarios, Jacqueline Cohen et Évelyne Reberg $g dessins, Bernadette Després $g couleurs, Catherine Viansson-Ponté, Virginie Péchard et Rémi Chaurand $i Méga-farces et mini-gaffes
210    $a TOULOUSE CEDEX 9 $c BD KIDS $d 2019
214  0 $a [Montrouge] $c BD kids $d DL 2019
214  3 $a impr. en Chine
215    $a 1 vol. (160 p.) $c ill. en coul. $d 23 cm $e 2 pl. de stickers
225 19 $a Le meilleur de Tom-Tom et Nana
330    $a Une compilation de seize histoires de Tom-Tom et Nana. ­Electre 2019
339    $a a
608    $a Bandes dessinées $2 CNLJ
686    $2 Cadre de classement de la Bibliographie nationale française
700    $3 11897190 $9 14755 $o ISNI0000000110245237 $a Cohen $b Jacqueline $f 1943-.... $4 070
701    $3 12012966 $9 8250 $o ISNI0000000071006099 $a Reberg $b Évelyne $f 1939-.... $4 070
702    $3 11899890 $9 14756 $o ISNI000000011024527X $a Després $b Bernadette $f 1941-.... $4 440
801  0 $a FR $b FR-751131015 $c 20190827 $g AFNOR $h FRBNF457917830000000 $2 intermrc
995    $0 0 $2 0 $4 0 $5 2019-10-10 $9 400036 $b MED $c MED $e MED2A $f C2500020948 $h JBDSRZZ $k E BD/SERIES $n 2024-06-13 $o 0 $p 6.90 $r PRETLIV $s E_BD_SERIES $w 54 $y 2024-05-02 $A 0
995    $0 0 $2 0 $4 0 $5 2021-01-27 $9 421659 $P 12.90 $b MED $c BUS $e MED2A $f C2500021317 $h JBDSRZZ $k E BD/SERIES $n 2024-05-28 $o 0 $p 12.90 $r PRETLIV $s E_BD_SERIES $w 44 $y 2024-04-03 $A 0

