02195cam1a2200493 i 4500
001 321072
003 http://www.mediathequederoubaix.fr/ark:/20179/KH321072
005 20240519055711.0
010    $a 978-2-311-20690-6 $b br. $d 17,90 EUR
073  0 $a 9782311206906
090    $a 321072
100    $a 20190425d2019    m  |0frey5003||||ba
101 0  $a fre
102    $a FR
105    $a         0||y|
106    $a r
181  0 $6 01 $a i  $b xxxe  
181    $6 02 $c txt $2 rdacontent
182  0 $6 01 $a n
182    $6 02 $c n $2 rdamedia
200 1  $a Auxiliaire de puériculture, entrée en IFAP $b Texte imprimé $e 1.200 tests d'aptitude $e concours 2020 $f Olivier Sorel, Sébastien Drevet
205    $a 10e édition
210    $a Paris $c Vuibert $d 2019
211    $a 20190821
215    $a 1 vol. (303 p.) $c illustrations en noir et en couleur $d 24 x 17 cm
219  0 $a Paris $c Vuibert $d 2019
304    $a IFAP = Institut de formation des auxiliaires de puériculture
330    $a Des conseils méthodologiques, un planning de révisions, des examens blancs et 1.200 tests de difficulté progressive pour préparer l'épreuve d'admissibilité. Avec un accès à dix tutoriels en ligne pour décrypter les tests d'aptitude. ­Electre 2019
333    $a Niveau 3e
345    $b 9782311206906
606    $3 12368697 $9 312381 $a Diplôme d'Etat d'auxiliaire de puériculture $2 rameau
606    $3 13175502 $7 ba0yba0y $8 fre    $a Auxiliaires de puériculture $3 11944035 $2 rameau $9 324040
606    $3 12532998 $9 105709 $7 ba0yba0y $8 fre    $a Écoles d'aides-soignants $3 11931476 $9 109 $y France $3 11977087 $9 32327 $x Examens d'entrée $2 rameau $9 105709
676    $a 610.730 698 $v 23
686    $a T190404 $2 electre
686    $a GOET002 $2 electre
686    $a PU0902 $2 electre
700    $3 16225125 $6 11347183 $7 ba0yba0y $8 fre    $a Sorel $b Olivier $f 1982-.... $4 070 $9 111589
701  1 $3 17080889 $9 312383 $6 11440114 $a Drevet $b Sébastien $4 070
801  3 $a FR $b Electre $c 20190823 $g AFNOR
099    $t LI $x 10 $d 2024-05-19 $c 2019-10-11
339    $a m
091    $a 2 $b 20240519 $c 0
995    $0 0 $2 0 $4 0 $5 2019-10-31 $9 401142 $b MED $c MED $e MED3A $f C2300009394 $h ACFRUZZ $k 033 SAN $o 0 $p 17.90 $r PRETLIV $s 033_000000000000000_SAN $w 10 $y 2023-02-28

