01875cam a2200433   4500
001 321181
003 http://www.mediathequederoubaix.fr/ark:/20179/KH321181
010    $a 978-2-226-40349-0 $b br. $d 5,90 EUR
020    $a FR $b 01872570
033    $a http://catalogue.bnf.fr/ark:/12148/cb45588683s
035    $a FRBNF455886830000008
073  0 $a 9782226403490
090    $a 321181
091    $a 2 $b 20240511 $c 1
099    $t LI $x 37 $d 2024-05-17 $c 2019-10-15
100    $a 20180927d2018    a  y0frey50      ba
101 0  $a fre
102    $a FR
105    $a ||||z   00|a|
106    $a r
181  0 $6 01 $a i  $b xxxe   $a b  $b xb2e  
181    $6 02 $c txt $c sti $2 rdacontent
182  0 $6 01 $a n
182    $6 02 $c n $2 rdamedia
200 1  $a La magie de Noël $b Texte imprimé $f Fabienne Blanchut, Caroline Hesnard
210    $e 85-Luçon $g Impr. Pollina $a Paris $c Albin Michel jeunesse $d DL 2018
214  0 $a Paris $c Albin Michel jeunesse $d DL 2018
214  3 $a 85-Luçon $c Impr. Pollina
215    $a 1 vol. (47 p.) $c ill. en coul. $d 20 cm
225 19 $a Emma et Loustic $v 8
330    $a Alors qu'elle s'affaire pour préparer Noël, Emma ne cesse de penser à son petit voisin Arthur, dont la vie ne ressemble pas à une fête. Elle décide de mobiliser tout le monde pour y remédier. ­Electre 2019
339    $a a
461  0 $0 45432358 $t Emma et Loustic $v 8
686    $a 809 $2 Cadre de classement de la Bibliographie nationale française
700    $3 14635513 $9 278151 $o ISNI0000000115567761 $a Blanchut $b Fabienne $f 1974-.... $4 070
701    $3 15532587 $9 107466 $o ISNI0000000385959757 $a Hesnard $b Caroline $f 1974-.... $4 070
801  0 $a FR $b FR-751131015 $c 20180927 $g AFNOR $h FRBNF455886830000008 $2 intermrc
999    $a FRBNF455886830000008
995    $0 0 $2 0 $4 0 $5 2019-10-24 $9 400692 $b MED $c MED $e MED2A $f C2500014973 $h JRORMZZ $k PRE R/BLA $n 2024-06-28 $o 0 $p 5.90 $r PRETLIV $s PRE_R_BLA $w 37 $y 2024-05-17

