01693cam a2200421   4500
001 321297
003 http://www.mediathequederoubaix.fr/ark:/20179/KH321297
010    $a 978-2-8126-1514-6 $b br. $d 18,80 EUR
020    $a FR $b 01836604
033    $a http://catalogue.bnf.fr/ark:/12148/cb45467355w
035    $a FRBNF454673550000002
073  0 $a 9782812615146
090    $a 321297
091    $a 2 $b 20240511 $c 1
099    $t LI $x 8 $d 2024-05-11 $c 2019-10-22
100    $a 20180316d2018    m  y0frey50      ba
101 0  $a fre
102    $a FR
105    $a ||||z   00|a|
106    $a r
181  0 $6 01 $a i  $b xxxe  
181    $6 02 $c txt $2 rdacontent
182  0 $6 01 $a n
182    $6 02 $c n $2 rdamedia
200 1  $a Les héroïnes de cinéma sont plus courageuses que moi $b Texte imprimé $f Guillaume Guéraud
210    $a [Arles] $c Éditions du Rouergue $d DL 2018 $e 46-Mercuès $g Impr. France Quercy
214  0 $a [Arles] $c Éditions du Rouergue $d DL 2018
214  3 $a 46-Mercuès $c Impr. France Quercy
215    $a 1 vol. (186 p.) $d 21 cm
225    $a La brune au Rouergue $e récit
330    $a 28 nouvelles qui sont autant de portraits de femmes liées à l'histoire du cinéma. ­Electre 2019
339    $a m
410  0 $0 36591112 $t La Brune (Rodez) $x 1290-6514 $d 2018
686    $a 803 $2 Cadre de classement de la Bibliographie nationale française
700    $3 13190363 $9 48142 $o ISNI0000000122825642 $a Guéraud $b Guillaume $f 1972-.... $4 070
801  0 $a FR $b FR-751131015 $c 20180316 $g AFNOR $h FRBNF454673550000002 $2 intermrc
999    $a FRBNF454673550000002
995    $0 0 $2 0 $4 0 $5 2019-10-22 $9 400438 $b MED $c MED $e MED1A $f C1400006938 $h ALTTCNV $k NVL/GUE $o 0 $p 18.80 $r PRETLIV $s NVL_GUE $w 8 $y 2023-07-11 $A 0

