01992cam1a2200469 i 4500
001 321400
003 http://www.mediathequederoubaix.fr/ark:/20179/KH321400
005 20240511033344.0
010    $a 978-2-36808-685-8 $b cart. $d 12,95 EUR
073  0 $a 9782368086858
090    $a 321400
100    $a 20190527d2019    b  |0frey5003||||ba
101 0  $a fre
102    $a FR
105    $a         0||y|
106    $a r
181  0 $6 01 $a i  $b xxxe   $a b  $b xb2e  
181    $6 02 $c txt $c sti $2 rdacontent
182  0 $6 01 $a n
182    $6 02 $c n $2 rdamedia
200 1  $a La mer veille $b Texte imprimé $f illustrations Tom Percival
210    $a Paris $c Kimane éditions $d 2019
211    $a 20190905
215    $a 1 vol. (32 p.) $c illustrations en couleur $d 26 x 29 cm
219  0 $a Paris $c Kimane éditions $d 2019
300    $a Traduit de l'anglais
330    $a Après avoir passé la journée à la plage, Sophia découvre qu'elle a perdu son doudou. La mer est le seul témoin de ce qui est arrivé à l'ours en peluche. Une histoire qui aborde des thèmes tels que le temps qui passe, le deuil et les objets évoquant les proches disparus. ­Electre 2019
333    $a A partir de 3 ans
345    $b 9782368086858
686    $a J000107 $2 electre
686    $a GJEU002 $2 electre
686    $a GJEU015 $2 electre
686    $a PJ0201 $2 electre
700  1 $3 16754755 $9 312517 $6 11377909 $a Percival $b Tom $4 440
801  3 $a FR $b Electre $c 20190906 $g AFNOR
830    $a ELECTREelise221019albums 20191023
856 4  $u https://www.electre.com/GetBlob.ashx?Ean=9782368086858,0-5975376&Size=Original
099    $t LI $x 42 $d 2024-05-11 $c 2019-10-23
339    $a a
091    $a 2 $b 20240511 $c 0
995    $0 0 $2 0 $4 0 $5 2019-10-25 $9 400929 $b MED $c MED $e MED2A $f C2500015304 $h JABPFAF $k PE A/PER $n 2024-05-11 $o 0 $p 12.95 $r PRETLIV $s PE_A_PER $w 39 $y 2024-04-20
995    $0 0 $2 0 $4 0 $5 2019-11-12 $9 401770 $P 12.95 $b MED $c MED $e MED0A $f C3500010573 $h JABEFAE $k EXT E A/PER $n 2024-07-11 $o 0 $p 12.95 $r PRETLIV $s EXT_E_A_PER $w 3 $y 2023-09-22 $A 0

