01838cam a2200445   4500
001 321509
003 http://www.mediathequederoubaix.fr/ark:/20179/KH321509
010    $a 979-10-251-0330-2 $b br. $d 8,50 EUR
020    $a FR $b 01939983
033    $a http://catalogue.bnf.fr/ark:/12148/cb45709174c
035    $a FRBNF457091740000002
073  0 $a 9791025103302
090    $a 321509
091    $a 2 $b 20240511 $c 1
099    $t LI $x 9 $d 2024-05-11 $c 2019-10-25
100    $a 20190411d2018    m  y0frey50      ba
101 0  $a fre
102    $a FR
105    $a ||||z   00|a|
106    $a r
181  0 $6 01 $a i  $b xxxe  
181    $6 02 $c txt $2 rdacontent
182  0 $6 01 $a n
182    $6 02 $c n $2 rdamedia
200 1  $a Un havre de paix $b Texte imprimé $e roman $f Stanislas Petrosky
210    $a Paris $c French pulp éditions $d DL 2018 $e 18-Saint-Amand-Montrond $g Impr. CPI Bussière
214  0 $a Paris $c French pulp éditions $d DL 2018
214  3 $a 18-Saint-Amand-Montrond $c Impr. CPI Bussière
215    $a 1 vol. (149 p.) $d 18 cm
225 19 $a L'embaumeur
225    $a Polar
330    $a William Petit est un flic infiltré dans la prison du Havre. Il est retrouvé mort, suicidé. Lorsque l'Embaumeur va chercher son corps, il trouve cette fin suspecte. Il entame une enquête. ­Electre 2019
339    $a m
410  0 $0 45190446 $t Polar (La Ferté-Loupière) $x 2551-5152 $d 2018
461  0 $0 45766355 $t L'embaumeur
686    $a 803 $2 Cadre de classement de la Bibliographie nationale française
700    $3 16959885 $9 344882 $o ISNI0000000449008249 $a Petrosky $b Stanislas $f 1970-.... $4 070
801  0 $a FR $b FR-751131015 $c 20190411 $g AFNOR $h FRBNF457091740000002 $2 intermrc
999    $a FRBNF457091740000002
995    $0 0 $2 0 $4 0 $5 2019-10-25 $9 400835 $b MED $c MED $e MED1A $f C1400007569 $h ALTROPL $k RP/PET $o 0 $p 8.50 $r PRETLIV $s RP_PET $w 9 $y 2021-02-18 $A 0

