02265cam1a2200481 i 4500
001 321622
003 http://www.mediathequederoubaix.fr/ark:/20179/KH321622
005 20240511033926.0
010    $a 978-2-348-04202-7 $b br. $d 25 EUR
073  0 $a 9782348042027
090    $a 321622
100    $a 20190429d2019    k  |0frey5003||||ba
101 1  $a fre $c eng
102    $a FR
105    $a         0||y|
106    $a r
181  0 $6 01 $a i  $b xxxe  
181    $6 02 $c txt $2 rdacontent
182  0 $6 01 $a n
182    $6 02 $c n $2 rdamedia
200 1  $a A la recherche des Phéniciens $b Texte imprimé $f Josephine Crawley Quinn $g traduit de l'anglais (Etats-Unis) par Philippe Pignarre $g préface de Corinne Bonnet
210    $a Paris $c La Découverte $d 2019
211    $a 20190829
215    $a 1 vol. (397 p.) $c illustrations en noir et blanc, cartes $d 24 x 16 cm
219  0 $a Paris $c La Découverte $d 2019
300    $a Bibliogr. Index
330    $a Se fondant sur les découvertes archéologiques les plus récentes mais également sur l'épigraphie, la numismatique et l'architecture, l'historienne fait un état des lieux des connaissances sur les Phéniciens, explorant successivement la langue, la religion, les colonies ainsi que l'influence régionale de Carthage. Elle montre ainsi que les Phéniciens n'ont jamais constitué un véritable peuple. ­Electre 2019
333    $a Public motivé
345    $b 9782348042027
606    $3 11954987 $9 14553 $7 ba0yba0y $8 fre    $a Phéniciens $3 11975677 $9 2729 $z Antiquité $2 rameau $9 14553
676    $a 939.44 $v 23
686    $a T230306 $2 electre
686    $a GTUE003 $2 electre
686    $a PS0100 $2 electre
700  1 $3 16764441 $9 312614 $6 11703121 $a Quinn $b Josephine Crawley $4 070
702    $3 12189487 $6 1298594 $7 ba0yba0y $8 fre    $a Pignarre $b Philippe $f 1952-.... $4 730 $9 31673
702    $3 12131987 $6 1187182 $7 ba0yba0y $8 fre    $a Bonnet $b Corinne $f 1959-.... $4 080 $9 307271
801  3 $a FR $b Electre $c 20190904 $g AFNOR
830    $a ELECTREa/AS/1910/OfficeOctobre 20191026
099    $t LI $x 1 $d 2024-05-11 $c 2019-10-26
339    $a m
091    $a 2 $b 20240511 $c 0
995    $0 0 $2 0 $4 0 $5 2019-12-10 $9 403472 $P 25.00 $b MED $c MED $e MED3A $f C2400002458 $h ACFHSZZ $k Doc./920 ABC $o 0 $p 25.00 $r PRETLIV $s DOC___920_000000000000000_ABC $w 1 $y 2020-02-01

