02306ngm0a2200445   4500
001 321733
003 http://www.mediathequederoubaix.fr/ark:/20179/KH321733
073  1 $a 3512392321436
090    $a 321733
091    $a 1 $b 20240511 $c 0
099    $t VD $x 14 $d 2024-05-11 $c 2019-10-29
100    $a 20190830d2019    m  y0frey5003    ba
101 0  $a fre
102    $a FR
115    $a c090baizxbx||||bkxx|
200 1  $a Les  plus belles années d'une vie $b DVD $f Claude Lelouch, réal. $g Valérie Perrin, dialog. $g Claude Lelouch, scénario $g  Calogéro, Francis Lai, comp. $g Jean-Louis Trintignant, Anouk Aimée, Marianne Denicourt, Souad Amidou, Antoine Sire, Monica Belluci, ... [et al.] act.
210    $a Paris $c Metropolitan filmexport $d 2019
215    $a 1 DVD 2 couches sur une simple face (01 h 30 mn) $c 1.85:1, 16/9 compatible 4/3, coul., (PAL), Son. (Dolby Digital 5.1; français)
300    $a Langues principales : français; 
300    $a Droit de prêt et consultation
300    $a Les Films 13, Davis-Films, France 2 Cinéma, cop. 2019
300    $a *
327    $a Making of.
330    $a Ils se sont connus voilà bien longtemps. Un homme et une femme, dont l'histoire d'amour fulgurante, inattendue, saisie dans une parenthèse devenue mythique, aura révolutionné notre façon de voir l'amour... Aujourd'hui, l'ancien pilote de course se perd un peu sur les chemins de sa mémoire. Pour l'aider, son fils va retrouver celle que son père n'a pas su garder mais qu'il évoque sans cesse. Anne va revoir Jean-Louis et reprendre leur histoire où ils l'avaient laissée...
339    $a m
345    $b 3512392321436 $d 57.34 EUR
606    $a Drames (cinéma) $x DVD $y France $2 rameau
700  1 $a Lelouch $b Claude $4 300 $4 690
702  1 $a Calogéro $4 230
702  1 $a Lai $b Francis $4 230
702  1 $a Perrin $b Valérie $4 090
702  1 $a Trintignant $b Jean-Louis $4 005
702  1 $a Aimée $b Anouk $4 005
702  1 $a Denicourt $b Marianne $4 005
702  1 $a Amidou $b Souad $4 005
702  1 $a Sire $b Antoine $4 005
702  1 $a Belluci $b Monica $4 005
801  0 $a FR $b ADAV $c 20190830 $g AFNOR
856    $u https://www.adav-assoc.com/4DACTION/GetImage/255795
995    $0 0 $2 0 $4 0 $5 2019-10-29 $9 401007 $b MED $c MED $e MED1A $f C1400007216 $h AAPCIFI $k DVD/F LEL $o 0 $p 39.00 $r PRETDVD $s DVD_F_LEL $w 14 $y 2023-11-16

