02032cam a2200361   4500
001 321844
003 http://www.mediathequederoubaix.fr/ark:/20179/KH321844
010    $a 978-2-8185-0603-5 $b br. $d 6 EUR
033    $a http://catalogue.bnf.fr/ark:/12148/cb45794383j
035    $a FRBNF457943830000002
073  0 $a 9782818506035
090    $a 321844
091    $a 0 $b 20191103 $c 1
099    $t LI $d 2022-09-24
100    $a 20190904d2019    m  y0frey50      ba
101 0  $a fre
102    $a FR
105    $a ||||z   00|y|
106    $a r
200 1  $a Qu'est-ce que le socialisme ? $e une leçon de philosophie $f Jean Jaurès $g préf. de Frédéric Worms $g présentation de Gilles Candar
210    $a Paris $c Librairie Arthème Fayard - Dept Pluriel $d 2019
215    $a 95 p. $d 18 cm
300    $a Contient deux textes inédits écrits pour servir d'introduction au cours "Philosophie et socialisme" et à l'ouvrage "Le socialisme dans Fichte et dans Schäffle"
300    $a Bibliogr. 
330    $a Deux textes inédits de J. Jaurès, écrits peu de temps avant son retour à la politique nationale suite à son élection comme député de Carmaux en 1893. Il propose sa vision du socialisme, une doctrine qui justifie l'intervention de la société dans le travail au nom des libertés individuelles et de l'humanité. Il se fonde sur la philosophie pour étayer ses mesures politiques. ­Electre 2019
339    $a m
606    $3 12647612 $9 6915 $7 ba0yba0y $8 fre    $a Socialisme $3 11936842 $9 1650 $x Philosophie $2 rameau $9 6915
676    $a 320.531 $v 23
700    $3 11908668 $7 ba0yba0y $8 fre    $a Jaurès $b Jean $f 1859-1914 $4 070 $9 21353
702    $3 12253941 $7 ba0yba0y $8 fre    $a Worms $b Frédéric $f 1964-.... $4 080 $9 39534
702    $3 12015372 $7 ba0yba0y $8 fre    $a Candar $b Gilles $f 1954-.... $4 080 $9 21354
801  0 $a FR $b FR-751131015 $c 20190904 $g AFNOR $h FRBNF457943830000002 $2 intermrc
995    $0 0 $2 0 $4 0 $5 2019-11-27 $9 402877 $b MED $c MED $e MED3I $f C0005992454 $h PPEFGZZ $k MAG L/P 8/118 338 $o 2 $p 6.00 $r PRETLIV $s MAG_L_P_8_118000000000000_338 $w 0 $y 2019-11-27

