02187cam a2200445   4500
001 321952
003 http://www.mediathequederoubaix.fr/ark:/20179/KH321952
010    $a 978-2-226-44325-0 $b br. $d 19 EUR
020    $a FR $b 01965974
033    $a http://catalogue.bnf.fr/ark:/12148/cb45818435f
035    $a FRBNF458184350000002
073  0 $a 9782226443250
090    $a 321952
091    $a 2 $b 20240511 $c 1
099    $t LI $x 38 $d 2024-05-11 $c 2019-11-05
100    $a 20191009d2019    m  y0frey50      ba
101 1  $a fre $c eng
102    $a FR
105    $a ||||z   00|a|
106    $a r
181  0 $6 01 $a i  $b xxxe  
181    $6 02 $c txt $2 rdacontent
182  0 $6 01 $a n
182    $6 02 $c n $2 rdamedia
200 1  $a Les petites robes noires $b Texte imprimé $e roman $f Madeleine St John $g traduit de l'anglais (Australie) par Sabine Porte
210    $a Paris $c Albin Michel $d DL 2019 $e 18-Saint-Amand-Montrond $g Impr. CPI Bussière
214  0 $a Paris $c Albin Michel $d DL 2019
214  3 $a 18-Saint-Amand-Montrond $c Impr. CPI Bussière
215    $a 1 vol. (274 p.) $d 21 cm
225    $a Les grandes traductions
330    $a Dans un grand magasin de prêt-à-porter de Sidney, en 1959, Fay Baines rêve de rencontrer l'âme soeur, Patty s'ennuie dans sa vie conjugale, la mondaine Magda contrôle les modèles de haute couture alors que la jeune Lisa est embauchée au rayon des robes de cocktail en attendant ses résultats d'entrée à l'université. Une évocation de la place des femmes dans la société australienne des années 1950. ­Electre 2019
339    $a m
410  0 $0 34232641 $t Les Grandes traductions $x 0755-1762 $d 2019
454  1 $t The women in black
686    $a 803 $2 Cadre de classement de la Bibliographie nationale française
700    $3 13563634 $9 324146 $o ISNI0000000120221140 $a St John $b Madeleine $f 1941-2006 $4 070
702    $3 12052206 $9 449 $o ISNI000000007246987X $a Porte $b Sabine $4 730
801  0 $a FR $b FR-751131015 $c 20191009 $g AFNOR $h FRBNF458184350000002 $2 intermrc
999    $a FRBNF458184350000002
995    $0 0 $2 0 $4 0 $5 2019-11-05 $9 401264 $b MED $c MED $e MED1A $f C1400007156 $h ALTROZZ $k R/SAI $n 2024-05-24 $o 0 $p 19.00 $r PRETLIV $s R_SAI $u coup de coeur $w 38 $y 2024-04-12 $A 0

