02042njm0a2200397   4500
001 322057
003 http://www.mediathequederoubaix.fr/ark:/20179/KH322057
071 01 $a 8650090 $b Because Music
073  0 $a 5060686500909
090    $a 322057
091    $a 1 $b 20240511 $c 0
099    $t DC $x 15 $d 2024-05-11 $c 2019-11-06
100    $a 20191030d2019    u  y0frey5003    ba
101 0  $a eng
127    $a 005500
200 1  $a Metronomy forever $b [enr. sonore] $f Metronomy, ens. voc. & instr.
210    $a Paris $c Because Music $d 2019
215    $a 1 CD (55 min) $e 1 feuillet
300    $a Textes des chansons
327 1  $a Wedding $a Whitsand bay $a Insecurity $a Salted caramel ice cream $a Driving $a Lately $a Lying low $a Forever is a long time $a The light $a Sex emoji $a Walking in the dark $a Insecure $a Miracle rooftop $a Upset my girlfriend $a Wedding bells $a Lately (Going spare) $a Ur mixtape
334    $a RollingStone No.117 p.80 du 28/08/2019 $b 4/5
334    $a Magic No.217 p.26 du 17/09/2019 $b 5/6
334    $a Tsugi No.125 p.78 du 09/09/2019
334    $a France Inter : POP & CO de Septembre 2019 $b 20/20
345    $a GAM $b 5060686500909 $c disque compact $d 14,99 E
610    $a Techno-pop, electro-pop, electro-punk, Electronic Body Music (EBM)
679    $a 2 $c 20
710 02 $a Metronomy $4 545 $4 ens. voc. & instr.
801  0 $a FR $b GAM $c 20191030 $g AFNOR
856 4  $u https://www.gamannecy.com/upload/albums/201907/5060686500909_thumb.jpg
856 4  $u https://www.gamannecy.com/polysson/201909/01-5060686500909.mp3 $z Wedding
856 4  $u https://www.gamannecy.com/polysson/201909/02-5060686500909.mp3 $z Whitsand bay
856 4  $u https://www.gamannecy.com/polysson/201909/03-5060686500909.mp3 $z Insecurity
856 4  $u https://www.gamannecy.com/polysson/201909/04-5060686500909.mp3 $z Salted caramel ice cream
856 4  $u https://www.gamannecy.com/polysson/201909/05-5060686500909.mp3 $z Driving
995    $0 0 $2 0 $4 0 $5 2019-11-12 $9 401685 $b MED $c MED $e MED1A $f C3100006643 $h AMV20ZZ $k DC/2 MET 20 $o 0 $p 14.99 $r PRETSON $s DC_2_000000000000000_MET_20 $w 15 $y 2023-12-09

