02231cam a2200445   4500
001 322274
003 http://www.mediathequederoubaix.fr/ark:/20179/KH322274
010    $a 978-2-09-259059-1 $b rel. $d 5,60 EUR
020    $a FR $b 01969830
033    $a http://catalogue.bnf.fr/ark:/12148/cb457991220
035    $a FRBNF457991220000009
073  0 $a 9782092590591
090    $a 322274
091    $a 2 $b 20240511 $c 1
099    $t LI $x 19 $d 2024-05-11 $c 2019-11-12
100    $a 20190911d2019    a  y0frey50      ba
101 0  $a fre
102    $a FR
105    $a ||||z   00|a|
106    $a r
181  0 $6 01 $a i  $b xxxe   $a b  $b xb2e  
181    $6 02 $c txt $c sti $2 rdacontent
182  0 $6 01 $a n
182    $6 02 $c n $2 rdamedia
200 1  $a Le corbeau et le renard ou presque $b Texte imprimé $f texte de René Gouichoux $g illustré par Rémi Saillard
210    $a Paris $c Nathan $d DL 2019 $e 85-Luçon $g Impr. Pollina
214  0 $a Paris $c Nathan $d DL 2019
214  3 $a 85-Luçon $c Impr. Pollina
215    $a 1 vol. (31 p.) $c ill. en coul. $d 19 cm
225    $a Premières lectures $e dès 6 ans $e je lis comme un grand
330    $a Paul Corbeau, chaussé de baskets à la mode et se déplaçant dans la cour de récré avec un téléphone portable dernier cri, tenait en ses mains un gâteau. Jules Renard, agacé par ses vantardises, le salua et commença à lui faire des compliments sur son apparence. Un roman à lire à deux lors des premières lectures. ­Electre 2019
339    $a a
410  0 $0 45167498 $t Premières lectures (Nathan) $x 2498-1303 $d 2019
686    $a 809 $2 Cadre de classement de la Bibliographie nationale française
700    $3 12728783 $9 15108 $o ISNI0000000035063723 $a Gouichoux $b René $f 1950-.... $4 070
702    $3 12248087 $9 7088 $o ISNI0000000122776967 $a Saillard $b Rémi $f 1960-.... $4 440
801  0 $a FR $b FR-751131015 $c 20190911 $g AFNOR $h FRBNF457991220000009 $2 intermrc
999    $a FRBNF457991220000009
995    $0 0 $2 0 $4 0 $5 2019-11-15 $9 401988 $P 5.60 $b MED $c MED $e MED0A $f C3500010456 $h JRORMZZ $k EXT PRE R/GOU $n 2024-07-10 $o 0 $p 5.60 $r PRETLIV $s EXT_PRE_R_GOU $w 4 $y 2023-09-21 $A 0
995    $0 0 $2 0 $4 0 $5 2022-08-25 $9 448233 $P 5.60 $b MED $c MED $e MED2A $f C2500028657 $h JRORMZZ $k PRE R/GOU $o 0 $p 5.60 $r PRETLIV $s PRE_R_GOU $w 15 $y 2024-04-10 $A 0

