02202cam a2200457   4500
001 322383
003 http://www.mediathequederoubaix.fr/ark:/20179/KH322383
010    $a 978-2-7316-6482-9 $b rel. $d 13,95 EUR
020    $a FR $b 02001465
033    $a http://catalogue.bnf.fr/ark:/12148/cb45841160r
035    $a FRBNF458411600000008
073  0 $a 9782731664829
090    $a 322383
091    $a 2 $b 20240511 $c 1
099    $t LI $x 47 $d 2024-05-12 $c 2019-11-19
100    $a 20191115d2019    m  y0frey50      ba
101 0  $a fre
102    $a FR
105    $a ||||t   00|a|
106    $a r
181  0 $6 01 $a i  $b xxxe   $a b  $b xb2e  
181    $6 02 $c txt $c sti $2 rdacontent
182  0 $6 01 $a n
182    $6 02 $c n $2 rdamedia
200 1  $a La vallée oubliée $b Texte imprimé $f scénario, Denis-Pierre Filippi $g dessin, Silvio Camboni $g couleur, Joëlle Comtois
210    $a [Paris] $c les Humanoïdes associés $d 2019
214  0 $a [Paris] $c les Humanoïdes associés $d DL 2019
214  3 $a impr. en Lettonie
215    $a 1 vol. (48 p.) $c ill. en coul. $d 32 cm
225 19 $a Les mondes cachés
330    $a Une nouvelle aventure de Grégoire, un adolescent doté de pouvoirs. Devenu mage, il a la lourde la responsabilité de maintenir la cohabitation entre le monde des hommes et celui des créatures magiques. ­Electre 2019
339    $a a
461  0 $0 44304024 $t Les mondes cachés
608    $a Bandes dessinées $2 CNLJ $k Avis critique donné par le Centre national de la littérature pour la jeunesse
686    $a 805 $2 Cadre de classement de la Bibliographie nationale française
700    $3 13207288 $9 47903 $o ISNI0000000117583538 $a Filippi $b Denis-Pierre $f 1972-.... $4 070
702    $3 14588454 $9 12517 $o ISNI0000000000958826 $a Camboni $b Silvio $f 1967-.... $4 440
801  0 $a FR $b FR-751131015 $c 20191115 $g AFNOR $h FRBNF458411600000008 $2 intermrc
999    $a FRBNF458411600000008
995    $0 0 $2 0 $4 0 $5 2019-11-22 $9 402489 $P 13.95 $b MED $c MED $e MED0A $f C3500010703 $h JBDZZZZ $k EXT E BD/FIL $n 2024-07-10 $o 0 $p 13.95 $r PRETLIV $s EXT_E_BD_FIL $w 4 $y 2023-08-29 $A 0
995    $0 0 $2 0 $4 0 $5 2019-12-04 $9 403254 $b MED $c MED $e MED2A $f C2500015809 $h JBDSRZZ $k E BD/SERIES $n 2024-06-23 $o 0 $p 13.95 $r PRETLIV $s E_BD_SERIES $w 43 $y 2024-05-12 $A 0

