02015ngm0a2200445   4500
001 322486
003 http://www.mediathequederoubaix.fr/ark:/20179/KH322486
073  1 $a 3333297310581
090    $a 322486
091    $a 1 $b 20240511 $c 0
099    $t VD $x 12 $d 2024-05-11 $c 2019-11-19
100    $a 20181031d2018    m  y0frey5003    ba
101 0  $a chi $j fre
102    $a TW
115    $a c237baizxbx||||bkxx|
200 1  $a A Brighter Summer Day $b DVD $f Edward Yang, réal. $g Hung Hung, Mingtang Lai, Alex Yang, Edward Yang, scénario $g Chen Chang, Lisa Yang, Guozhu Zhang, Elaine Jin, Chuan Wang, Han Chang, ... [et al.] act.
210    $a Paris $c Carlotta Films $d 2018
215    $a 1 DVD 2 couches sur une simple face (03 h 57 mn) $c 1.85:1, 16/9, coul., (PAL), Son. (Dolby Digital 1.0; chinois)
300    $a Langues principales : chinois; Sous-titres : français
300    $a Droit de prêt et consultation
300    $a Jane Balfour Films, Yang & His Gang Filmmakers, cop. 1991
300    $a **
327    $a Restauration 4K ; entretien exclusif avec Jean-Michel Frodon, bande-annonce.
330    $a L'histoire, dans les années 1960, de Xiao Si'r, jeune adolescent, fils d'un réfugié politique chinois qui vit à Taïwan. Comme tous les jeunes gens de sa condition, il fréquente les gangs qui se mènent une guerre sans merci.
339    $a m
345    $b 3333297310581 $d 49.86 EUR
606    $a Drames (cinéma) $x DVD $y Taïwan $2 rameau
700  1 $a Yang $b Edward $4 300 $4 690
702  1 $a Hung $b Hung $4 690
702  1 $a Lai $b Mingtang $4 690
702  1 $a Yang $b Alex $4 690
702  1 $a Chang $b Chen $4 005
702  1 $a Yang $b Lisa $4 005
702  1 $a Zhang $b Guozhu $4 005
702  1 $a Jin $b Elaine $4 005
702  1 $a Wang $b Chuan $4 005
702  1 $a Chang $b Han $4 005
801  0 $a FR $b ADAV $c 20181031 $g AFNOR
856    $u https://www.adav-assoc.com/4DACTION/GetImage/248271
995    $0 0 $2 0 $4 0 $5 2019-11-26 $9 402798 $b MED $c MED $e MED1A $f C1400007336 $h AAPCIFI $k DVD/F YAN $o 0 $p 34.00 $r PRETDVD $s DVD_F_YAN $w 12 $y 2022-05-25

