02050cam a2200445   4500
001 322593
003 http://www.mediathequederoubaix.fr/ark:/20179/KH322593
010    $a 978-2-7144-7974-7 $b br. $d 20 EUR
020    $a FR $b 01955069
033    $a http://catalogue.bnf.fr/ark:/12148/cb45780084w
035    $a FRBNF457800840000001
073  0 $a 9782714479747
090    $a 322593
091    $a 2 $b 20240511 $c 1
099    $t LI $x 14 $d 2024-05-11 $c 2019-11-22
100    $a 20190802d2019    m  y0frey50      ba
101 1  $a fre $c eng
102    $a FR
105    $a ||||z   00|a|
106    $a r
181  0 $6 01 $a i  $b xxxe  
181    $6 02 $c txt $2 rdacontent
182  0 $6 01 $a n
182    $6 02 $c n $2 rdamedia
200 1  $a Au loup $b Texte imprimé $f Lisa Ballantyne $g traduit de l'anglais par Carla Lavaste
210    $a Paris $c Belfond $d DL 2019 $e 45-Malesherbes $g Impr. EPAC technologies
214  0 $a Paris $c Belfond $d DL 2019
214  3 $a 45-Malesherbes $c Impr. EPAC technologies
215    $a 1 vol. (332 p.) $d 23 cm
225    $a Belfond noir
330    $a Nick, un père de famille comblé, enseigne le théâtre au collège. Sa vie bascule lorsqu'Angela, une élève de 12 ans, explique sa tentative de suicide en déclarant que son professeur l'a agressée sexuellement. La jeune fille se retrouve au centre de toutes les attentions mais devient également la cible des pires rumeurs. Dépassée par les événements, elle se réfugie dans le mutisme. ­Electre 2019
339    $a m
410  0 $0 41018451 $t Belfond noir $x 1956-6360 $d 2019
454  1 $t Little liar
686    $a 803 $2 Cadre de classement de la Bibliographie nationale française
700    $3 16701665 $9 114552 $o ISNI0000000370162972 $a Ballantyne $b Lisa $4 070
702    $3 16949507 $9 119784 $o ISNI0000000448979828 $a Lavaste $b Carla $4 730
801  0 $a FR $b FR-751131015 $c 20190802 $g AFNOR $h FRBNF457800840000001 $2 intermrc
999    $a FRBNF457800840000001
995    $0 0 $2 0 $4 0 $5 2019-11-22 $9 402627 $b MED $c MED $e MED1A $f C1400007638 $h ALTROPL $k RP/BAL $o 0 $p 20.00 $r PRETLIV $s RP_BAL $w 14 $y 2023-10-14 $A 0

