02144cam2a2200469 i 4500
001 322715
003 http://www.mediathequederoubaix.fr/ark:/20179/KH322715
005 20240511035645.0
010    $a 978-2-8036-7683-5 $b cart. $d 12,45 EUR
073  0 $a 9782803676835
090    $a 322715
100    $a 20190703d2019    |  |0frey5003||||ba
101 0  $a fre
102    $a BE
105    $a         0||y|
106    $a r
181  0 $6 01 $a i  $b xxxe   $a b  $b xb2e  
181    $6 02 $c txt $c sti $2 rdacontent
182  0 $6 01 $a n
182    $6 02 $c n $2 rdamedia
200 1  $a Les dossiers Max $b Texte imprimé $f scénario Desberg $g dessin et illustration Vrancken $g crayonné histoires courtes Focus Max, Echec et Max Reculé $g couleurs Marquebreucq
210    $a Paris $c Le Lombard $d 2019
211    $a 20191031
215    $a 1 vol. (53 p.) $c illustrations en couleur $d 30 x 23 cm
219  0 $a Paris $c Le Lombard $d 2019
225 1  $a IRS
225 2  $a Troisième vague $x 1781-9474
330    $a Alors que Larry Max s'apprête à boucler une de ses dernières affaires pour le compte de l'IRS, un homme surgit de son passé. Il est en possession de documents compromettants qui mettent Larry en danger de mort. A travers ces photos et témoignages qui font revivre les plus grands scandales financiers, la carrière de Larry défile. Trois histoires courtes inédites. ­Electre 2019
345    $b 9782803676835
410  0 $6 31822 $7 4191620000 $t Troisième vague $x 1781-9474
461  0 $6 93699 $t IRS
676    $a 741.56 $v 23
686    $a T090209 $2 electre
700    $3 11899751 $6 1214975 $7 ba0yba0y $8 fre    $a Desberg $b Stephen $f 1954-.... $4 070 $9 8393
701    $3 14526487 $6 1353197 $7 ba0yba0y $8 fre    $a Vrancken $b Bernard $f 1965-.... $4 440 $9 53117
701    $3 13521713 $6 1305405 $7 ba0yba0y $8 fre    $a Reculé $b Henri $f 1970-.... $4 440 $9 27150
702  1 $6 11305567 $a Marquebreucq $b Bérengère $4 410
801  3 $a FR $b Electre $c 20191112 $g AFNOR
099    $t LI $x 5 $d 2024-05-11 $c 2019-11-26
339    $a m
091    $a 2 $b 20240511 $c 0
995    $0 0 $2 0 $4 0 $5 2019-12-03 $9 402976 $b MED $c MED $e MED0C $f C2300009590 $h AAPBDSR $k BD/SERIES $o 0 $p 12.45 $r PRETLIV $s BD_SERIES $w 5 $y 2022-01-15

