02566cam a2200517   4500
001 322828
003 http://www.mediathequederoubaix.fr/ark:/20179/KH322828
010    $a 978-2-211-30209-8 $b rel. $d 17,50 EUR
020    $a FR $b 01959874
033    $a http://catalogue.bnf.fr/ark:/12148/cb457704796
035    $a FRBNF45770479000000X
073  0 $a 9782211302098
090    $a 322828
091    $a 2 $b 20240511 $c 1
099    $t LI $x 35 $d 2024-05-11 $c 2019-11-27
100    $a 20190717d2019    a  y0frey50      ba
101 1  $a fre $c eng
102    $a BE $a FR
105    $a ||||z   00|a|
106    $a r
181  0 $6 01 $a i  $b xxxe   $a b  $b xb2e  
181    $6 02 $c txt $c sti $2 rdacontent
182  0 $6 01 $a n
182    $6 02 $c n $2 rdamedia
200 1  $a Les aventures de Petit Lapin $b Texte imprimé $f trois histoires de Harry Horse $g [texte français de Claude Lager]
210    $a BruxellesParis $c Pastell'École des loisirs $d DL 2019 $e impr. en Chine
214  0 $a Bruxelles $c Pastel $a Paris $c l'École des loisirs $d DL 2019
214  3 $a impr. en Chine
215    $a 1 vol. (104 p.) $c ill. en coul. $d 22 x 27 cm
300    $a Réunit : "Un nouveau bébé chez Petit Lapin" ; "Petit Lapin va à l'école" ; "Le Noël de Petit Lapin"
329    $c Intéressant $2 CNLJ $k Avis critique donné par le Centre national de la littérature pour la jeunesse
329    $c Réédition à signaler $2 CNLJ $k Avis critique donné par le Centre national de la littérature pour la jeunesse
330    $a Trois histoires mettant en scène Petit Lapin dans son quotidien : la naissance des bébés lapins, le premier jour d'école et Noël en famille. ­Electre 2019
333    $a À partir de 3 ans $2 CNLJ $k Avis critique donné par le Centre national de la littérature pour la jeunesse
339    $a a
423  0 $t Un nouveau bébé chez Petit Lapin
423  0 $t Petit Lapin va à l'école
423  0 $t Le Noël de Petit Lapin
454  1 $t The adventures of Little Rabbit
608    $a Albums $2 CNLJ $k Avis critique donné par le Centre national de la littérature pour la jeunesse
686    $a 809 $2 Cadre de classement de la Bibliographie nationale française
700    $3 13078144 $9 91441 $o ISNI0000000117639327 $a Horse $b Harry $f 1960-2007 $4 070
702    $3 12071403 $9 6555 $o ISNI0000000030183777 $a Lager $b Claude $4 730
801  0 $a FR $b FR-751131015 $c 20190717 $g AFNOR $h FRBNF45770479000000X $2 intermrc
999    $a FRBNF45770479000000X
995    $0 0 $2 0 $4 0 $5 2020-02-11 $9 406271 $b MED $c MED $e MED2A $f C2500015668 $h JABPFAF $k PE A/HOR $n 2024-06-27 $o 0 $p 17.50 $r PRETLIV $s PE_A_HOR $w 35 $y 2024-04-25

