02554cam1a2200589 i 4500
001 322938
003 http://www.mediathequederoubaix.fr/ark:/20179/KH322938
005 20240511035803.0
010    $a 978-2-01-704270-9 $b cart. $d 22,50 EUR
073  0 $a 9782017042709
090    $a 322938
100    $a 20180213d2019    m  |0frey5003||||ba
101 0  $a fre
102    $a FR
105    $a         0||y|
106    $a r
181  0 $6 01 $a i  $b xxxe   $a b  $b xb2e  
181    $6 02 $c txt $c sti $2 rdacontent
182  0 $6 01 $a n
182    $6 02 $c n $2 rdamedia
200 1  $a Objectif zéro déchet en cuisine et au quotidien $b Texte imprimé $e save food, save money & save the planet $f Aurélie Lequeux et Sara Quémener
210    $a Vanves (Hauts-de-Seine) $c Hachette Pratique $d 2019
211    $a 20190306
215    $a 1 vol. (189 p.) $c illustrations en couleur $d 26 x 21 cm
219  0 $a Vanves (Hauts-de-Seine) $c Hachette Pratique $d 2019
225 2  $a Pratiques Hachette $x 0248-1510 $i Cuisine $x 1776-5730
330    $a Un guide pratique pour réduire sa production de déchets en cuisine. Avec plus de cinquante recettes en fonction des saisons, des conseils pour améliorer ses habitudes de consommation, des recettes pour préparer soi-même ses produits ménagers et des idées de recyclage. ­Electre 2019
333    $a Tout public
345    $b 9782017042709
410  0 $0 40027279 $6 51613 $7 4420950500 $t Pratiques Hachette. Cuisine $x 1776-5730
606    $3 13318470 $7 ba0yba0y $8 fre    $a Recyclage (déchets, etc.) $2 rameau $9 35796
606    $3 11931819 $7 ba0yba0y $8 fre    $a Cuisine $2 rameau $9 5863
606    $3 16244412 $7 ba0yba0y $8 fre    $a Mode de vie durable $2 rameau $9 114718
676    $a 640.41 $v 23
686    $a T220502 $2 electre
686    $a GOPV001 $2 electre
686    $a PG0100 $2 electre
700  1 $3 16703553 $9 324341 $6 11361884 $a Lequeux $b Aurélie $4 070
701  1 $3 17807276 $9 324342 $6 11419691 $a Quémener $b Sara $4 070
801  3 $a FR $b Electre $c 20190602 $g AFNOR
830    $a ELECTREA/PS/Zerodechet2019 20191127
902    $a Grand public - Tout public
903    $a Famille et vie pratique - Vie quotidienne et pratique - Gestion familiale et domestique
903    $a Ouvrages pratiques - Conseils pratiques
921    $a 
939    $a 
947    $c 20.48 $a 22.50
969    $h  1 $a 1 $d  900
099    $t LI $x 18 $d 2024-05-11 $c 2019-11-27
339    $a m
091    $a 2 $b 20240511 $c 0
995    $0 0 $2 0 $4 0 $5 2019-11-30 $9 402945 $P 22.50 $b MED $c MED $e MED1A $f C2300009744 $h AAPPLZD $k Doc./ZD CUI $o 0 $p 22.50 $r PRETLIV $s DOC___ZD_CUI $w 18 $y 2024-03-01 $A 0

