01944njm0a2200373   4500
001 323083
003 http://www.mediathequederoubaix.fr/ark:/20179/KH323083
071 01 $a 7795275 $b Polydor
073  0 $a 0602577952753
090    $a 323083
091    $a 1 $b 20240511 $c 0
099    $t DC $x 10 $d 2024-05-11 $c 2019-12-04
100    $a 20191122d2019    u  y0frey5003    ba
101 0  $a eng
127    $a 005200
200 1  $a Kiwanuka $b [enr. sonore] $f Michael Kiwanuka, comp., chant, guit.
210    $a Paris $c Polydor $d 2019
215    $a 1 CD (52 min) $e 1 livret
300    $a Textes des chansons
327 1  $a You ain't the problem $a Rolling $a I've been dazed $a Piano joint (This kind of love) intro $a Piano joint (This kind of love) $a Another human being (Interlude) $a Living in denial $a Hero $a Hard to say goodbye $a Final days $a Interlude (Loving the people) $a Solid ground $a Light
334    $a Télérama No.3642 p.60 du 30/10/2019 $b 4/4
334    $a France Inter : POP & CO de Novembre 2019 $b 20/20
345    $a GAM $b 0602577952753 $c disque compact $d 18,50 E
610    $a Soul
679    $a 180
700  1 $a Kiwanuka $b Michael $f 1987-.... $4 230
801  0 $a FR $b GAM $c 20191122 $g AFNOR
856 4  $u https://www.gamannecy.com/upload/albums/201908/0602577952753_thumb.jpg
856 4  $u https://www.gamannecy.com/polysson/201910/01-0602577952753.mp3 $z You ain't the problem
856 4  $u https://www.gamannecy.com/polysson/201910/02-0602577952753.mp3 $z Rolling
856 4  $u https://www.gamannecy.com/polysson/201910/03-0602577952753.mp3 $z I've been dazed
856 4  $u https://www.gamannecy.com/polysson/201910/04-0602577952753.mp3 $z Piano joint (This kind of love) intro
856 4  $u https://www.gamannecy.com/polysson/201910/05-0602577952753.mp3 $z Piano joint (This kind of love)
995    $0 0 $2 0 $4 0 $5 2019-12-07 $9 403446 $b MED $c MED $e MED3C $f C3100006733 $h AMV14ZZ $k DC/180 KIW $l contient 1 DC + 1 livret $o 0 $p 18.49 $r PRETSON $s DC_180_000000000000000_KIW $w 10 $y 2021-04-03

