01808cam a2200421   4500
001 323202
003 http://www.mediathequederoubaix.fr/ark:/20179/KH323202
010    $a 978-2-36981-063-6 $b rel. $d 7,50 EUR
020    $a FR $b 01445277
033    $a http://catalogue.bnf.fr/ark:/12148/cb43802051n
035    $a FRBNF43802051000000X
073  0 $a 9782369810636
090    $a 323202
091    $a 2 $b 20240511 $c 1
099    $t LI $x 16 $d 2024-05-11 $c 2019-12-07
100    $a 20140411d2014    a  y0frey50      ba
101 0  $a fre
102    $a FR
105    $a ||||t   00|a|
106    $a r
181  0 $6 01 $a i  $b xxxe   $a b  $b xb2e  
181    $6 02 $c txt $c sti $2 rdacontent
182  0 $6 01 $a n
182    $6 02 $c n $2 rdamedia
200 1  $a On a vu la mer ! $b Texte imprimé $f Benjamin Richard, Kerascoët
210    $a Paris $c Rue de Sèvres $d DL 2014 $e 85-Luçon $g Impr. Pollina
215    $a 1 vol. (non paginé [24] p.) $c ill. en coul., couv. ill. en coul. $d 22 cm
225 19 $a Les Tchouks
330    $a Pitchouk, Patatchouk, Tchougris, Tchoukrik et les autres Tchouks s'amusent au bord de la mer et imaginent le bateau de leurs rêves. ­Electre 2019
339    $a a
461  0 $0 43870412 $t Les Tchouks
608    $a Albums $2 CNLJ $k Avis critique donné par le Centre national de la littérature pour la jeunesse
686    $a 805 $2 Cadre de classement de la Bibliographie nationale française
700    $3 15925659 $9 345109 $o ISNI0000000054926176 $a Richard $b Benjamin $f 1977-.... $4 070
701    $3 14644476 $9 83702 $o ISNI0000000381894335 $a Kerascoët $4 070
801  0 $a FR $b FR-751131015 $c 20140411 $g AFNOR $h FRBNF43802051000000X $2 intermrc
999    $a FRBNF43802051000000X
995    $0 0 $2 0 $4 0 $5 2019-12-11 $9 403607 $P 7.50 $b BUS $c BUS $e BUS1A $f C2500015951 $h JBDPBZZ $k BUS PE BD $o 0 $p 7.50 $r PRETLIV $s BUS_PE_BD $w 16 $y 2024-02-13 $A 0

