02996njm0a2200373   4500
001 323654
003 http://www.mediathequederoubaix.fr/ark:/20179/KH323654
071 01 $a FVR148CD $b Favorite Recordings
073  0 $a 3760179355000
090    $a 323654
091    $a 1 $b 20240511 $c 0
099    $t DC $x 9 $d 2024-05-11 $c 2019-12-20
100    $a 20191211d2019    u  y0frey5003    ba
101 0  $a eng
127    $a 004800
200 1  $a Atemporal $b [enr. sonore] $f Cotonete, ens. voc. & instr. $f Di Melo, chant
210    $a Paris $c Favorite Recordings $d 2019
215    $a 1 CD (48 min)
327 1  $a Papos desconexos, part 1 $a Papos desconexos, part 2 $a A.E.I.O.U. (Album mix) $a Muhler instrumento, part 1 $a Muhler instrumento, part 2 $a Canto da yara $a Kilario (2019 version) $a Linhas de alinhar $a Verso e prosa
330    $a Né en 1949 à Recife au Brésil, Roberto De Melo Santos fait partie des véritables icônes de la musique soul brésilienne sous son nom d'artiste Di Melo. Son album éponyme, sorti en 1975 sur Odeon, lui a permis de s'affirmer en tant que star dans son pays d'origine, mais aussi comme une légende pour tous les collectionneurs du monde. Peu actif depuis, il est toutefois revenu en 2016 avec l'album O imorrível, paru sur le label brésilien Casona Produçoes. C'est alors qu'un an plus tard survint une rencontre avec le groupe français Cotonete qui a sortit son premier album en Février 2019 sur Heavenly Sweetness. Florian Pellissier, membre fondateur du groupe, nous dit : "Lors d'une tournée au Brésil avec Cotonete, nous avions quelques jours de congé à Sao Paulo et nous avons rencontré Di Melo qui nous a donné un show privé de 3 heures...  Nous avons pleuré des larmes de joie. Immédiatement après, nous avons enregistré dans le studio magique d'Epsilon B. Cet album est le résumé de ce moment, de ces 5 jours de folie passés avec la légende Roberto Di Melo...  Une musique simple, belle, humaine, brésilo-française".
334    $a Sélection FIP de Juin 2019 $b 20/20
345    $a GAM $b 3760179355000 $c disque compact $d 18,03 E
610    $a Funk-pop, groove
679    $a 049.2
701  1 $a Di Melo $4 721
710 02 $a Cotonete $4 545 $4 ens. voc. & instr.
801  0 $a FR $b GAM $c 20191211 $g AFNOR
856 4  $u https://www.gamannecy.com/upload/albums/201905/3760179355000_thumb.jpg
856 4  $u https://www.gamannecy.com/polysson/201906/01-3760179355000.mp3 $z Papos desconexos, part 1
856 4  $u https://www.gamannecy.com/polysson/201906/02-3760179355000.mp3 $z Papos desconexos, part 2
856 4  $u https://www.gamannecy.com/polysson/201906/03-3760179355000.mp3 $z A.E.I.O.U. (Album mix)
856 4  $u https://www.gamannecy.com/polysson/201906/04-3760179355000.mp3 $z Muhler instrumento, part 1
856 4  $u https://www.gamannecy.com/polysson/201906/05-3760179355000.mp3 $z Muhler instrumento, part 2
995    $0 0 $2 0 $4 0 $5 2020-01-08 $9 404715 $b MED $c MED $e MED1A $f C3100006812 $h AMV90ZZ $k DC/049.2 COT $o 0 $p 18.04 $r PRETSON $s DC_049_200000000000000_COT $w 9 $y 2024-03-19

