01205nam a2200265   4500
001 323793
003 http://www.mediathequederoubaix.fr/ark:/20179/KH323793
010    $a 2-7055-0959-3
090    $a 323793
091    $a 0 $b 20191227 $c 0
099    $t LI $d 2022-09-27
100    $a 20191226d1978    u||y0frey50      ba
101    $a fre
200    $a Histoire de la IIIe République $e vue à travers l'imagerie populaire et la presse satirique $h IV $i La Grande Guerre, 1911-1923 $f Paul Ducatel
210    $a Paris $c J. Grassin éd. $d 1978
215    $a 221 p., pl. $c ill. en noir et en coul., jaq. ill. en coul. $d 28 cm
300    $a Don de Bernard Grelle, décembre 2019
606    $9 237351 $a Imagerie populaire $y France
606    $9 258621 $a Presse satirique $y France $z 19e siècle
606    $7 ba0yba0y $8 fre    $a Guerre mondiale (1914-1918) $y France $9 19505
607    $7 ba0yba0y $8 fre    $a France $z 20e siècle $9 10570
700    $9 313737 $a Ducatel $b Paul 
702    $4 320 $7 ba0yba0y $8 fre    $a Grelle $b Bernard $f 1943-.... $9 81239
801    $a FR $b 595126101 $c 20191226 $g AFNOR
995    $0 0 $2 0 $4 0 $5 2019-12-26 $9 404232 $b MED $c MED $e MED3J $f C0005701360 $h PPEFGZZ $k MAG L/P 4/210 830 $o 2 $r PRETLIV $s MAG_L_P_4_210000000000000_830 $w 0 $y 2019-12-26

