01496cam a2200421   4500
001 324005
003 http://www.mediathequederoubaix.fr/ark:/20179/KH324005
010    $b Br. $d h.c.
020    $a FR $b 01955240
033    $a http://catalogue.bnf.fr/ark:/12148/cb45762853w
035    $a FRBNF457628530000000
090    $a 324005
091    $a 2 $b 20240511 $c 1
099    $t LI $x 3 $d 2024-05-11 $c 2020-01-04
100    $a 20190704d2019    m  y0frey50      ba
101 0  $a fre
102    $a FR
105    $a ||||z   00|a|
106    $a r
181  0 $6 01 $a i  $b xxxe  
181    $6 02 $c txt $2 rdacontent
182  0 $6 01 $a n
182    $6 02 $c n $2 rdamedia
200 1  $a Scénario fatal $b Texte imprimé $f Alice Dahlberg
210  0 $a Montrouge $c Groupe Mondadori France-"Nous deux" $d DL 2019
210    $e impr. en Italie
214  0 $a Montrouge $c Groupe Mondadori France-"Nous deux" $d DL 2019
214  3 $a impr. en Italie
215    $a 1 vol. (126 p.) $d 17 cm
225    $a Collection Nous deux $e suspense $v 316
300    $a Suppl. de : "Nous deux"
339    $a m
410  0 $0 34269743 $t Nous deux (Collection) $x 1158-5803 $v 316
686    $a 803 $2 Cadre de classement de la Bibliographie nationale française
700    $3 17761861 $9 345191 $a Dahlberg $b Alice $4 070
801  0 $a FR $b FR-751131015 $c 20190704 $g AFNOR $h FRBNF457628530000000 $2 intermrc
999    $a FRBNF457628530000000
995    $0 1 $2 0 $4 0 $5 2020-01-04 $9 404533 $b MED $c MED $e MED1A $f C3100008246 $h ALTROAM $k RS/DAH $o 4 $r PRETLIV $s RS_DAH $w 3 $y 2022-09-24

