02058cam1a2200493 i 4500
001 324182
003 http://www.mediathequederoubaix.fr/ark:/20179/KH324182
005 20240511041329.0
010    $a 978-2-7499-4136-3 $b cart. $d 12,95 EUR
073  0 $a 9782749941363
090    $a 324182
100    $a 20190715d2019    b  |0frey5003||||ba
101 0  $a fre
102    $a FR $a FR
105    $a         0||y|
106    $a r
181  0 $6 01 $a i  $b xxxe   $a b  $b xb2e  
181    $6 02 $c txt $c sti $2 rdacontent
182  0 $6 01 $a n
182    $6 02 $c n $2 rdamedia
183    $a nc $2 rdacarrier
200 1  $a Invisible Max $b Texte imprimé $f Zep
210    $a Neuilly-sur-Seine (Hauts-de-Seine) $c M. Lafon $d 2019 $a Paris $c France-Inter $d 2019
211    $a 20191017
214  0 $a Neuilly-sur-Seine (Hauts-de-Seine) $c M. Lafon $d 2019 $a Paris $c France-Inter $d 2019
215    $a 1 vol. (36 p.) $c illustrations en couleur $d 23 x 23 cm
219  0 $a Neuilly-sur-Seine (Hauts-de-Seine) $c M. Lafon $d 2019 $a Paris $c France-Inter $d 2019
225 2  $a Une histoire et... Oli
330    $a C'est le premier jour d'école pour le petit Max. Terrifié, le garçon accepte la proposition d'un petit lutin rencontré en chemin. Ce dernier lui jette un sort et Max devient invisible. Un flashcode permet d'accéder au podcast. ­Electre 2020
333    $a A partir de 3 ans
345    $b 9782749941363
410  0 $6 359258 $t Une histoire et... Oli
686    $a J000105 $2 electre
686    $a GJEU002 $2 electre
686    $a GJEU013 $2 electre
686    $a PJ0201 $2 electre
700    $3 12178620 $6 1341816 $7 ba0yba0y $8 fre    $a Zep $f 1967-.... $4 070 $9 51428
801  3 $a FR $b Electre $c 20191028 $g AFNOR
830    $a ELECTREJ/panier nouveautés fin déc18 20200115
856 4  $u https://www.electre.com/GetBlob.ashx?Ean=9782749941363,0-6073398&Size=Original
099    $t LI $x 16 $d 2024-05-11 $c 2020-01-15
339    $a a
091    $a 2 $b 20240511 $c 0
995    $0 0 $2 0 $4 0 $5 2020-01-17 $9 405141 $b MED $c MED $e MED2A $f C2500016504 $h JABEFAE $k E A/ZEP $n 2024-05-18 $o 0 $p 12.95 $r PRETLIV $s E_A_ZEP $w 16 $y 2024-04-06

