01648cam1a22004211i 4500
001 324287
003 http://www.mediathequederoubaix.fr/ark:/20179/KH324287
005 20240511041402.0
010    $a 9782490155170 $b br. $d 19 EUR
073  0 $a 9782490155170
090    $a 324287
091    $a 2 $b 20240511 $c 0
099    $t LI $x 2 $d 2024-05-11 $c 2020-01-16
100    $a 20191010d2020    |  |0frey5003||||ba
101 0  $a fre
102    $a FR
105    $a         0||a|
106    $a r
181  0 $6 01 $a i  $b xxxe  
181    $6 02 $c txt $2 rdacontent
182  0 $6 01 $a n
182    $6 02 $2 rdamedia
183    $2 rdacarrier
200 1  $a Le sang des rois $b Texte imprimØ $f Sikanda de Cayron
210    $a Paris $c Editions Emmanuelle Collas $d 2020
211    $a 20200110
215    $a 1 vol. (344 p.) $d 19 x 14 cm
219  0 $a Paris $c Editions Emmanuelle Collas $d 2020
330    $a Dans une communauté à l'écart des excès du monde moderne, une épidémie d'avortements spontanés affecte chaque future mère enceinte de son premier enfant. Lorsqu'un étranger, accueilli comme un prophète, vient bouleverser les valeurs traditionnelles et les relations entre les habitants, Hateya, une guérisseuse, cherche les raisons de sa présence. Premier roman.
339    $a m
345    $b 9782490155170
676    $a 843 $v 23
686    $2 electre
686    $2 electre
700  1 $a Cayron $b Sikanda de $f 1997-.... $4 070
801  3 $a FR $b Electre $c 20200115 $g AFNOR
830    $a ELECTREA/DB/200101/CdeLit1 20200116
995    $0 0 $2 0 $4 0 $5 2020-01-16 $9 405007 $P 19.00 $b MED $c MED $e MED1A $f C1400008091 $h ALTROZZ $k R/CAY $o 0 $p 19.00 $r PRETLIV $s R_CAY $w 2 $y 2020-03-10 $A 0

