02253cam a2200481   4500
001 324390
003 http://www.mediathequederoubaix.fr/ark:/20179/KH324390
010    $a 978-2-35687-655-3 $b br. $d 12 EUR
020    $a FR $b 02029738
033    $a http://catalogue.bnf.fr/ark:/12148/cb465154162
035    $a FRBNF465154160000007
073  0 $a 9782356876553
090    $a 324390
091    $a 2 $b 20240511 $c 1
099    $t LI $x 4 $d 2024-05-11 $c 2020-01-18
100    $a 20200207d2019    m  y0frey50      ba
101 0  $a fre
102    $a FR
105    $a ||||z   00|y|
106    $a r
181  0 $6 01 $a i  $b xxxe  
181    $6 02 $c txt $2 rdacontent
182  0 $6 01 $a n
182    $6 02 $c n $2 rdamedia
200 1  $a Cause animale, cause du capital $b Texte imprimé $f Jocelyne Porcher
210    $a Latresne (Gironde) $c le Bord de l'eau $d 2019
214  0 $a Lormont $c le Bord de l'eau $d DL 2019
214  3 $a 58-Clamecy $c Impr. Laballery
215    $a 1 vol. (115 p.) $d 20 cm
225    $a Documents
300    $a Bibliogr. p. 111-115
330    $a Un essai sur la convergence d'intérêts entre la science, l'industrie agroalimentaire et les promoteurs de la cause animale. L'auteure montre que la cause animale est totalement différente de la cause des animaux, dénonce l'agriculture cellulaire, créatrice de viande in vitro, et propose de redéfinir l'élevage, seule alternative à la violence contre les animaux en systèmes industriels. ­Electre 2020
339    $a m
410  0 $0 39290023 $t Documents (Latresne) $x 1778-7483 $d 2019
606    $3 16957802 $9 324556 $a Véganisme $3 12432924 $9 2858 $z 1990-2020 $2 rameau
606    $3 11931346 $9 16984 $a Élevage $3 12432924 $9 2858 $z 1990-2020 $2 rameau
606    $3 12049766 $9 10345 $a Relations homme-animal $3 12432924 $9 2858 $z 1990-2020 $2 rameau
676    $a 179.3 $v 23
686    $a 300 $2 Cadre de classement de la Bibliographie nationale française
700    $3 14462281 $9 69829 $o ISNI0000000045005340 $a Porcher $b Jocelyne $f 1956-.... $4 070
801  0 $a FR $b FR-751131015 $c 20200207 $g AFNOR $h FRBNF465154160000007 $2 intermrc
999    $a FRBNF465154160000007
995    $0 0 $2 0 $4 0 $5 2020-01-18 $9 405233 $b MED $c MED $e MED1A $f C2300009909 $h AAPPLFF $k Doc./590 ETH $o 0 $p 12.00 $r PRETLIV $s DOC___590_000000000000000_ETH $w 4 $y 2023-09-06

