03178njm0a2200409   4500
001 324496
003 http://www.mediathequederoubaix.fr/ark:/20179/KH324496
071 01 $a 19075978662 $b Columbia Records
073  0 $a 0190759786628
090    $a 324496
091    $a 1 $b 20240511 $c 0
099    $t DC $x 19 $d 2024-05-11 $c 2020-01-25
100    $a 20200120d2019    u  y0frey5003    ba
101 0  $a eng
127    $a 003000
200 1  $a Thanks for the dance $b [enr. sonore] $f Leonard Cohen, comp., chant, guit.
210    $a New York $c Columbia/Legacy $d 2019
215    $a 1 CD (30 min) $e 1 livret
300    $a Textes des chansons
327 1  $a Happens to the heart $a Moving on $a The night of Santiago $a Thanks for the dance $a It's torn $a The goal $a Puppets $a The hills $a Listen to the hummingbird
330    $a Sept mois après la mort de son père, Adam Cohen s'est retiré dans un garage, en bas de la maison de Leonard, pour rester auprès de son père et de son oeuvre en cours. De leur précédente collaboration sur You want it darker, il restait des ébauches musicales nues, parfois à peine travaillées. Avant sa mort, Leonard avait demandé à son fils d'achever ses travaux. Cet album remarquable a été réalisé dans de nombreux endroits et avec de nombreuses collaborations. Javier Mas, le grand musicien espagnol qui a accompagné Leonard sur scène pendant les huit dernières années de tournée, s'est envolé de Barcelone à Los Angeles pour capturer l'esprit de l'artiste à la guitare de Leonard. Adam a invité ses amis et camarades à prêter leurs oreilles et leurs talents. Damien Rice et Leslie Feist ont chanté. Richard Reed Parry de Arcade Fire a contribué de sa ligne de basse. Bryce Dessner de The National a joué de la guitare, le compositeur Dustin O'Halloran du piano. Le choeur berlinois Cantus Domus a chanté aux cotés de la chorale Stargaze Orchestra. A cette impressionnante liste de collaborations s'ajoute Daniel Lanois, Shaar Hashomayim, Patrick Watson, Beck et sa guitare, Jennifer Warnes.
334    $a RollingStone No.120 p.73 du 05/12/2019 $b 4/5
334    $a Inrockuptibles No.1251 p.72 du 20/11/2019
334    $a Inrockuptibles No.1251 p.64 du 20/11/2019 $b 3/5
334    $a Magic No.218 p.19 du 13/11/2019 $b 5/6
345    $a GAM $b 0190759786628 $c disque compact $d 19,06 E
610    $a Folk rock
679    $a 2
700  1 $a Cohen $b Leonard $f 1934-2016 $4 230
801  0 $a FR $b GAM $c 20200120 $g AFNOR
856 4  $u https://www.gamannecy.com/upload/albums/201910/0190759786628_thumb.jpg
856 4  $u https://www.gamannecy.com/polysson/201911/01-0190759786628.mp3 $z Happens to the heart
856 4  $u https://www.gamannecy.com/polysson/201911/02-0190759786628.mp3 $z Moving on
856 4  $u https://www.gamannecy.com/polysson/201911/03-0190759786628.mp3 $z The night of Santiago
856 4  $u https://www.gamannecy.com/polysson/201911/04-0190759786628.mp3 $z Thanks for the dance
856 4  $u https://www.gamannecy.com/polysson/201911/05-0190759786628.mp3 $z It's torn
995    $0 0 $2 0 $4 0 $5 2020-02-07 $9 406174 $b MED $c MED $e MED1A $f C3100006980 $h AMV20ZZ $k DC/2 COH $l contient 1 DC + 1 livret $o 0 $p 19.06 $r PRETSON $s DC_2_000000000000000_COH $w 20 $y 2023-05-17

