02424cam1a2200541 i 4500
001 324606
003 http://www.mediathequederoubaix.fr/ark:/20179/KH324606
005 20240511041937.0
010    $a 978-2-10-080153-4 $b br. $d 24,90 EUR
073  0 $a 9782100801534
090    $a 324606
100    $a 20190718d2019    k  |0frey5003||||ba
101 0  $a fre
102    $a FR
105    $a         0||y|
106    $a r
181  0 $6 01 $a i  $b xxxe  
181    $6 02 $c txt $2 rdacontent
182  0 $6 01 $a n
182    $6 02 $c n $2 rdamedia
183    $a nc $2 rdacarrier
200 1  $a Introduction au machine learning $b Texte imprimé $f Chloé-Agathe Azencott
205    $a Nouvelle présentation
210    $a Malakoff (Hauts-de-Seine) $c Dunod $d 2019
211    $a 20190710
214  0 $a Malakoff (Hauts-de-Seine) $c Dunod $d 2019
215    $a 1 vol. (XI-227 p.) $c illustrations en noir et blanc $d 24 x 17 cm
219  0 $a Malakoff (Hauts-de-Seine) $c Dunod $d 2019
225 2  $a Info sup $x 2429-263X
300    $a Index
330    $a Une introduction aux principes et aux algorithmes du machine learning, ou apprentissage automatique. Cet ouvrage explique comment résoudre et formaliser certains problèmes grâce à ce champ d'étude, à identifier les algorithmes appropriés et à évaluer leurs performances. Avec 86 exercices corrigés. ­Electre 2020
333    $a Licence
345    $b 9782100801534
410  0 $6 330863 $t Info sup $x 2429-263X
606    $3 11987531 $9 294454 $7 ba0yba0y $8 fre    $a Apprentissage automatique $3 12167353 $9 2941 $x Manuels d'enseignement supérieur $2 rameau $9 294454
606    $3 11935819 $9 31618 $7 ba0yba0y $8 fre    $a Algorithmes $3 12167353 $9 2941 $x Manuels d'enseignement supérieur $2 rameau $9 31618
606    $3 16657853 $9 116518 $7 ba0yba0y $8 fre    $a Données massives $3 11950206 $9 9202 $x Gestion $3 12167353 $9 2941 $x Manuels d'enseignement supérieur $2 rameau $9 116518
676    $a 006.3 $v 23
686    $a T190304 $2 electre
686    $a GOET001 $2 electre
686    $a PU0401 $2 electre
700  1 $6 12002126 $a Azencott $b Chloé-Agathe $4 070
801  3 $a FR $b Electre $c 20191018 $g AFNOR
830    $a ELECTREA/FP/Informatique2019-2020 20200131
099    $t LI $x 10 $d 2024-05-11 $c 2020-01-31
339    $a m
091    $a 2 $b 20240511 $c 0
995    $0 0 $2 0 $4 0 $5 2020-02-15 $9 406463 $P 24.90 $b MED $c MED $e MED3A $f C2400002644 $h ACFIFZZ $k Doc./004 DAT $o 0 $p 24.90 $r PRETLIV $s DOC___004_000000000000000_DAT $w 10 $y 2023-11-18 $7  $8  $A  $m  $z 

