03758cam a2200553   4500
001 324709
003 http://www.mediathequederoubaix.fr/ark:/20179/KH324709
010    $a 978-2-408-01416-2 $b rel. $d 8,90 EUR
020    $a FR $b 01977293
033    $a http://catalogue.bnf.fr/ark:/12148/cb45825795m
035    $a FRBNF458257950000007
073  0 $a 9782408014162
090    $a 324709
091    $a 2 $b 20240511 $c 1
099    $t LI $x 39 $d 2024-05-11 $c 2020-02-07
100    $a 20191021d2019    a  y0frey50      ba
101 0  $a fre
102    $a FR
105    $a ||||z   00|y|
106    $a r
181  0 $6 01 $a i  $b xxxe   $a b  $b xb2e  
181    $6 02 $c txt $c sti $2 rdacontent
182  0 $6 01 $a n
182    $6 02 $c n $2 rdamedia
200 1  $a Les migrants $b Texte imprimé $f textes de Sandra Laboucarie $g illustrations de Maud Riemann
210    $a Toulouse $c Milan $d DL 2019 $e impr. en Roumanie
214  0 $a Toulouse $c Milan $d DL 2019
214  3 $a impr. en Roumanie
215    $a 1 vol. (37 p.) $c ill. en coul. $d 22 cm
225    $a Mes p'tites ?uestions $e dès 7 ans
321    $a La Revue des livres pour enfants $x 0398-8384 $c 310
329    $c Intéressant $a Qui sont les migrants ? Pourquoi des personnes partent-elles de leur pays ? Que signifie « avoir des papiers » ? Alors qu'ils sont confrontés, par le biais des médias ou tout simplement par ce qu'ils voient dans la rue, à la crise migratoire internationale actuelle, il est parfois difficile de répondre aux interrogations des jeunes enfants. Ce documentaire propose des réponses simples et claires à 16 questions. On apprécie la mise en perspective historique, le fait que la différence entre migrants et réfugiés soit expliquée, et une très intéressante carte des flux migratoires mondiaux. Mais il est peut-être dommage que les questions n'aient pas été davantage regroupées par grands thèmes. $d 20191201 $f CGA $2 CNLJ $k Avis critique donné par le Centre national de la littérature pour la jeunesse
330    $a Seize questions-réponses pour comprendre les différents types de migrations à travers l'histoire, les causes de départ de ceux qui quittent leur pays (les guerres, l'urgence climatique, etc.) ainsi que la situation des réfugiés dans les pays d'accueil. ­Electre 2020
333    $a À partir de 6 ans $2 CNLJ $k Avis critique donné par le Centre national de la littérature pour la jeunesse
339    $a a
410  0 $0 42226968 $t Mes p'tites questions $x 2109-814X $d 2019
606    $3 13318340 $9 10379 $a Émigration et immigration $3 12432924 $9 2858 $z 1990-2020 $2 rameau
606    $3 13318513 $9 24758 $a Réfugiés $3 12432924 $9 2858 $z 1990-2020 $2 rameau
608    $3 12042408 $9 314947 $a Ouvrages pour la jeunesse $2 rameau
608    $a Documentaires : sciences humaines $2 CNLJ $k Avis critique donné par le Centre national de la littérature pour la jeunesse
676    $a 304.8 $v 23
686    $a 300 $2 Cadre de classement de la Bibliographie nationale française
700    $3 16616198 $9 111250 $o ISNI0000000380484676 $a Laboucarie $b Sandra $4 070
702    $3 14621123 $9 83918 $o ISNI000000000126835X $a Riemann $b Maud $f 1981-.... $4 440
801  0 $a FR $b FR-751131015 $c 20191021 $g AFNOR $h FRBNF458257950000007 $2 intermrc
999    $a FRBNF458257950000007
995    $0 0 $2 0 $4 0 $5 2020-06-04 $9 408542 $b MED $c MED $e MED2A $f C2500017243 $h JDT30ZZ $k E/325 MIG $o 0 $p 8.90 $r PRETLIV $s E_325_000000000000000_MIG $w 11 $y 2023-12-12
995    $0 0 $2 0 $4 0 $5 2020-07-24 $9 411921 $P 8.90 $b MED $c MED $e MED0A $f C3500011395 $h JDT30ZZ $k EXT E/325 MIG $n 2024-06-28 $o 0 $p 8.90 $r PRETLIV $s EXT_E_325_000000000000000_MIG $w 18 $y 2024-04-19 $7  $8 MA009 $A  $m  $z 
995    $0 0 $2 0 $4 0 $5 2022-01-26 $9 439047 $P 8.90 $b MED $c MED $e MED0A $f C3500014899 $h JDT30ZZ $k EXT E/325.2 LAB $n 2024-06-29 $o 0 $r PRETLIV $s EXT_E_325_200000000000000_LAB $w 10 $y 2024-04-23 $8 MA025

