02970cam a2200469   4500
001 324817
003 http://www.mediathequederoubaix.fr/ark:/20179/KH324817
010    $a 979-10-363-1276-2 $b br. $d 11,90 EUR
020    $a FR $b 01976706
033    $a http://catalogue.bnf.fr/ark:/12148/cb458052171
035    $a FRBNF458052170000006
073  0 $a 9791036312762
090    $a 324817
091    $a 2 $b 20240511 $c 1
099    $t LI $x 24 $d 2024-05-11 $c 2020-02-07
100    $a 20190920d2019    a  y0frey50      ba
101 0  $a fre
102    $a FR
105    $a ||||z   00|a|
106    $a r
181  0 $6 01 $a i  $b xxxe  
181    $6 02 $c txt $2 rdacontent
182  0 $6 01 $a n
182    $6 02 $c n $2 rdamedia
200 1  $a Nulle en maths $b Texte imprimé $f Nathalie Somers $g [illustré par] Océane Meklemberg
210    $a [Montrouge] $c Bayard jeunesse $d DL 2019 $e impr. en Italie
214  0 $a [Montrouge] $c Bayard jeunesse $d DL 2019
214  3 $a impr. en Italie
215    $a 1 vol. (201 p.) $c ill. $d 20 cm
321    $a La Revue des livres pour enfants $x 0398-8384 $c 311
329    $c Pourquoi pas ? $a Victoire Alésia est une petite fille pleine d'entrain qui a deux passions : la plomberie et les pâtisseries de la mère de son meilleur ami Yacer. Contrairement à lui, sérieux en classe et dans la vie, Victoire a un gros souci : elle est nulle en maths dans une famille de scientifiques qui lui mettent la pression. Si elle ne progresse pas, elle partira en pension. C'est la plomberie qui la sauvera. Un roman sympatique qui mise sur le comique de situation et de style, agréable à lire avec ses nombreuses illustrations humoristiques. On peut juste regretter les facilités du scénario sur un sujet qui concerne beaucoup d'enfants.  $d 20200201 $f VE $2 CNLJ $k Avis critique donné par le Centre national de la littérature pour la jeunesse
330    $a Victoire est nulle en mathématiques. Ce qu'elle aime dans la vie, c'est son copain Yacer, les makrouts, sa rate des sables Shéhérazade et la plomberie. Ses parents la menacent de la mettre en pension si elle n'a pas la moyenne dans cette matière avant la fin de l'année. ­Electre 2020
333    $a À partir de 9 ans $2 CNLJ $k Avis critique donné par le Centre national de la littérature pour la jeunesse
339    $a a
421  1 $0 46640552 $t Nul en sport $y 979-10-363-1594-7
608    $a Romans $2 CNLJ $k Avis critique donné par le Centre national de la littérature pour la jeunesse
686    $a 809 $2 Cadre de classement de la Bibliographie nationale française
700    $3 15122031 $9 100401 $o ISNI000000007251006X $a Somers $b Nathalie $f 1966-.... $4 070
702    $3 17009885 $9 277848 $o ISNI0000000453398884 $a Meklemberg $b Océane $f 1988-.... $4 440
801  0 $a FR $b FR-751131015 $c 20190920 $g AFNOR $h FRBNF458052170000006 $2 intermrc
999    $a FRBNF458052170000006
995    $0 0 $2 0 $4 0 $5 2020-02-26 $9 406907 $b MED $c MED $e MED2A $f C2500016883 $h JROROZZ $k E R/SOM $n 2024-06-13 $o 0 $p 11.90 $r PRETLIV $s E_R_SOM $w 24 $y 2024-05-02

