01715cam a2200409   4500
001 324928
003 http://www.mediathequederoubaix.fr/ark:/20179/KH324928
010    $a 978-2-07-285928-1 $b br. $d 24 EUR
020    $a FR $b 02016372
033    $a http://catalogue.bnf.fr/ark:/12148/cb45867292h
035    $a FRBNF458672920000001
073  0 $a 9782072859281
090    $a 324928
091    $a 2 $b 20240511 $c 1
099    $t LI $x 7 $d 2024-05-11 $c 2020-02-14
100    $a 20200108d2019    m  y0frey50      ba
101 0  $a fre
102    $a FR
105    $a ||||z   00|a|
106    $a r
181  0 $6 01 $a i  $b xxxe  
181    $6 02 $c txt $2 rdacontent
182  0 $6 01 $a n
182    $6 02 $c n $2 rdamedia
200 1  $a L'autre moitié du songe m'appartient $b Texte imprimé $e poèmes $f Alicia Gallienne $g édition de Sophie Naulleau $g postface de Guillaume Gallienne
210    $a [Paris] $c Gallimard $d DL 2019
214  0 $a [Paris] $c Gallimard $d DL 2019
214  3 $a 27-Mesnil-sur-l'Estrée $c Impr. CPI Firmin-Didot
215    $a 1 vol. (388 p.) $d 21 cm
330    $a Emportée à 20 ans par la maladie, Alicia Gallienne a laissé ces poèmes dans lesquels se mêlent le tragique et l'espoir. ­Electre 2020
339    $a m
686    $a 801 $2 Cadre de classement de la Bibliographie nationale française
700    $3 17876444 $9 324664 $o ISNI000000048512567X $a Gallienne $b Alicia $f 1970-1990 $4 070
702    $3 15579607 $9 88970 $o ISNI0000000045999162 $a Nauleau $b Sophie $f 1977-.... $4 340
801  0 $a FR $b FR-751131015 $c 20200108 $g AFNOR $h FRBNF458672920000001 $2 intermrc
999    $a FRBNF458672920000001
995    $0 0 $2 0 $4 0 $5 2020-02-20 $9 406679 $b MED $c MED $e MED1A $f C3200019373 $h ALTPOZZ $k P/GAL $o 0 $p 24.00 $r PRETLIV $s P_GAL $w 7 $y 2022-01-22 $A 0

