02141cam a2200445   4500
001 325034
003 http://www.mediathequederoubaix.fr/ark:/20179/KH325034
010    $a 978-2-203-14958-8 $b br. $d 12 EUR
020    $a FR $b 02034016
033    $a http://catalogue.bnf.fr/ark:/12148/cb46530535t
035    $a FRBNF465305350000002
073  0 $a 9782203149588
090    $a 325034
091    $a 2 $b 20240511 $c 1
099 00 $x 11 $t LI $d 2024-05-11 $c 2020-02-15
100    $a 20200303d2020    m  y0frey50      ba
101 0  $a fre
102    $a BE
105    $a ||||t   00|a|
106    $a r
181  0 $6 01 $a i  $b xxxe   $a b  $b xb2e  
181    $6 02 $c txt $c sti $2 rdacontent
182  0 $6 01 $a n
182    $6 02 $c n $2 rdamedia
200 1  $a L'amour du maillot $b Texte imprimé $e une saison en ligue 2 $e un récit sociologique en BD $f par Hélène Georges et Frédéric Rasera
210    $a Bruxelles $c Casterman $d 2020
214  0 $a [Bruxelles] $a [Paris] $c Casterman $d DL 2020
214  3 $a impr. en Espagne
215    $a 1 vol. (162 p.) $c ill. $d 19 cm
225    $a Sociorama
300    $a Adapté d'une enquête menée par Frédéric Rasera sur le quotidien de travail de footballeurs professionnels d'un club français de ligue 2
330    $a Gary Robledo, arrivé de Guyane, fait ses débuts dans un club de deuxième division, dans une ville française de taille moyenne. Il apprend à se plier à une discipline de fer, à supporter les intrusions de son coach dans sa vie privée et à tenir le choc du mercato entre blessures et attente de sélection. Adapté d'une enquête sociologique. ­Electre 2020
339    $a m
410  0 $0 45007151 $t Sociorama $x 2566-0918 $d 2020
686    $a 805 $2 Cadre de classement de la Bibliographie nationale française
700    $3 14505915 $9 78868 $o ISNI0000000073661484 $a Georges $b Hélène $f 1978-.... $4 070
701    $3 17134244 $9 332928 $a Rasera $b Frédéric $4 070
801  0 $a FR $b FR-751131015 $c 20200303 $g AFNOR $h FRBNF465305350000002 $2 intermrc
999    $a FRBNF465305350000002
995    $0 0 $2 0 $4 0 $5 2020-02-18 $9 406484 $b MED $c MED $e MED0C $f C2300010061 $h AAPBDZZ $k BD/RAS $o 0 $p 12.00 $r PRETLIV $s BD_RAS $w 11 $y 2023-07-19

