02084cam a2200445   4500
001 325146
003 http://www.mediathequederoubaix.fr/ark:/20179/KH325146
010    $a 978-2-7381-4645-8 $b br. $d 22,90 EUR
020    $a FR $b 01923110
033    $a http://catalogue.bnf.fr/ark:/12148/cb456644773
035    $a FRBNF456644770000007
073  0 $a 9782738146458
090    $a 325146
091    $a 2 $b 20240511 $c 1
099    $t LI $x 2 $d 2024-05-11 $c 2020-02-15
100    $a 20190206d2019    m  y0frey50      ba
101 0  $a fre
102    $a FR
105    $a ||||z   00|y|
106    $a r
181  0 $6 01 $a i  $b xxxe  
181    $6 02 $c txt $2 rdacontent
182  0 $6 01 $a n
182    $6 02 $c n $2 rdamedia
200 1  $a Comment gouverner un peuple-roi ? $b Texte imprimé $e traité nouveau d'art politique $f Pierre-Henri Tavoillot
210    $a Paris $c Odile Jacob $d DL 2019 $e 61-Lonrai $g Normandie roto impr.
214  0 $a Paris $c Odile Jacob $d DL 2019
214  3 $a 61-Lonrai $c Normandie roto impr.
215    $a 1 vol. (358 p.) $c ill. $d 22 cm
330    $a Réflexions sur la démocratie, sa nature et ses méthodes : élections, délibérations, décisions et redditions de comptes. L'auteur propose un cahier des charges du fonctionnement démocratique et s'interroge sur les moyens et les difficultés de trouver un juste équilibre entre efficacité du pouvoir et liberté du peuple. Prix des députés 2019. ­Electre 2020
339    $a m
606    $3 13318556 $9 2621 $a Démocratie $2 rameau
606    $3 12699571 $9 8766 $a Peuple $2 rameau
606    $3 11942300 $9 8665 $a Pouvoir (sciences sociales) $2 rameau
676    $a 321.8 $v 23
686    $a 320 $2 Cadre de classement de la Bibliographie nationale française
700    $3 13077285 $9 48888 $o ISNI0000000052510118 $a Tavoillot $b Pierre-Henri $f 1965-.... $4 070
801  0 $a FR $b FR-751131015 $c 20190206 $g AFNOR $h FRBNF456644770000007 $2 intermrc
999    $a FRBNF456644770000007
995    $0 0 $2 0 $4 0 $5 2020-05-27 $9 407652 $P 22.90 $b MED $c MED $e MED3A $f C2400002687 $h ACFSSZZ $k Doc./321.8 TAV $o 0 $p 22.90 $r PRETLIV $s DOC___321_800000000000000_TAV $w 2 $y 2021-01-06

