02014ngm0a2200421   4500
001 325336
003 http://www.mediathequederoubaix.fr/ark:/20179/KH325336
073  1 $a 5053083206338
090    $a 325336
091    $a 1 $b 20240511 $c 0
099    $t VD $x 46 $d 2024-05-11 $c 2020-02-22
100    $a 20200106d2020    m  y0frey5003    ba
101 2  $a eng $a fre $c eng $j fre
102    $a GB
115    $a c123baizxbx||||bkxx|
200 1  $a Downton Abbey $b DVD $f Michael Engler, réal. $g Julian Fellowes, scénario $g John Lunn, comp. $g Michelle Dockery, Hugh Bonneville, Maggie Smith, Elizabeth Mcgovern, Laura Carmichael, Jim Carter, ... [et al.] act.
210    $a Paris $c Universal Pictures Vidéo $d 2020
215    $a 1 DVD (02 h 03 mn) $c 16/9, coul., (PAL), Son. (Dolby Digital 5.1; anglais; français)
300    $a Langues principales : anglais, français; Sous-titres : français
300    $a Droit de prêt seulement
300    $a Carnival Films, Focus Features, Perfect World Pictures, cop. 2019
300    $a *
330    $a Les Crawley et leur personnel intrépide se préparent à vivre l'événement le plus important de leur vie : une visite du roi et de la reine d'Angleterre. Cette venue ne tardera pas à déclencher scandales, intrigues amoureuses et manigances qui pèseront sur l'avenir même de Downton...
339    $a m
345    $b 5053083206338 $d 59.74 EUR
606    $a Cinéma $x DVD $y Grande-Bretagne $2 rameau
700  1 $a Engler $b Michael $4 300
702  1 $a Fellowes $b Julian $4 690
702  1 $a Lunn $b John $4 230
702  1 $a Dockery $b Michelle $4 005
702  1 $a Bonneville $b Hugh $4 005
702  1 $a Smith $b Maggie $4 005
702  1 $a Mcgovern $b Elizabeth $4 005
702  1 $a Carmichael $b Laura $4 005
702  1 $a Carter $b Jim $4 005
801  0 $a FR $b ADAV $c 20200106 $g AFNOR
856    $u https://www.adav-assoc.com/4DACTION/GetImage/258118
995    $0 0 $2 0 $4 0 $5 2020-02-22 $9 406802 $b MED $c MED $e MED1A $f C1400008117 $h AAPCIFI $k DVD/F DOW $n 2024-05-28 $o 0 $p 40.00 $r PRETDVD $s DVD_F_DOW $u Surprise $w 46 $y 2024-05-07

