02160cam a2200469   4500
001 325441
003 http://www.mediathequederoubaix.fr/ark:/20179/KH325441
010    $a 978-2-7163-1696-5 $b br. $d 12,35 EUR
020    $a FR $b 02008632
033    $a http://catalogue.bnf.fr/ark:/12148/cb458549617
035    $a FRBNF458549610000006
073  0 $a 9782716316965
090    $a 325441
091    $a 2 $b 20240512 $c 1
099    $t LI $d 2024-05-12 $c 2020-02-27
100    $a 20191209d2019    m  y0frey50      ba
101 0  $a fre $a rum
102    $a FR
105    $a ||||z   00|y|
106    $a r
181  0 $6 01 $a i  $b xxxe  
181    $6 02 $c txt $2 rdacontent
182  0 $6 01 $a n
182    $6 02 $c n $2 rdamedia
200 1  $a Roumain express $b Texte imprimé $e langue officielle de la Roumanie $e guide de conversation, les premiers mots utiles, notions de grammaire, culture et civilisation, renseignements pratiques $f Jean-Yves Conrad
205    $a 8e et nouvelle éd.
210    $a Paris $c Dauphin éditions $d DL 2019 $e 58-Clamecy $g Impr. Laballery
214  0 $a Paris $c Dauphin éditions $d DL 2019
214  3 $a 58-Clamecy $c Impr. Laballery
215    $a 1 vol. (209 p.) $c ill. $d 21 cm
225    $a Langue express
330    $a Un guide de conversation en langue roumaine lié à des situations de la vie quotidienne. Avec les notions grammaticales de base ainsi qu'un court dictionnaire comprenant 1.500 mots, accompagnés de leur transcription phonétique. ­Electre 2020
339    $a m
410  0 $0 38934717 $t Collection Langue express $x 1637-1070 $d 2019
606    $3 11936910 $9 98611 $a Roumain (langue) $2 rameau
608    $3 11975753 $9 90923 $a Vocabulaires et manuels de conversation $2 rameau
676    $a 459.834 41 $v 23
686    $a 400 $2 Cadre de classement de la Bibliographie nationale française
700    $3 13776202 $9 324701 $o ISNI0000000044055207 $a Conrad $b Jean-Yves $f 1955-.... $4 070
801  0 $a FR $b FR-751131015 $c 20191209 $g AFNOR $h FRBNF458549610000006 $2 intermrc
999    $a FRBNF458549610000006
995    $0 0 $2 0 $4 0 $5 2020-02-29 $9 407115 $P 12.35 $b MED $c MED $e MED3A $f C2400002674 $h ACFLALE $k Doc./VAR ML ROU $o 0 $p 12.35 $r PRETLIV $s DOC___VAR_ML_ROU $w 0 $y 2020-02-29

