02075cam a2200457   4500
001 325548
003 http://www.mediathequederoubaix.fr/ark:/20179/KH325548
010    $a 978-2-74-852312-6 $b br. $d 6,35 EUR
020    $a FR $b 02119078
033    $a http://catalogue.bnf.fr/ark:/12148/cb452903188
035    $a FRBNF452903180000002
073  0 $a 9782748523126
090    $a 325548
091    $a 2 $b 20240512 $c 1
099    $t LI $x 1 $d 2024-05-12 $c 2020-02-29
100    $a 20170613d2018    a  y0frey50      ba
101 0  $a fre
102    $a FR
105    $a ||||z   00|a|
106    $a r
181  0 $6 01 $a i  $b xxxe  
181    $6 02 $c txt $2 rdacontent
182  0 $6 01 $a n
182    $6 02 $c n $2 rdamedia
200 1  $a Tu vois, on pense à toi ! $b Texte imprimé $f Cathy Ytak
210    $a Paris $c Syros $d 2017
214  0 $a Paris $c Syros $d DL 2018
214  3 $a 53-Mayenne $c Impr. Jouve
215    $a 1 vol. (67 p.) $d 18 cm
225    $a Tempo $e 10 ans et +
329    $c Pourquoi pas ? $2 CNLJ $k Avis critique donné par le Centre national de la littérature pour la jeunesse
330    $a Clément et Nolan sont en classe de découverte sur l'île Scobier. Chaque soir, ils écrivent à leur amie Alwena, qui n'a pas pu les accompagner parce qu'elle est hospitalisée. La jeune fille leur confie une mission. Prix des Incorruptibles 2019 (CE2-CM1). ­Electre 2020
333    $a À partir de 9 ans $2 CNLJ $k Avis critique donné par le Centre national de la littérature pour la jeunesse
339    $a a
410  0 $0 38996793 $t Tempo (Imprimé) $x 1760-2904 $d 2018
608    $a Romans $2 CNLJ $k Avis critique donné par le Centre national de la littérature pour la jeunesse
686    $a 809 $2 Cadre de classement de la Bibliographie nationale française
700    $3 12257962 $9 13735 $o ISNI0000000078280402 $a Ytak $b Cathy $f 1962-.... $4 070
801  0 $a FR $b FR-751131015 $c 20170613 $g AFNOR $h FRBNF452903180000002 $2 intermrc
999    $a FRBNF452903180000002
995    $0 0 $2 0 $4 0 $5 2020-05-30 $9 408145 $b MED $c MED $e MED2A $f C2500017104 $h JROROZZ $k E R/YTA $o 0 $p 6.95 $r PRETLIV $s E_R_YTA $w 1 $y 2020-06-17

