02115cam a22004333  4500
001 325654
003 http://www.mediathequederoubaix.fr/ark:/20179/KH325654
010    $a 978-2-330-10457-3 $b rel.
033    $a http://catalogue.bnf.fr/ark:/12148/cb455514561
035    $a FRBNF455514560000007
090    $a 325654
091    $a 2 $b 20240519 $c 1
099    $t LI $x 3 $d 2024-05-19 $c 2020-03-10
100    $a 20180724d2018    m  y0frey50      ba
101 0  $a eng
102    $a FR
105    $a a   z   00|y|
106    $a r
181  0 $6 01 $a i  $b xxxe   $a b  $b xb2e  
181    $6 02 $c txt $c sti $2 rdacontent
182  0 $6 01 $a n
182    $6 02 $c n $2 rdamedia
200 1  $a Arles 2018 $b Texte imprimé $e les Rencontres de la photographie, [exhibition, 2 July-23 September]
210    $a Arles (Bouches-du-Rhône) $c Actes Sud $c Rencontres internationales de la photographie $d 2018
214  0 $a Arles $c Actes Sud $d 2018
215    $a 1 vol. (380 p.) $c ill. en coul. $d 29 cm
305    $a Numéro de : Les Rencontres d'Arles ... = ISSN 1967-175X,(2018)
330    $a Présentation d'une trentaine d'expositions installées dans divers lieux remarquables de la ville d'Arles, destinées à transmettre le patrimoine photographique mondial et à mettre en valeur la création contemporaine. ­Electre 2020
339    $a m
517 1  $a Arles, les Rencontres de la photographie 2018
601    $3 11878073 $9 314426 $a Rencontres internationales de la photographie $2 rameau
606    $3 12010336 $9 17192 $a Photographie $3 12432924 $9 2858 $z 1990-2020 $2 rameau
606    $3 11933111 $9 28772 $a Photographes $2 rameau
608    $3 11964543 $9 1597 $a Dictionnaires biographiques $2 rameau
608    $3 11938837 $9 136 $a Catalogues d'exposition $2 rameau
710    $3 17771208 $9 314427 $a Rencontres internationales de la photographie $d 49 $f (2018 $e Arles, Bouches-du-Rhône $4 070
801  0 $a FR $b FR-751131015 $c 20180724 $g AFNOR $h FRBNF455514560000007 $2 intermrc
999    $a FRBNF455514560000007
995    $0 0 $2 0 $4 0 $5 2020-05-27 $9 407633 $b MED $c MED $e MED1A $f C1400008178 $h AAPATAP $k Doc./771 ABC $o 0 $p 47.00 $r PRETLIV $s DOC___771_000000000000000_ABC $w 3 $y 2021-05-04 $A 0

