01874cam a2200349   4500
001 325792
003 http://www.mediathequederoubaix.fr/ark:/20179/KH325792
010    $a 978-2-07-288799-4 $b ber. $d 20 EUR
020    $a FR $b 02018111
033    $a http://catalogue.bnf.fr/ark:/12148/cb46528178q
035    $a FRBNF465281780000000
073  0 $a 9782072887994
090    $a 325792
091    $a 1 $b 20240512 $c 0
099    $t LI $x 102 $d 2024-05-17 $c 2020-05-30
100    $a 20200227d2020    m  y0frey50      ba
101 0  $a fre
102    $a FR
105    $a ||||z   00|a|
106    $a r
200 1  $a Le pays des autres $b Texte imprimé $e roman $f Leïla Slimani
210    $c Gallimard $d 2020
215    $a 1 vol. (365 p.) $d 21 cm
225 19 $v 1ère partie
330    $a Après la Libération, Mathilde, une jeune Alsacienne, et Amine Belhaj, un Marocain ancien combattant dans l'armée française, s'installent à Meknès. Dans cette ville où le système de ségrégation coloniale s'applique rigoureusement, le couple doit se battre pour faire sa place, entre sacrifices, humiliations et racisme. Une histoire inspirée par la grand-mère de l'auteure qui se clôt en 1956. ­Electre 2020
339    $a m
686    $2 Cadre de classement de la Bibliographie nationale française
700    $3 16908796 $7 ba0yba0y $8 fre    $a Slimani $b Leïla $f 1981-.... $4 070 $9 118353
801  0 $a FR $b FR-751131015 $c 20200227 $g AFNOR $h FRBNF465281780000000 $2 intermrc
995    $0 0 $2 0 $4 0 $5 2020-06-05 $9 408722 $b MED $c MED $e MED1A $f C1400008114 $h ALTROZZ $k R/SLI $n 2024-06-28 $o 0 $p 20.00 $r PRETLIV $s R_SLI $w 39 $y 2024-05-17 $A 0
995    $0 0 $2 0 $4 0 $5 2020-07-07 $9 410568 $b MED $c MED $e MED1A $f C3200021185 $h ALTROZZ $k R/SLI $n 2024-06-11 $o 0 $p 20.00 $r PRETLIV $s R_SLI $w 34 $y 2024-04-30 $A 0
995    $0 0 $2 0 $4 0 $5 2020-10-28 $9 416316 $b MED $c MED $e MED1A $f C1400008613 $h ALTROZZ $k R/SLI $n 2024-05-14 $o 0 $p 20.00 $r PRETLIV $s R_SLI $w 29 $y 2024-04-02 $A 0

