02043cam1a2200505 i 4500
001 325902
003 http://www.mediathequederoubaix.fr/ark:/20179/KH325902
005 20240512061505.0
010    $a 978-2-36808-740-4 $b cart. $d 12,95 EUR
073  0 $a 9782368087404
090    $a 325902
100    $a 20191028d2020    b  |0frey5003||||ba
101 0  $a fre
102    $a FR
105    $a         0||y|
106    $a r
181  0 $6 01 $a i  $b xxxe   $a b  $b xb2e  
181    $6 02 $c txt $c sti $2 rdacontent
182  0 $6 01 $a n
182    $6 02 $c n $2 rdamedia
183    $6 01 $a nga
183    $6 02 $a nc $2 rdacarrier
200 1  $a Mes quatre saisons $b Texte imprimé $f illustrations de Dawid Ryski $g texte Amy Visram
210    $a Paris $c Kimane éditions $d 2020
211    $a 20200116
214  0 $a Paris $c Kimane éditions $d 2020
215    $a 1 vol. (32 p.) $c illustrations en couleur $d 30 x 22 cm
300    $a Traduit de l'anglais
330    $a Une histoire évoquant les petits plaisirs et les moments partagés en famille au fil des saisons : s'endormir à la belle étoile en été, la cueillette des champignons en automne ou encore les batailles de boules de neige en hiver. ­Electre 2020
333    $a A partir de 3 ans
345    $b 9782368087404
686    $a J000110 $2 electre
686    $a GJEU002 $2 electre
686    $a GJEU015 $2 electre
686    $a PJ0201 $2 electre
700  1 $6 12017450 $a Ryski $b Dawid $4 440
701  1 $6 12120411 $a Visram $b Amy $4 070
801  3 $a FR $b Electre $c 20200122 $g AFNOR
830    $a ELECTREannie04/06/2020 20200604
856 4  $u https://www.electre.com/GetBlob.ashx?Ean=9782368087404,0-6318855&Size=Original
099    $t LI $x 29 $d 2024-05-12 $c 2020-06-04
339    $a a
091    $a 2 $b 20240512 $c 0
995    $0 0 $2 0 $4 0 $5 2020-06-11 $9 409029 $b MED $c MED $e MED2A $f C2500017481 $h JABEFAE $k E A/RYS $o 0 $p 12.95 $r PRETLIV $s E_A_RYS $w 10 $y 2024-04-26
995    $0 0 $2 0 $4 0 $5 2020-07-22 $9 411482 $P 12.95 $b MED $c MED $e MED0A $f C3500011177 $h JABEFAE $k EXT E A/RYS $n 2024-06-27 $o 0 $p 12.95 $r PRETLIV $s EXT_E_A_RYS $w 19 $y 2024-04-18 $8 MA064

