02070cam1a2200469 i 4500
001 326010
003 http://www.mediathequederoubaix.fr/ark:/20179/KH326010
005 20240512062118.0
010    $a 978-2-01-220234-4 $b br. $d 5,90 EUR
073  0 $a 9782012202344
090    $a 326010
091    $a 2 $b 20240512 $c 0
099    $t LI $x 19 $d 2024-05-12 $c 2020-06-04
100    $a 20141023d2015    d  |0frey5003||||ba
101 1  $a fre $c eng
102    $a FR
105    $a         0||y|
106    $a r
200 1  $a Les aventures de Tom Sawyer $b Texte imprimé $f Mark Twain $g traduction de P.-F. Caillé, revue et corrigée par Y. Dubois-Mauvais $g illustrations Rozier-Gaudriault
205    $a Nouvelle édition
210    $a Paris $c Le Livre de poche jeunesse $d 2015
211    $a 20150218
215    $a 1 vol. (411 p.) $c illustrations en noir et blanc $d 18 x 13 cm
225 2  $a Le Livre de poche $x 0248-3653 $v 1155 $i Jeunesse $x 0223-7091
330    $a Tom Sawyer vit chez sa tante Polly, en Louisiane au bord du Mississippi. Avec ses amis Joe, Ben et Huck, Tom joue et fait l'école buissonnière. ­Electre 2020
333    $a A partir de 10 ans
339    $a a
345    $b 9782012202344
410  0 $0 34227359 $t Le Livre de poche. Jeunesse $x 0223-7091 $v 1155
609    $2 rbxRomJ $a Romans d'aventure
686    $2 electre
686    $2 electre
686    $2 electre
686    $2 electre
700    $3 11927291 $7 ba0yba0y $8 fre    $a Twain $b Mark $f 1835-1910 $4 070 $9 2586
702    $3 13162777 $7 ba0yba0y $8 fre    $a Caillé $b Pierre-François $f 1907-1979 $4 730 $9 31740
702  1 $3 12142246 $9 31741 $a Dubois-Mauvais $b Y. $4 730
702    $3 12200434 $7 ba0yba0y $8 fre    $a Rozier-Gaudriault $4 440 $9 16309
801  3 $a FR $b Electre $c 20200423 $g AFNOR
830    $a ELECTREannie 14/03/2020 20200604
856 4  $u https://www.electre.com/GetBlob.ashx?Ean=9782012202344,0-2487411&Size=Original
995    $0 0 $2 0 $4 0 $5 2020-06-13 $9 409222 $b MED $c MED $e MED2A $f C2500017163 $h JROROZZ $k E R/TWA $n 2024-05-28 $o 0 $p 5.90 $r PRETLIV $s E_R_TWA $u tache de café sur le haut des pages/gondolé $w 19 $y 2024-04-16 $7  $8  $A  $m  $z 

