01661cam a2200421   4500
001 326117
003 http://www.mediathequederoubaix.fr/ark:/20179/KH326117
010    $a 978-2-8096-6960-2 $b br. $d 8,90 EUR
020    $a FR $b 02024104
033    $a http://catalogue.bnf.fr/ark:/12148/cb465136431
035    $a FRBNF465136430000006
073  0 $a 9782809669602
090    $a 326117
091    $a 2 $b 20240512 $c 1
099    $t LI $x 10 $d 2024-05-12 $c 2020-06-11
100    $a 20200205d2020    a  y0frey50      ba
101 0  $a fre
102    $a FR
105    $a ||||z   00|a|
106    $a r
181  0 $6 01 $a i  $b xxxe  
181    $6 02 $c txt $2 rdacontent
182  0 $6 01 $a n
182    $6 02 $c n $2 rdamedia
200 1  $a On monte un groupe ? $b Texte imprimé $f Catherine Kalengula $g illustrations de Stéphanie Lezziero
210    $a Paris $c Play Bac $d 2020
214  0 $a Paris $c PlayBac $d DL 2020
214  3 $a impr. en Serbie
215    $a 1 vol. (122 p.) $c ill. en coul. $d 21 cm $e 1 planche de stickers
225 19 $a Coeur de pop $v 1
330    $a Trois collégiennes passionnées de musique se décident à fonder leur premier groupe. ­Electre 2020
339    $a a
686    $a 809 $2 Cadre de classement de la Bibliographie nationale française
700    $3 15101912 $9 310529 $o ISNI0000000005016483 $a Kalengula $b Catherine $f 1972-.... $4 070
702    $3 16793717 $9 339157 $o ISNI000000044894879X $a Lezziero $b Stéphanie $4 440
801  0 $a FR $b FR-751131015 $c 20200205 $g AFNOR $h FRBNF465136430000006 $2 intermrc
999    $a FRBNF465136430000006
995    $0 0 $2 0 $4 0 $5 2020-07-09 $9 410928 $b MED $c MED $e MED2A $f C2500018256 $h JROROZZ $k E R/KAL $o 0 $p 8.90 $r PRETLIV $s E_R_KAL $w 10 $y 2022-10-25

