01875cam1a2200421 i 4500
001 326219
003 http://www.mediathequederoubaix.fr/ark:/20179/KH326219
005 20220927020449.0
010    $a 978-2-85923-078-4 $b br. $d 15 EUR
011    $a 2109-2761
033    $a http://catalogue.bnf.fr/ark:/12148/cb45701411c
073  0 $a 9782859230784
090    $a 326219
091    $a 0 $b 20200614 $c 0
099    $t LI $d 2022-09-27
100    $a 20181212d2018    k  |0frey5003||||ba
101 0  $a fre
102    $a FR
105    $a f       0||y|
106    $a r
200 1  $a Rassembler les mots et les choses
210    $a Strasbourg $c Bibliothèque nationale et universitaire de Strasbourg $d 2018
215    $a 105 p.-1 pl. $c ill. en noir et en couleur $d 27 cm
300    $a Numéro 18 de "La revue de la BNU"
330    $a Un dossier consacré aux collections d'objets dans les bibliothèques, notamment à la Bibliothèque nationale de France et à la Bibliothèque nationale et universitaire de Strasbourg. Les articles évoquent notamment la question de la numérisation de ces objets, le dépôt légal, les fonds sigillographiques, les "bibliothèques d'objets" aux Etats-Unis. ­Electre 2020
333    $a Public motivé
339    $a m
345    $b 9782859230784
461  0 $t Revue de la BNU (La) $v 18 $x 2109-2761
606    $3 11945345 $7 ba0yba0y $8 fre    $a Bibliothèques $x Fonds spéciaux $2 rameau $9 49531
606    $3 13319071 $7 ba0yba0y $8 fre    $a Patrimoine culturel $2 rameau $9 38799
606    $3 11934773 $7 ba0yba0y $8 fre    $a Antiquités (objets anciens) $2 rameau $9 2699
676    $a 025.8 $v 23
686    $2 electre
686    $2 electre
686    $2 electre
801  3 $a FR $b Electre $c 20191121 $g AFNOR
995    $0 0 $2 0 $4 0 $5 2020-06-16 $9 409271 $b MED $c MED $e MED3D $f C3200020622 $h ACFBPZZ $k BIB PROF/3.0 REV $o 0 $p 15.00 $r PRETLIV $s BIB_PROF_3_000000000000000_REV $w 0 $y 2020-06-16

