02294ngm0a2200421   4500
001 326332
003 http://www.mediathequederoubaix.fr/ark:/20179/KH326332
073  1 $a 3512392423970
090    $a 326332
091    $a 1 $b 20240512 $c 0
099    $t VD $x 44 $d 2024-05-12 $c 2020-06-18
100    $a 20200131d2020    m  y0frey5003    ba
101 2  $a eng $a fre $c eng $j fre
102    $a US
115    $a c131baizxbx||||bkxx|
200 1  $a A couteaux tirés $b DVD $f Rian Johnson, réal. $g Rian Johnson, scénario $g Nathan Johnson, comp. $g Daniel Craig, Chris Evans, Jamie Lee Curtis, Ana De Armas, Michael Shannon, Don Johnson, ... [et al.] act.
210    $a Paris $c Metropolitan filmexport $d 2020
215    $a 1 DVD 2 couches sur une simple face (02 h 11 mn) $c 1.85:1, 16/9, coul., (PAL), Son. (Dolby Digital 5.1; anglais; français)
300    $a Langues principales : anglais, français; Sous-titres : français
300    $a Droit de prêt et consultation
300    $a Lionsgate, Media Rights Capital, cop. 2019
300    $a **
327    $a Making of. Bandes-annonces.
330    $a Célèbre auteur de polars, Harlan Thrombey est retrouvé mort dans sa somptueuse propriété, le soir de ses 85 ans. L'esprit affûté et la mine débonnaire, le détective Benoit Blanc est alors engagé par un commanditaire anonyme afin d'élucider l'affaire. Mais entre la famille d'Harlan qui s'entre-déchire et son personnel qui lui reste dévoué, Blanc plonge dans les méandres d'une enquête mouvementée, mêlant mensonges et fausses pistes, où les rebondissements s'enchaînent à un rythme effréné jusqu'à la toute dernière minute.
339    $a m
345    $b 3512392423970 $d 57.34 EUR
606    $a Drames (cinéma) $x DVD $y Etats-Unis $2 rameau
700  1 $a Johnson $b Rian $4 300 $4 690
702  1 $a Johnson $b Nathan $4 230
702  1 $a Craig $b Daniel $4 005
702  1 $a Evans $b Chris $4 005
702  1 $a Curtis $b Jamie Lee $4 005
702  1 $a De Armas $b Ana $4 005
702  1 $a Shannon $b Michael $4 005
702  1 $a Johnson $b Don $4 005
801  0 $a FR $b ADAV $c 20200131 $g AFNOR
856    $u https://www.adav-assoc.com/4DACTION/GetImage/258343
995    $0 0 $2 0 $4 0 $5 2020-07-03 $9 410473 $b MED $c MED $e MED1A $f C3100008164 $h AAPCIFI $k DVD/F JOH $n 2024-04-25 $o 0 $p 39.00 $r PRETDVD $s DVD_F_JOH $u Surprise $w 44 $y 2024-04-04

