02421cam a2200481   4500
001 326461
003 http://www.mediathequederoubaix.fr/ark:/20179/KH326461
010    $a 978-2-09-259344-8 $b br. $d 16,95 EUR
020    $a FR $b 02048038
033    $a http://catalogue.bnf.fr/ark:/12148/cb465036685
035    $a FRBNF465036680000001
073  0 $a 9782092593448
090    $a 326461
091    $a 2 $b 20240513 $c 1
099    $t LI $x 9 $d 2024-05-13 $c 2020-06-19
100    $a 20200120d2020    a  y0frey50      ba
101 1  $a fre $c eng
102    $a FR
105    $a ||||z   00|a|
106    $a r
181  0 $6 01 $a i  $b xxxe  
181    $6 02 $c txt $2 rdacontent
182  0 $6 01 $a n
182    $6 02 $c n $2 rdamedia
200 1  $a La fin et autres commencements $b Texte imprimé $f Veronica Roth $g illustrations, Ashley Mackenzie $g traduit de l'anglais (États-Unis) par Anne Delcourt
210    $a Paris $c Nathan $d DL 2020
214  0 $a Paris $c Nathan $d DL 2020
214  3 $a 61-Lonrai $c Normandie roto impr.
215    $a 1 vol. (297 p.) $c ill. $d 23 cm
329    $c Pourquoi pas ? $2 CNLJ $k Avis critique donné par le Centre national de la littérature pour la jeunesse
330    $a Six histoires qui explorent chacune un futur différent où la technologie transforme les êtres et façonne de nouvelles possibilités. Qu'ils soient proches ou éloignés de notre univers, les protagonistes restent confrontés à des problématiques humaines comme la mort, le renouveau, la haine, l'amour, la vengeance ou le pardon. ­Electre 2020
333    $a À partir de 13 ans $2 CNLJ $k Avis critique donné par le Centre national de la littérature pour la jeunesse
339    $a m
454  1 $t The end and other beginnings : stories from the future
608    $a Romans $2 CNLJ $k Avis critique donné par le Centre national de la littérature pour la jeunesse
609    $a Science-fiction
686    $a 809 $2 Cadre de classement de la Bibliographie nationale française
700    $3 16557547 $9 117761 $o ISNI0000000108182046 $a Roth $b Veronica $f 1988-.... $4 070
702    $3 17863049 $9 339214 $a Mackenzie $b Ashley $4 440
702    $3 13625173 $9 33082 $o ISNI0000000118771071 $a Delcourt $b Anne $4 730
801  0 $a FR $b FR-751131015 $c 20200120 $g AFNOR $h FRBNF465036680000001 $2 intermrc
999    $a FRBNF465036680000001
995    $0 0 $2 0 $4 0 $5 2020-06-24 $9 409751 $b MED $c MED $e MED1A $f C2300010234 $h ALTROAD $k ADO R/ROT $o 0 $p 16.95 $r PRETLIV $s ADO_R_ROT $w 9 $y 2023-05-09

