01968cam1a2200457 i 4500
001 326568
003 http://www.mediathequederoubaix.fr/ark:/20179/KH326568
005 20240513032911.0
010    $a 978-2-7096-6610-7 $b br. $d 22,90 EUR
073  0 $a 9782709666107
090    $a 326568
100    $a 20200106d2020    |  |0frey5003||||ba
101 1  $a fre $c eng
102    $a FR
105    $a         0||a|
106    $a r
181  0 $6 01 $a i  $b xxxe  
181    $6 02 $c txt $2 rdacontent
182  0 $6 01 $a n
182    $6 02 $c n $2 rdamedia
183    $6 01 $a nga
183    $6 02 $a nc $2 rdacarrier
200 1  $a Trois petits tours et puis reviennent $b Texte imprimé $e roman $f Kate Atkinson $g traduit de l'anglais (Grande-Bretagne) par Sophie Aslanides
210    $a Paris $c Lattès $d 2020
211    $a 20200318
214  0 $a Paris $c Lattès $d 2020
215    $a 1 vol. (456 p.) $d 23 x 14 cm
225 2  $a Suspense et Cie $f Sibylle Zavriew $x 1159-7879
330    $a Le détective Jackson Brodie vit seul dans un village de bord de mer dans le Yorkshire du nord. Alors qu'il travaille sur une nouvelle mission qui consiste à rassembler des preuves de l'infidélité d'un mari, la rencontre avec un homme désespéré au sommet d'une falaise le conduit à retrouver une ancienne connaissance et le mêle à une sombre affaire. ­Electre 2020
345    $b 9782709666107
410  0 $0 34273686 $6 19570 $7 0265640000 $t Suspense et Cie $x 1159-7879
676    $a 823 $v 23
686    $a T321010 $2 electre
686    $a GLEC001 $2 electre
700    $3 13077064 $6 1357455 $7 ba0yba0y $8 fre    $a Atkinson $b Kate $f 1951-.... $4 070 $9 36700
702    $3 13745245 $6 1134501 $7 ba0yba0y $8 fre    $a Aslanides $b Sophie $f 1966-.... $4 730 $9 91554
801  3 $a FR $b Electre $c 20200618 $g AFNOR
099    $t LI $x 20 $d 2024-05-13 $c 2020-06-20
339    $a m
091    $a 2 $b 20240513 $c 0
995    $0 0 $2 0 $4 0 $5 2020-06-20 $9 409611 $b MED $c MED $e MED1A $f C3200020798 $h ALTROPL $k RP/ATK $o 0 $p 23.00 $r PRETLIV $s RP_ATK $w 20 $y 2024-03-19

