02369cam a2200481   4500
001 326674
003 http://www.mediathequederoubaix.fr/ark:/20179/KH326674
010    $a 978-2-8189-6694-5 $b rel. $d 14,90 EUR
020    $a FR $b 02036860
033    $a http://catalogue.bnf.fr/ark:/12148/cb465327304
035    $a FRBNF465327300000006
073  0 $a 9782818966945
090    $a 326674
091    $a 2 $b 20240513 $c 1
099    $t LI $x 32 $d 2024-05-13 $c 2020-06-23
100    $a 20200304d2020    m  y0frey50      ba
101 0  $a fre
102    $a FR
105    $a ||||t   00|a|
106    $a r
181  0 $6 01 $a i  $b xxxe   $a b  $b xb2e  
181    $6 02 $c txt $c sti $2 rdacontent
182  0 $6 01 $a n
182    $6 02 $c n $2 rdamedia
200 1  $a De profundis $b Texte imprimé $f scénario, Sébastien Mao $g dessins, Pierre Waltch $g couleurs, Sandrine Cordurié
210    $a Charnay-lès-Mâcon $c Bamboo édition $d DL 2020
214  0 $a Charnay-lès-Mâcon $c Bamboo édition $d DL 2020
214  3 $a 91-Palaiseau $c Impr. PPO graphic
215    $a 1 vol. (61 p.) $c ill. en coul. $d 30 cm
225 19 $a Island $v 2
329    $c Intéressant $2 CNLJ $k Avis critique donné par le Centre national de la littérature pour la jeunesse
330    $a La suite des aventures d'Alex et de ses camarades, échoués sur une île lors d'une sortie sur l'océan avec leur moniteur. Avec un guide de survie en fin d'album. ­Electre 2020
333    $a À partir de 9 ans $2 CNLJ $k Avis critique donné par le Centre national de la littérature pour la jeunesse
339    $a a
461  0 $0 45516244 $t Island $v 2
608    $a Bandes dessinées $2 CNLJ $k Avis critique donné par le Centre national de la littérature pour la jeunesse
686    $a 805 $2 Cadre de classement de la Bibliographie nationale française
700    $3 16902039 $9 307336 $o ISNI0000000439807952 $a Mao $b Sébastien $f 1982-.... $4 070
702    $3 15778886 $9 108679 $o ISNI000000000256701X $a Waltch $f 1984-.... $4 440
801  0 $a FR $b FR-751131015 $c 20200304 $g AFNOR $h FRBNF465327300000006 $2 intermrc
999    $a FRBNF465327300000006
995    $0 0 $2 0 $4 0 $5 2020-06-25 $9 409867 $b MED $c MED $e MED2A $f C2500017956 $h JBDZZZZ $k E BD/MAO $n 2024-06-08 $o 0 $p 14.90 $r PRETLIV $s E_BD_MAO $w 30 $y 2024-03-24
995    $0 0 $2 1 $4 0 $5 2020-08-11 $9 412619 $P 14.90 $b MED $c MED $e MED0A $f C3500011317 $h JBDZZZZ $k EXT E BD/MAO $n 2023-07-07 $o 0 $p 14.90 $r PRETLIV $s EXT_E_BD_MAO $w 2 $y 2022-08-26

