02350cam2a2200577 i 4500
001 326785
003 http://www.mediathequederoubaix.fr/ark:/20179/KH326785
005 20240515212040.0
010    $a 978-2-08-151187-3 $b br. $d 5,60 EUR
073  0 $a 9782081511873
090    $a 326785
100    $a 20200514d2020    c  |0frey5003||||ba
101 0  $a fre
102    $a FR
105    $a         0||y|
106    $a r
181  0 $6 01 $a i  $b xxxe  
181    $6 02 $c txt $2 rdacontent
182  0 $6 01 $a n
182    $6 02 $c n $2 rdamedia
183    $6 01 $a nga
183    $6 02 $a nc $2 rdacarrier
200 1  $a Alerte aux poux ! $b Texte imprimé $e niveau 1 $f texte de Magdalena $g illustrations d'Emmanuel Ristord
205    $a Nouvelle édition
210    $a Paris $c Flammarion-Jeunesse $d 2020
211    $a 20200603
214  0 $a Paris $c Flammarion-Jeunesse $d 2020
215    $a 1 vol. (37 p.) $c illustrations en couleur $d 20 x 15 cm
225 1  $a Je suis en CP $v 14
225 2  $a Castor poche $x 0248-0492
225 2  $a Je suis en...
330    $a Alice et Basil ont des poux. La maîtresse Julie organise la résistance avec les parents. Au bout de quelques jours, les poux ont disparu chez les enfants mais la maîtresse en a attrapé. ­Electre 2020
333    $a A partir de 6 ans
345    $b 9782081511873
410  0 $0 34228491 $6 6789 $7 0099990000 $t Castor poche $x 0248-0492
410  0 $6 359691 $t Je suis en...
461  0 $6 301471 $t Je suis en CP $v 14
686    $a J000603 $2 electre
686    $a GJEU013 $2 electre
686    $a GRPO000 $2 electre
686    $a PJ0301 $2 electre
700    $3 13166215 $6 1364250 $7 ba0yba0y $8 fre    $a Magdalena $f 1961-.... $4 070 $9 40157
702    $3 16183626 $6 1131380 $7 ba0yba0y $8 fre    $a Ristord $b Emmanuel $4 440 $9 108128
801  3 $a FR $b Electre $c 20200624 $g AFNOR
830    $a ELECTREannie26/06/2020 20200627
856 4  $u https://www.electre.com/GetBlob.ashx?Ean=9782081511873,0-6760463&Size=Original
099    $t LI $x 27 $d 2024-05-15 $c 2020-06-27
339    $a a
091    $a 2 $b 20240513 $c 0
995    $0 3 $2 1 $4 0 $5 2020-06-27 $9 410140 $P 5.60 $b MED $c MED $e MED2A $f C2500018079 $h JRORMZZ $k PRE R/MAG $n 2022-08-27 $o 4 $p 5.60 $r PRETLIV $s PRE_R_MAG $w 22 $y 2022-08-06 $7  $8  $A  $m  $z 
995    $0 0 $2 0 $4 0 $5 2023-09-20 $9 465798 $P 5.60 $b MED $c MED $e MED2A $f C2500033255 $h JRORMZZ $k PRE R1/MAG $n 2024-06-05 $o 0 $p 5.60 $r PRETLIV $s PRE_R1_MAG $w 5 $y 2024-05-15

