02387cam a2200445   4500
001 326891
003 http://www.mediathequederoubaix.fr/ark:/20179/KH326891
010    $a 979-1-0347-3697-3 $b rel. $d 13,95 EUR
020    $a FR $b 02113553
033    $a http://catalogue.bnf.fr/ark:/12148/cb46538968t
035    $a FRBNF465389680000001
073  0 $a 9791034736973
090    $a 326891
091    $a 0 $b 20220415 $c 1
099    $t LI $x 123 $d 2024-04-19 $c 2020-06-27
100    $a 20200312d2020    m  y0frey50      ba
101 1  $a fre $c ita
102    $a BE
105    $a ||||t   00|a|
106    $a r
200 1  $a Les sœurs Grémillet $b Texte imprimé $f scénario, Di Gregorio $g avec la collaboration de Barbucci $g dessin & couleur, Barbucci $h 1 $i Le rêve de Sarah
210    $a Marcinelle $c Dupuis $d DL 2020
214  0 $a Marcinelle (Belgique) $a [Paris] $c Dupuis $d DL 2020
214  3 $a impr. en Belgique
215    $a 1 vol. (71 p.) $c ill. en coul. $d 29 cm
225 19 $a Les sœurs Grémillet $v 1
300    $a Trad. de l'italien
330    $a Obsédée par un rêve étrange, Sarah cherche à l'élucider avec l'aide de ses deux soeurs, Cassiopée et Lucille. Une chronique familiale moderne qui, derrière les révélations d'un drame du passé, célèbre l'amour d'une mère pour ses enfants. ­Electre 2020
333    $a À partir de 11 ans
339    $a a
461  0 $0 46546546 $t Les sœurs Grémillet $v 1
608    $a Bandes dessinées $2 CNLJ
686    $2 Cadre de classement de la Bibliographie nationale française
700    $3 15525215 $9 47320 $a Di Gregorio $b Giovanni $4 070 $9 47320
702    $3 13608405 $7 ba0yba0y $8 fre    $a Barbucci $b Alessandro $f 1973-.... $4 440 $9 77450
801  0 $a FR $b FR-751131015 $c 20200312 $g AFNOR $h FRBNF465389680000001 $2 intermrc
995    $0 0 $2 0 $4 0 $5 2020-07-03 $9 410444 $b MED $c MED $e MED2A $f C2500018194 $h JBDZZZZ $k E BD/DIG $o 0 $p 13.95 $r PRETLIV $s E_BD_DIG $u réparations faites le 02/03/24 $w 44 $y 2024-05-15
995    $0 0 $2 0 $4 0 $5 2020-07-24 $9 412007 $b MED $c MED $e MED2A $f C2500018348 $h JBDZZZZ $k E BD/DIG $n 2024-05-09 $o 0 $p 13.95 $r PRETLIV $s E_BD_DIG $w 46 $y 2024-04-18
995    $0 0 $2 0 $4 0 $5 2020-08-11 $9 412683 $P 13.95 $V 1 $b MED $c MED $e MED0A $f C3500011284 $h JBDZZZZ $k EXT E BD/DIG $n 2024-06-28 $o 0 $p 13.95 $r PRETLIV $s EXT_E_BD_DIG $w 19 $y 2024-04-19 $8 MA017
995    $0 0 $2 0 $4 0 $5 2022-10-13 $9 450732 $P 13.95 $b BUS $c BUS $e BUS1A $f C3500016860 $h JBDSRZZ $k BUE E BD/SOE $o 0 $r PRETLIV $s BUE_E_BD_SOE $w 14 $y 2024-03-06

