02866cam a2200469   4500
001 327005
003 http://www.mediathequederoubaix.fr/ark:/20179/KH327005
010    $a 978-2-8001-4786-4 $b rel. $d 24 EUR
020    $a FR $b 01066968
033    $a http://catalogue.bnf.fr/ark:/12148/cb423263557
035    $a FRBNF423263550000005
073  0 $a 9782800147864
090    $a 327005
091    $a 2 $b 20240518 $c 1
099    $t LI $x 21 $d 2024-05-18 $c 2020-06-30
100    $a 20101126d2010    m  y0frey50      ba
101 0  $a fre
102    $a BE
105    $a ||||t   00|a|
106    $a r
181  0 $6 01 $a i  $b xxxe   $a b  $b xb2e  
181    $6 02 $c txt $c sti $2 rdacontent
182  0 $6 01 $a n
182    $6 02 $c n $2 rdamedia
200 1  $a Gil Jourdan $e l'intégrale $h 4 $b Texte imprimé $f [M. Tillieux]
210    $a [Marcinelle] $a [Paris] $c Dupuis $d DL 2010 $e impr. en Italie
215    $a 1 vol. (240 p.-[13] p.) $c ill. en noir et en coul., couv. ill. en coul. $d 30 cm
300    $a Réunit : "Carats en vrac" ; "Fantômes" ; "Sur la piste d'un 33 tours" ; "Entre deux eaux"
321    $a La Revue des livres pour enfants $x 0398-8384
321    $a La Revue des livres pour enfants. Sélection annuelle
329    $c Coup de coeur ! $d 20101203 $f OP $2 CNLJ $k Avis critique donné par le Centre national de la littérature pour la jeunesse
329    $a Fin de l'intégrale d'un des meilleurs moments du Journal de Spirou. Tillieux, roi du polar, obligé d'abandonner Félix, créa Gil Jourdan, aux aventures bien mieux construites, pleines de suspense et d'action. Le jeune détective, flanqué d'une adorable secrétaire persifleuse et d'un ancien cambrioleur à l'humour grotesque, vit des aventures rythmées, dangereuses. Tillieux était l'un des rares à utiliser des ambiances et décors urbains, banlieusards, très réalistes. Le changement de dessinateur pour les derniers albums ne dépare pas ce must ! $d 20120314
330    $a Dernier volume de l'intégrale des aventures du détective et de son équipe, interrompues par le décès de l'auteur. Les quatre dernières enquêtes s'accompagnent d'inédits parus entre 1971 et 1978. ­Electre 2020
333    $a À partir de 9 ans $2 CNLJ $k Avis critique donné par le Centre national de la littérature pour la jeunesse
339    $a m
461  0 $0 42030572 $t Gil Jourdan $v 4
608    $a Bandes dessinées $2 CNLJ $k Avis critique donné par le Centre national de la littérature pour la jeunesse
686    $a 805 $2 Cadre de classement de la Bibliographie nationale française
700    $3 11926669 $9 22050 $o ISNI0000000071406607 $a Tillieux $b Maurice $f 1921-1978 $4 070
801  0 $a FR $b FR-751131015 $c 20101126 $g AFNOR $h FRBNF423263550000005 $2 intermrc
999    $a FRBNF423263550000005
995    $0 0 $2 0 $4 0 $5 2020-07-11 $9 411022 $b MED $c MED $e MED0C $f C2300010586 $h AAPBDSR $k BD/P $n 2024-06-21 $o 0 $p 24.00 $r PRETLIV $s BD_P $w 21 $y 2024-05-10

