02311cam a2200469   4500
001 327117
003 http://www.mediathequederoubaix.fr/ark:/20179/KH327117
010    $a 978-2-36098-471-8 $b br. $d 25 EUR
020    $a FR $b 02012108
033    $a http://catalogue.bnf.fr/ark:/12148/cb46518810t
035    $a FRBNF465188100000009
073  0 $a 9782360984718
090    $a 327117
091    $a 2 $b 20240519 $c 1
099    $t LI $x 11 $d 2024-05-19 $c 2020-07-02
100    $a 20200213d2020    m  y0frey50      ba
101 1  $a fre $c eng
102    $a FR
105    $a ||||z   00|y|
106    $a r
181  0 $6 01 $a i  $b xxxe   $a b  $b xb2e  
181    $6 02 $c txt $c sti $2 rdacontent
182  0 $6 01 $a n
182    $6 02 $c n $2 rdamedia
200 1  $a L'auto-suffisance c'est possible ! $b Texte imprimé $e fruits, légumes, viande, oeufs, boissons, plantes aromatiques & médicinales $f Sally Nex $g avant-propos de Christine Walkden $g traduit de l'anglais par Pierre Bertrand
210    $a Mens $c Terre vivante $d DL 2020 $e impr. en Espagne
214  0 $a Mens $c Terre vivante $d DL 2020
214  3 $a impr. en Espagne
215    $a 1 vol. (239 p.) $c il. en coul. $d 24 cm
300    $a Bibliogr. p. 235. Index
330    $a Des conseils pour cultiver des légumes, des fruits, des plantes médicinales et aromatiques ainsi que pour produire du miel, de la viande et des oeufs afin d'encourager l'autonomie alimentaire. Avec un programme de semis et de récoltes ainsi que de nombreux conseils pour transformer et conserver ses aliments. ­Electre 2020
339    $a m
454  1 $t Growing self-sufficiency : realize your dream and enjoy producing your own fruit, vegetables, eggs and meat
606    $3 12264492 $9 70882 $a Autosuffisance $2 rameau
606    $3 11942209 $9 52027 $a Jardinage biologique $2 rameau
676    $a 635 $v 23
686    $a 630 $2 Cadre de classement de la Bibliographie nationale française
700    $3 17870506 $9 337309 $a Nex $b Sally $4 070
702    $3 12271825 $9 3369 $o ISNI0000000122782232 $a Bertrand $b Pierre $f 1962-.... $4 730
801  0 $a FR $b FR-751131015 $c 20200213 $g AFNOR $h FRBNF465188100000009 $2 intermrc
999    $a FRBNF465188100000009
995    $0 3 $2 1 $4 0 $5 2020-07-03 $9 410450 $b MED $c MED $e MED1A $f C2300010442 $h AAPPLFF $k Doc./585 ABC $n 2022-03-16 $o 4 $p 25.00 $r PRETLIV $s DOC___585_000000000000000_ABC $w 11 $y 2022-02-02

