04212cam a2200517   4500
001 327227
003 http://www.mediathequederoubaix.fr/ark:/20179/KH327227
010    $a 978-2-7324-9324-4 $b rel. $d 12,90 EUR
020    $a FR $b 02102123
033    $a http://catalogue.bnf.fr/ark:/12148/cb46547024p
035    $a FRBNF465470240000007
073  0 $a 9782732493244
090    $a 327227
091    $a 2 $b 20240519 $c 1
099    $t LI $x 39 $d 2024-05-19 $c 2020-07-03
100    $a 20200603d2020    a  y0frey50      ba
101 1  $a fre $c spa
102    $a FR
105    $a ||||z   00|a|
106    $a r
181  0 $6 01 $a i  $b xxxe   $a b  $b xb2e  
181    $6 02 $c txt $c sti $2 rdacontent
182  0 $6 01 $a n
182    $6 02 $c n $2 rdamedia
200 1  $a Le caïman $b Texte imprimé $f María Eugenia Manrique $g [illustrations], Ramón París
210    $a Paris $c La Martinière jeunesse $d DL 2020
214  0 $a Paris $c La Martinière jeunesse $d DL 2020
214  3 $a impr. en Italie
215    $a 1 vol. (non paginé [33] p.) $c ill. en coul. $d 19 X 32 cm
321    $a La Revue des livres pour enfants $x 0398-8384 $c 313
321    $a La Revue des livres pour enfants. Sélection annuelle $c 315
329    $c Bravo ! $a Tiré d'une histoire vraie, ce très bel album retrace la vie du caïman Negro et de Faoro, le joaillier et horloger qui l'a recueilli bébé au Venezuela. Leur relation - improbable - et pourtant si forte comme la fidélité du caïman au-delà de la mort de Faoro sont dépeintes magnifiquement. Ce récit expose leur vie joyeuse et sereine auprès des enfants du quartier, de la femme de Faoro, des autres animaux, parmi les plantes luxuriantes. Les illustrations de Ramón París sont très belles, mêlant les couleurs chatoyantes et le trait noir au blanc de la page, le foisonnement de la végétation à la stylisation des personnages. Tenant à la fois des peintures du Douanier-Rousseau et des planches naturalistes, ces grandes illustrations doubles pages emportent le lecteur. Bravo ! $d 20200601 $f JLD $2 CNLJ $k Avis critique donné par le Centre national de la littérature pour la jeunesse
329    $a Tiré d'une histoire vraie, cet album évoque l'extraordinaire relation entre le caïman Negro et Faoro, le joaillier-horloger qui l'a recueilli bébé au Venezuela. Ce récit dépeint dans un format allongé leur vie joyeuse et sereine auprès des enfants du quartier, de la femme de Faoro et des autres animaux puis le deuil partagé de Negro et de l'épouse, à la mort de Faoro... jusqu'au retour de la vie. Les illustrations de Ramón París mêlent des couleurs chatoyantes et un trait noir au blanc de la page, le foisonnement de la végétation à la stylisation des personnages. $d 20201101
330    $a Dans un village tropical, un groupe d'enfants découvre un petit caïman orphelin au bord de la rivière. Au coucher du soleil, Faoro décide de prendre soin de lui. Bientôt sa joaillerie est remplie de nouveaux clients, voisins et enfants, qui viennent jouer avec l'animal. Un récit d'amitié tiré d'une histoire vraie. ­Electre 2020
333    $a À partir de 6 ans $2 CNLJ $k Avis critique donné par le Centre national de la littérature pour la jeunesse
333    $a À partir de 3 ans $2 CNLJ $k Avis critique donné par le Centre national de la littérature pour la jeunesse
339    $a a
608    $a Albums $2 CNLJ $k Avis critique donné par le Centre national de la littérature pour la jeunesse
686    $a 809 $2 Cadre de classement de la Bibliographie nationale française
700    $3 12220794 $9 322560 $a Manrique $b María Eugenia $4 070
702    $3 16798300 $9 322561 $o ISNI0000000460282505 $a París $b Ramon $f 1969-.... $4 440
801  0 $a FR $b FR-751131015 $c 20200603 $g AFNOR $h FRBNF465470240000007 $2 intermrc
999    $a FRBNF465470240000007
995    $0 0 $2 0 $4 0 $5 2020-07-29 $9 412162 $b MED $c MED $e MED2A $f C2500018443 $h JABEFAE $k E A/PAR $o 0 $p 12.90 $r PRETLIV $s E_A_PAR $w 18 $y 2024-04-03
995    $0 0 $2 0 $4 0 $5 2020-08-12 $9 412824 $P 12.90 $b MED $c MED $e MED0A $f C3500011570 $h JABEFAE $k EXT E A/MAN $n 2024-07-11 $o 0 $p 12.90 $r PRETLIV $s EXT_E_A_MAN $w 15 $y 2023-09-01
995    $0 0 $2 0 $4 0 $5 2021-01-26 $9 421555 $P 12.90 $b BUS $c BUS $e BUS1A $f C3500012791 $h JABEFAE $k BUS E A $o 0 $r PRETLIV $s BUS_E_A $w 6 $y 2023-11-25

