02147cam a2200445   4500
001 327332
003 http://www.mediathequederoubaix.fr/ark:/20179/KH327332
010    $a 978-2-253-93436-3 $b br. $d 8,90 EUR
020    $a FR $b 02018033
033    $a http://catalogue.bnf.fr/ark:/12148/cb46528410x
035    $a FRBNF465284100000000
073  0 $a 9782253934363
090    $a 327332
091    $a 2 $b 20240519 $c 1
099    $t LI $x 7 $d 2024-05-19 $c 2020-07-04
100    $a 20200227d2020    m  y0frey50      ba
101 1  $a fre $c eng
102    $a FR
105    $a ||||z   00|a|
106    $a r
181  0 $6 01 $a i  $b xxxe  
181    $6 02 $c txt $2 rdacontent
182  0 $6 01 $a n
182    $6 02 $c n $2 rdamedia
200 1  $a Chimères $b Texte imprimé $e roman $f Nuala O'Faolain $g traduit de l'anglais (Irlande) par Stéphane Camille
210    $a Paris $c le Livre de poche $d DL 2020 $e 72-La Flèche $g Impr. CPI Brodard et Taupin
214  0 $a Paris $c le Livre de poche $d DL 2020
214  3 $a 72-La Flèche $c Impr. CPI Brodard et Taupin
215    $a 1 vol. (690 p.) $d 18 cm
225    $a Le livre de poche $v 35689
330    $a Kathleen de Burca, une Irlandaise rédactrice de brochures touristiques vivant à Londres, se trouve à une période critique de sa vie, celle de tous les bilans. Souhaitant écrire sur le scandale suscité par la liaison entre une aristocrate anglaise et son palefrenier irlandais vers 1850, elle évoque les questions lancinantes de l'exil, de la solitude, de la sexualité et des chimères de l'amour. ­Electre 2020
339    $a m
410  0 $0 34228560 $t Le Livre de poche $x 0248-3653 $v 35689
454  1 $t My dream of you
686    $a 803 $2 Cadre de classement de la Bibliographie nationale française
700    $3 14430237 $9 31609 $o ISNI000000012126920X $a O'Faolain $b Nuala $f 1940-2008 $4 070
702    $3 13616935 $9 322840 $o ISNI0000000073641010 $a Camille $b Stéphane $f 1968-.... $4 730
801  0 $a FR $b FR-751131015 $c 20200227 $g AFNOR $h FRBNF465284100000000 $2 intermrc
999    $a FRBNF465284100000000
995    $0 0 $2 0 $4 0 $5 2020-07-07 $9 410681 $b MED $c MED $e MED1A $f C3200021152 $h ALTROZZ $k R/OFA $o 0 $p 9.00 $r PRETLIV $s R_OFA $w 7 $y 2024-01-05

