02425cem a2200517   4500
001 327437
003 http://www.mediathequederoubaix.fr/ark:/20179/KH327437
010    $a 978-2-7373-7925-3 $b br. $d 12 EUR
020    $a FR $b 41901993
033    $a http://catalogue.bnf.fr/ark:/12148/cb45835139p
035    $a FRBNF458351390000009
073  0 $a 9782737379253
090    $a 327437
091    $a 2 $b 20240513 $c 1
099    $t LI $x 10 $d 2024-05-13 $c 2020-07-07
100    $a 20191105d2019    u  y0frey50      ba
101 0  $a fre
102    $a FR
120    $a b||    ||    
121    $b ||||||||
121    $a a||aab|||
123 0  $a a $d W0050500 $e E0011100 $f N0485100 $g N0471700
124    $b z
181  0 $6 01 $a i  $b xxxe   $a b  $b cb2e  
181    $6 02 $c txt $c cri $2 rdacontent
182  0 $6 01 $a n
182    $6 02 $c n $2 rdamedia
200 1  $a Châteaux de Bretagne autour de 30 sites d'exception $b Document cartographique $e 30 balades $f Alain Le Borgne $g cartographie Alban Le Pape
206 0  $b [Échelles diverses] $d W 5°5' - E 1°11' / N 48°51' - N 47°17'
210    $a Rennes $c Éditions Ouest-France $d 2019
214  0 $a Rennes $c Éditions Ouest-France $d 2019
215    $a 1 guide (127 p.) $c cartes et ill. en coul. $d 17 cm
300    $a Photogr. en coul.
300    $a Carton de sitation p. [2]
330    $a Trente itinéraires de promenade autour des châteaux emblématiques de Bretagne et de Loire-Atlantique : Kergroades, Rosambo, Trévarez, Dinan, Montmuran ou encore Vitré. Avec une carte détaillée pour chaque balade, des informations pratiques (durée, distance, accès au départ) et des encadrés informatifs. La jaquette se déplie pour former une carte générale avec tous les parcours. ­Electre 2020
339    $a m
606    $3 13162685 $9 12795 $a Randonnée pédestre $2 rameau
607    $3 15242620 $9 266627 $a Bretagne, Région (France, 1955-) $2 AFNOR NF Z 44-081
608    $a Guide $2 frTCP
660    $a e-fr
686    $a 944 $2 Cadre de classement de la Bibliographie nationale française
700    $3 13549439 $9 324802 $a Le Borgne $b Alain $f 19..-.... $c randonneur $4 070
702    $3 16969569 $9 324803 $a Le Pape $b Alban $4 180
801  0 $a FR $b FR-751131015 $c 20191105 $g AFNOR $h FRBNF458351390000009 $2 intermrc
999    $a FRBNF458351390000009
995    $0 0 $2 0 $4 0 $5 2020-07-10 $9 410944 $b MED $c MED $e MED1A $f C2300010509 $h AAPPLGO $k Doc./901 BRE $o 0 $p 12.00 $r PRETLIV $s DOC___901_000000000000000_BRE $w 10 $y 2023-10-10

