01928cam a2200481   4500
001 327547
003 http://www.mediathequederoubaix.fr/ark:/20179/KH327547
010    $a 978-2-215-16479-1 $b rel. $d 7,95 EUR
020    $a FR $b 02038362
033    $a http://catalogue.bnf.fr/ark:/12148/cb46626879p
035    $a FRBNF46626879000000X
073  0 $a 9782215164791
090    $a 327547
091    $a 2 $b 20240518 $c 1
099    $t LI $x 10 $d 2024-05-18 $c 2020-07-10
100    $a 20201002d2020    a  y0frey50      ba
101 0  $a fre
102    $a FR
105    $a ||||z   00|y|
106    $a r
181  0 $6 01 $a i  $b xxxe   $a b  $b xb2e  
181    $6 02 $c txt $c sti $2 rdacontent
182  0 $6 01 $a n
182    $6 02 $c n $2 rdamedia
200 1  $a La montagne $b Texte imprimé $f textes, Agnès Vandewiele
205    $a 3e éd.
210    $a Paris $c Fleurus $d 2020
214  0 $a Paris $c Fleurus $d DL 2020
214  3 $a impr. en Italie
215    $a 1 vol. (23 p.-[2] p. de pl.) $c ill. en coul. $d 30 cm
225    $a La grande imagerie
300    $a Glossaire
330    $a Documentaire illustré sur la montagne : comprendre la formation des montagnes, connaître les glaciers, l'Himalaya, les Andes, la faune et la flore, etc. Avec deux planches de vignettes. ­Electre 2020
339    $a a
410  0 $0 34287052 $t La Grande imagerie $x 1264-1790 $d 2020
606    $3 11932364 $9 5796 $a Montagnes $2 rameau
608    $3 12042408 $9 314947 $a Ouvrages pour la jeunesse $2 rameau
676    $a 551.432 083 $v 23
686    $a 550 $2 Cadre de classement de la Bibliographie nationale française
700    $3 12144637 $9 10621 $o ISNI0000000121186068 $a Vandewiele $b Agnès $4 070
801  0 $a FR $b FR-751131015 $c 20201002 $g AFNOR $h FRBNF46626879000000X $2 intermrc
999    $a FRBNF46626879000000X
995    $0 0 $2 0 $4 0 $5 2020-07-31 $9 412296 $b MED $c MED $e MED2A $f C2500018301 $h JDT50ZZ $k E/552 MON $n 2024-06-22 $o 0 $p 7.95 $r PRETLIV $s E_552_000000000000000_MON $w 10 $y 2024-05-11

