00987nam a2200193   4500
001 327651
003 http://www.mediathequederoubaix.fr/ark:/20179/KH327651
090    $a 327651
091    $a 0
099    $t LI
100    $a 20200715d1895    m||y0frey50      ba
101    $a fre
200    $a Dictionnaire français illustré des mots et des choses ou Dictionnaire encyclopédique des écoles, des métiers et de la vie pratique $h Tome troisième $i Polype à Z $e à l'usage des maîtres, des familles et des gens du monde $f par MM. Larive et Fleury
210    $a Paris $c Jouve $d 1895
215    $a 807 p. $c ill. $d 32 cm
517    $a Dictionnaire encyclopédique des écoles, des métiers et de la vie pratique... à l'usage des maîtres, des familles et des gens du monde
700    $9 279241 $a Larive et Fleury
801    $a FR $b 595126101 $c 20200715 $g AFNOR
995    $0 0 $2 0 $4 0 $5 2020-07-15 $9 411213 $b MED $c MED $e MED3J $f c0005990979 $h PPEFGZZ $k MAG L/P 4/210 866 $o 2 $r PRETLIV $s MAG_L_P_4_210000000000000_866 $w 0 $y 2020-07-15

