02259cam a2200445   4500
001 327788
003 http://www.mediathequederoubaix.fr/ark:/20179/KH327788
010    $a 979-10-371-0428-1 $b br. $d 23,50 EUR
020    $a FR $b 02039269
033    $a http://catalogue.bnf.fr/ark:/12148/cb46576952s
035    $a FRBNF465769520000007
073  0 $a 9791037104281
090    $a 327788
091    $a 2 $b 20240519 $c 1
099    $t LI $x 48 $d 2024-05-19 $c 2020-07-17
100    $a 20200717d2020    m  y0frey50      ba
101 1  $a fre $c eng
102    $a FR
105    $a ||||z   00|a|
106    $a r
181  0 $6 01 $a i  $b xxxe  
181    $6 02 $c txt $2 rdacontent
182  0 $6 01 $a n
182    $6 02 $c n $2 rdamedia
200 1  $a La brodeuse de Winchester $b Texte imprimé $f Tracy Chevalier $g traduit de l'anglais par Anouk Neuhoff
210    $a Paris $c La Table ronde $c Quai Voltaire $d 2020
214  0 $a Paris $c Quai Voltaire $d DL 2020
214  3 $a 53-Mayenne $c Impr. Floch
215    $a 1 vol. (349 p.) $d 22 cm
330    $a 1932, Angleterre. Violet Speedwell, une célibataire passionnée de lecture, s'installe à Winchester où elle travaille en tant que dactylographe. Tandis qu'elle visite la cathédrale de la ville, Violet rencontre un cercle de brodeuses qu'elle rejoint. Elle s'y fait de nombreuses amies, dans un contexte marqué par la montée du fascisme. Une histoire inspirée du parcours de Louisa Pesel (1870-1947). ­Electre 2020
339    $a m
454  1 $t A single thread
686    $a 803 $2 Cadre de classement de la Bibliographie nationale française
700    $3 12516704 $9 55442 $o ISNI0000000110683843 $a Chevalier $b Tracy $f 1962-.... $4 070
702    $3 12073461 $9 931 $o ISNI0000000086415418 $a Neuhoff $b Anouk $f 1962-.... $4 730
801  0 $a FR $b FR-751131015 $c 20200717 $g AFNOR $h FRBNF465769520000007 $2 intermrc
999    $a FRBNF465769520000007
995    $0 0 $2 0 $4 0 $5 2020-07-18 $9 411401 $b MED $c MED $e MED1A $f C3200021404 $h ALTROZZ $k R/CHE $o 0 $p 24.00 $r PRETLIV $s R_CHE $w 21 $y 2024-04-25
995    $0 0 $2 0 $4 0 $5 2020-09-08 $9 414008 $P 23.50 $b BUS $c BUS $e BUS1A $f C2500019031 $h ALTROZZ $k BUS R/CHE $o 0 $p 23.50 $r PRETLIV $s BUS_R_CHE $w 10 $y 2024-02-17
995    $0 0 $2 0 $4 0 $5 2020-10-28 $9 416231 $b MED $c MED $e MED1A $f C1400008615 $h ALTROZZ $k R/CHE $o 0 $p 23.50 $r PRETLIV $s R_CHE $w 17 $y 2022-08-16

