03472cam a2200481   4500
001 327896
003 http://www.mediathequederoubaix.fr/ark:/20179/KH327896
010    $a 978-2-8126-1878-9 $b rel. $d 15 EUR
020    $a FR $b 01964954
033    $a http://catalogue.bnf.fr/ark:/12148/cb45812432z
035    $a FRBNF458124320000003
073  0 $a 9782812618789
090    $a 327896
091    $a 2 $b 20240519 $c 1
099    $t LI $d 2024-05-19 $c 2020-07-21
100    $a 20191002d2019    a  y0frey50      ba
101 0  $a fre
102    $a FR
105    $a ||||z   00|y|
106    $a r
181  0 $6 01 $a i  $b xxxe   $a b  $b xb2e  
181    $6 02 $c txt $c sti $2 rdacontent
182  0 $6 01 $a n
182    $6 02 $c n $2 rdamedia
200 1  $a Kaléidoscopages $b Texte imprimé $f Delphine Perret
210    $a [Arles] $c Rouergue $d DL 2019 $e impr. au Portugal
214  0 $a [Arles] $c Rouergue $d DL 2019
214  3 $a impr. au Portugal
215    $a 1 vol. (non paginé [98] p.) $c ill. en coul. $d 20 cm
321    $a La Revue des livres pour enfants. Sélection annuelle $c 315
321    $a La Revue des livres pour enfants $x 0398-8384 $c 310
329    $c Coup de coeur ! $a Tout est possible avec un crayon, un point, un trait et l'on peut transformer à loisir un carré en maison ou en table, en variant aussi les couleurs à la manière d'un kaléidoscope. Delphine Perret avec l'économie de traits qu'on lui connaît, sa sensibilité et sa dextérité, propose à chacun d'habiter l'espace de la page blanche, de poser son regard sur des formes et des couleurs qui créent leur propre représentation. Cet album plein d'humour séduira les petits tout en laissant la place, chez les plus grands, à la réflexion. $d 20201101 $2 CNLJ $k Avis critique donné par le Centre national de la littérature pour la jeunesse
329    $c Coup de coeur ! $a Tout est possible avec un crayon, un point, un trait et l'on peut transformer à loisirs un carré, en maison, en table, en casque, en variant aussi les couleurs à la manière d'un kaléidoscope. Delphine Perret avec l'économie de traits qu'on lui connaît, sa sensibilité et sa dextérité propose à chacun d'habiter l'espace de la page blanche, de poser son regard sur des formes et des couleurs qui créent leur propre représentation. De l'humour, des jeux de formes et de couleurs qui séduiront les petits mais laisseront place aussi chez les plus grands à la réflexion. $d 20191201 $f CB $2 CNLJ $k Avis critique donné par le Centre national de la littérature pour la jeunesse
330    $a Chaque image permet des interprétations variées. Par exemple le "O" peut représenter la voyelle, le zéro ou encore un oeuf. L'enfant est libre de décoder les illustrations comme il veut, s'affranchissant ainsi des codes. ­Electre 2020
333    $a À partir de 6 ans $2 CNLJ $k Avis critique donné par le Centre national de la littérature pour la jeunesse
339    $a a
608    $a Albums $2 CNLJ $k Avis critique donné par le Centre national de la littérature pour la jeunesse
676    $a 741.944 $v 23
686    $a 740 $2 Cadre de classement de la Bibliographie nationale française
700    $3 14466026 $9 12402 $o ISNI0000000378782252 $a Perret $b Delphine $f 1980-.... $4 070
801  0 $a FR $b FR-751131015 $c 20191002 $g AFNOR $h FRBNF458124320000003 $2 intermrc
999    $a FRBNF458124320000003
995    $0 0 $2 0 $4 0 $5 2020-07-23 $9 411707 $P 15.00 $b MED $c MED $e MED0A $f C3500011209 $h JABEFAE $k EXT E A/PER $o 0 $p 15.00 $r PRETLIV $s EXT_E_A_PER $w 0 $y 2020-07-23

