03107njm0a2200493   4500
001 327999
003 http://www.mediathequederoubaix.fr/ark:/20179/KH327999
071 01 $a 860359 $b Buda Musique
073  0 $a 3341348603599
090    $a 327999
091    $a 1 $b 20240519 $c 0
099    $t DC $x 9 $d 2024-05-19 $c 2020-07-21
100    $a 20200605d2020    u  y0frey5003    ba
101 0  $a spa
127    $a 003800
200 1  $a Oasis $b [enr. sonore] $f Melingo, comp., chant & divers instruments $g Maria Celeste Torre, chant $g Andrés Calamaro, chant $g Pepa, chant... [et al.]
210    $a Vincennes $c Buda Musique $d 2020
215    $a 1 CD (38 min) $e 1 livret
327 1  $a El oraculo $a La busqueda $a Caminito $a Camino y hablo solo $g Vinicio Capossela $a Soy un virus $g Enrique Symns $a Caminito rebétiko $g Fernando Noy $a Navegantes $g Félix Melingo Torre $a Hécate $g Stefanie Ringes $g Miguel Zavaleta $a Cavalier King Charles $g Pepa $a El blues rebétiko de 7 vidas $g Andrés Calamaro $a ! Esta vivo ! $g Tipica Melingo (La) $a Oasis $g Maria Celeste Torre $g Félix Melingo Torre $a El sueno del éxodo $g Miguel Zavaleta
330    $a Figure mythique de la scène rock argentine devenue sur le tard le chantre d'un tango âpre et déglingué, ce chanteur, clarinettiste et compositeur, est à lui seul un kaleïdoscope. Naviguant entre pop, rock, dub, classique, folklore et tango, il a, depuis la fin des années 1970, traversé plusieurs vies qu'il a grillées par les deux bouts. A partir de 2014, il imagine le récit de Linyera : un personnage double de lui-même, prétexte à un voyage aux origines du tango et au sein de son propre arbre généalogique, dont Oasis est le dernier volet d'une trilogie.
334    $a Télérama No.3662 p.62 du 19/05/2020 $b 3/4
334    $a Sélection FIP de Avril 2020 $b 20/20
345    $a GAM $b 3341348603599 $c disque compact $d 19,01 E
610    $a Argentine, Paraguay, Uruguay : Variété et chanson
679    $a 042.2
700  1 $a Melingo $f 1957-.... $4 230
702  1 $a Celeste Torre $b Maria $4 721
702  1 $a Calamaro $b Andrés $f 1961-.... $4 721
702  1 $a Pepa $4 721
702  1 $a Ringes $b Stefanie $4 721
702  1 $a Zavaleta $b Miguel $f 1955-.... $4 721
702  1 $a Melingo Torre $b Félix $4 721
702  1 $a Noy $b Fernando $4 721
702  1 $a Symns $b Enrique $4 721
702  1 $a Capossela $b Vinicio $f 1965-.... $4 721
712 02 $a Tipica Melingo (La) $4 545
801  0 $a FR $b GAM $c 20200605 $g AFNOR
856 4  $u https://www.gamannecy.com/upload/albums/202005/3341348603599_thumb.jpg
856 4  $u https://www.gamannecy.com/polysson/202005/01-3341348603599.mp3 $z El oraculo
856 4  $u https://www.gamannecy.com/polysson/202005/02-3341348603599.mp3 $z La busqueda
856 4  $u https://www.gamannecy.com/polysson/202005/03-3341348603599.mp3 $z Caminito
856 4  $u https://www.gamannecy.com/polysson/202005/04-3341348603599.mp3 $z Camino y hablo solo
856 4  $u https://www.gamannecy.com/polysson/202005/05-3341348603599.mp3 $z Soy un virus
995    $0 0 $2 0 $4 0 $5 2020-07-25 $9 412033 $b MED $c MED $e MED1A $f C3100008402 $h AMV90ZZ $k DC/042.2 MEL $o 0 $p 19.01 $r PRETSON $s DC_042_200000000000000_MEL $w 9 $y 2023-08-25

