02299cam a2200469   4500
001 328301
003 http://www.mediathequederoubaix.fr/ark:/20179/KH328301
010    $a 978-2-37742-088-9 $b br. $d 9,95 EUR
020    $a FR $b 02047935
033    $a http://catalogue.bnf.fr/ark:/12148/cb466056037
035    $a FRBNF466056030000009
039    $o OPP $a 46555039 $d 20201210
073  0 $a 9782377420889
090    $a 328301
091    $a 2 $b 20240519 $c 1
099    $t LI $x 15 $d 2024-05-19 $c 2020-07-31
100    $a 20200902d2020    a  y0frey50      ba
101 0  $a fre
102    $a FR
105    $a ||||z   00|a|
106    $a r
181  0 $6 01 $a i  $b xxxe  
181    $6 02 $c txt $2 rdacontent
182  0 $6 01 $a n
182    $6 02 $c n $2 rdamedia
200 1  $a La promotion Neptune $b Texte imprimé $f Paul Ivoire $g illustrations, Antoine Brivet
210    $a Paris $c Poulpe fictions $d 2020
214  0 $a Paris $c Poulpe fictions $d DL 2020
214  3 $a impr. en Espagne
215    $a 1 vol. (178 p.) $c ill. $d 21 cm
225 19 $a L'école des rêves
329    $c Pourquoi pas ? $2 CNLJ $k Avis critique donné par le Centre national de la littérature pour la jeunesse
330    $a Dans le monde parallèle d'Evêria sont fabriqués tous les songes, rêves comme cauchemars, des Terriens. Elaborés par des Mililims, des créatures joyeuses et fantasques, ils sont ensuite parfaits par des Oniris avant d'être envoyés aux humains. Kimlan, Naldag et Styrène, trois Oniris, présentent le concours d'entrée de la prestigieuse école des rêves. ­Electre 2020
333    $a À partir de 9 ans $2 CNLJ $k Avis critique donné par le Centre national de la littérature pour la jeunesse
339    $a a
608    $a Romans $2 CNLJ $k Avis critique donné par le Centre national de la littérature pour la jeunesse
686    $a 809 $2 Cadre de classement de la Bibliographie nationale française
700    $3 17141858 $9 278776 $o ISNI0000000464156098 $a Ivoire $b Paul $f 1968-.... $4 070
702    $3 16267939 $9 105075 $o ISNI0000000115397854 $a Brivet $b Antoine $f 1980-.... $4 440
801  0 $a FR $b FR-751131015 $c 20200902 $g AFNOR $h FRBNF466056030000009 $2 intermrc
999    $a FRBNF466056030000009
995    $0 0 $2 0 $4 0 $5 2020-08-05 $9 412456 $b MED $c MED $e MED2A $f C2500018643 $h JROROZZ $k E R/IVO $o 0 $p 9.95 $r PRETLIV $s E_R_IVO $w 15 $y 2024-01-10

