01840ngm0a2200361   4500
001 328413
003 http://www.mediathequederoubaix.fr/ark:/20179/KH328413
073  1 $a 3309450045492
090    $a 328413
091    $a 1 $b 20240519 $c 0
099    $t VD $x 4 $d 2024-05-19 $c 2020-08-06
100    $a 20200205d2020    a  y0frey5003    ba
101 1  $a fre
102    $a DE $a FR $a GB
115    $a c076baizxbx||||bkxx|
200 1  $a Le  château des singes $b DVD $f Jean-François Laguionie, réal. $g Norman Hudis, Jean-François Laguionie, scénario $g Alexandre Desplat, comp.
210    $a Paris $c Citel Vidéo $d 2020
215    $a 2 BD+DVD (01 h 16 mn) $c 1.66:1, 16/9 compatible 4/3, coul., (PAL), Son. (Dolby Digital 5.1; français)
300    $a Langues principales : français; 
300    $a Droit de prêt et consultation
300    $a Les Films du Triangle, la Fabrique, cop. 1999
300    $a  Enfant de 3 à 7 ans
300    $a **
327    $a "L'univers de Laguionie" entretien avec le réalisateur Jean-François Laguionie.
330    $a  Kom fait partie des Woonkos, tribu de singes qui vit dans la canopée et dont la hantise est de tomber dans le monde d'en bas, qu'elle croit peuplée de monstres maléfiques. Kom refuse de croire à ces vieilles légendes et, par bravade et imprudence, se retrouve projeté dans ce fameux monde, qui se révèle être celui des Laankos.
339    $a a
345    $b 3309450045492 $d 62.96 EUR
700  1 $a Laguionie $b Jean-François $4 300 $4 690
702  1 $a Hudis $b Norman $4 690
702  1 $a Desplat $b Alexandre $4 230
801  0 $a FR $b ADAV $c 20200205 $g AFNOR
856    $u https://www.adav-assoc.com/4DACTION/GetImage/259176
995    $0 0 $2 0 $4 0 $5 2020-08-08 $9 412581 $b MED $c MED $e MED2A $f C3500011431 $h JCIFED3 $k DVD/E DA CHA $l Contient 2 DVD $o -3 $p 43.00 $r PRETDVD $s DVD_E_DA_CHA $u Armoire Agnès $w 4 $y 2021-07-30 $A 0

