02541ngm0a2200469   4500
001 328567
003 http://www.mediathequederoubaix.fr/ark:/20179/KH328567
073  1 $a 3512392519789
090    $a 328567
091    $a 1 $b 20240519 $c 0
099    $t VD $x 42 $d 2024-05-19 $c 2020-08-20
100    $a 20190503d2019    a  y0frey5003    ba
101 2  $a fre $a eng $c eng $j fre
102    $a GB
115    $a c104baizxbx||||bkxx|
200 1  $a Jason et les Argonautes $b DVD $f Don Chaffey, réal. $g Jan Read, Beverley Cross, scénario $g Bernard Herrmann, comp. $g Todd Armstrong, Nancy Kovack, Gary Raymond, Laurence Naismith, Niall McGinnis, Michael Gwynn, ... [et al.] act.
210    $a Paris $c Sidonis $d 2019
215    $a 1 DVD 2 couches sur une simple face (01 h 44 mn) $c 1.66:1, 16/9, coul., Son. (Mono; anglais; français)
225 1  $a Collection aventures
300    $a Langues principales : français, anglais; Sous-titres : français
300    $a Droit de prêt et consultation
300    $a Columbia Pictures, cop. 1963
300    $a  Enfant de 3 à 7 ans
300    $a **
327    $a "Jason et les Argonautes - De la mythologie au cinéma?" : entretien avec Michel Eloy, spécialise du péplum (35'12Ó). 2 bandes-annonces d'époque du film (4'28Ó, VOST). 8 spots TV (3'08Ó, VO).
330    $a Pour reconquérir le royaume dont son demi-frère a usurpé le trône, Jason se lance dans la quête de la Toison d'Or. À bord de l'Argos dans lequel embarquent les meilleurs marins et guerriers, il met le cap sur une terre lointaine et dangereuse d'accès. S'il bénéficie de l'aide de certains dieux de l'Olympe, d'autres, par contre, dressent devant lui des créatures et monstres qui défient l'imagination : des squelettes encore très vivants, un titan de bronze, des harpies, un dragon à sept têtes...
339    $a m
345    $b 3512392519789 $d 49.20 EUR
606    $a Cinéma $x DVD $y Etats-Unis $2 rameau
700  1 $a Chaffey $b Don $4 300
702  1 $a Read $b Jan $4 690
702  1 $a Cross $b Beverley $4 690
702  1 $a Herrmann $b Bernard $4 230
702  1 $a Armstrong $b Todd $4 005
702  1 $a Kovack $b Nancy $4 005
702  1 $a Raymond $b Gary $4 005
702  1 $a Naismith $b Laurence $4 005
702  1 $a McGinnis $b Niall $4 005
702  1 $a Gwynn $b Michael $4 005
801  0 $a FR $b ADAV $c 20190503 $g AFNOR
856    $u https://www.adav-assoc.com/4DACTION/GetImage/254531
995    $0 0 $2 0 $4 0 $5 2020-08-20 $9 413108 $b MED $c MED $e MED1A $f C3100008588 $h AAPCIFI $k DVD/F CHA $n 2024-06-11 $o 0 $p 33.00 $r PRETDVD $s DVD_F_CHA $u Coup de coeur $w 42 $y 2024-04-30

