01730cam a22003973  4500
001 328673
003 http://www.mediathequederoubaix.fr/ark:/20179/KH328673
010    $a 978-2-02-145490-1 $b br. $d 18 EUR
020    $a FR $b 02311812
033    $a http://catalogue.bnf.fr/ark:/12148/cb46611227c
035    $a FRBNF466112270000004
073  0 $a 9782021454901
090    $a 328673
091    $a 2 $b 20240519 $c 1
099    $t LI $x 19 $d 2024-05-19 $c 2020-08-25
100    $a 20200909d2020    m  y0frey50      ba
101 0  $a fre
102    $a FR
105    $a ||||z   00|a|
106    $a r
181  0 $6 01 $a i  $b xxxe  
181    $6 02 $c txt $2 rdacontent
182  0 $6 01 $a n
182    $6 02 $c n $2 rdamedia
200 1  $a Saturne $b Texte imprimé $e roman $f Sarah Chiche
210    $a Paris $c Seuil $d 2020
214  0 $a Paris $c Éditions du Seuil $d DL 2020
214  3 $a 53-Mayenne $c Impr. Floch
215    $a 1 vol. (204 p.) $d 21 cm
330    $a Médecin juif ayant quitté l'Algérie lors de son indépendance, Harry décède à 34 ans en 1977. En 2019, sa fille rencontre quelqu'un qui l'a connu durant son enfance et dresse le portrait de ce père disparu. En parallèle, l'auteure raconte ses jeunes années marquées par la mort de son propre père et la dépression qu'elle a ensuite traversée. ­Electre 2020
339    $a m
686    $a 803 $2 Cadre de classement de la Bibliographie nationale française
700    $3 15791673 $9 308053 $o ISNI000000004642837X $a Chiche $b Sarah $f 1976-.... $4 070
801  0 $a FR $b FR-751131015 $c 20200909 $g AFNOR $h FRBNF466112270000004 $2 intermrc
999    $a FRBNF466112270000004
995    $0 0 $2 0 $4 0 $5 2020-09-03 $9 413745 $b MED $c MED $e MED1A $f C3100008205 $h ALTROZZ $k R/CHI $o 0 $p 18.00 $r PRETLIV $s R_CHI $w 19 $y 2024-03-12

