02122cam a2200469   4500
001 328791
003 http://www.mediathequederoubaix.fr/ark:/20179/KH328791
010    $a 978-2-266-28976-4 $b br. $d 19,90 EUR
020    $a FR $b 02010589
033    $a http://catalogue.bnf.fr/ark:/12148/cb45863341x
035    $a FRBNF45863341000000X
073  0 $a 9782266289764
090    $a 328791
091    $a 2 $b 20240519 $c 1
099    $t LI $x 14 $d 2024-05-19 $c 2020-08-28
100    $a 20191227d2019    a  y0frey50      ba
101 1  $a fre $c eng
102    $a FR
105    $a ||||z   00|a|
106    $a r
181  0 $6 01 $a i  $b xxxe  
181    $6 02 $c txt $2 rdacontent
182  0 $6 01 $a n
182    $6 02 $c n $2 rdamedia
200 1  $a Le cristal du temps $b Texte imprimé $f Soman Chainani $g illustrations de Iacopo Bruno $g traduit de l'anglais (États-Unis) par Leslie Boitelle-Tessier
210    $a Paris $c Pocket jeunesse-PKJ $d DL 2019 $e impr. en Allemagne
214  0 $a Paris $c Pocket jeunesse-PKJ $d DL 2019
214  3 $a impr. en Allemagne
215    $a 1 vol. (718 p.) $c ill. $d 23 cm
225 19 $a L'école du bien et du mal $v 5
330    $a Après avoir condamné Tedros à la peine capitale, le nouveau roi Rhian, un imposteur, force Sophie à devenir sa reine. Agatha, la seule à échapper à son emprise, tente de sauver Tedros et le royaume avec l'aide des élèves de l'école du bien et du mal. ­Electre 2020
339    $a a
454  1 $t A cristal of time
461  0 $0 45084484 $t L'école du bien et du mal $v 5
609    $2 rbxRomJ $a Fantastique
686    $a 809 $2 Cadre de classement de la Bibliographie nationale française
700    $3 16973168 $9 121208 $o ISNI000000040892622X $a Chainani $b Soman $4 070
702    $3 16229320 $9 105097 $o ISNI0000000111883214 $a Bruno $b Iacopo $f 1964-.... $4 440
702    $3 14529267 $9 1431 $o ISNI0000000051298290 $a Boitelle-Tessier $b Leslie $4 730
801  0 $a FR $b FR-751131015 $c 20191227 $g AFNOR $h FRBNF45863341000000X $2 intermrc
999    $a FRBNF45863341000000X
995    $0 0 $2 0 $4 0 $5 2020-09-01 $9 413640 $b MED $c MED $e MED2A $f C2500018848 $h JROROZZ $k E R/CHA $o 0 $p 19.90 $r PRETLIV $s E_R_CHA $w 14 $y 2024-05-04

