02094ngm0a2200457   4500
001 328901
003 http://www.mediathequederoubaix.fr/ark:/20179/KH328901
073  1 $a 5051888250952
090    $a 328901
091    $a 1 $b 20240519 $c 0
099    $t VD $x 10 $d 2024-05-19 $c 2020-09-02
100    $a 20200703d2020    m  y0frey5003    ba
101 2  $a eng $a fre $c eng $j fre
102    $a US
115    $a c600baizxbx||||bkxx|
200 1  $a Pennyworth $b DVD $h Saison 1 $f Danny Cannon, Rob Bailey, Bill Eagles, réal. $g Bruno Heller, adapt. $g David E. Russo, comp. $g Jack Bannon, Ben Aldridge, Hainsley Lloyd Bennett, Ryan Fletcher, Dorothy Atkinson, Ian Puleston-Davies, ... [et al.] act.
210    $a Neuilly-sur-Seine $c Warner Bros. $d 2020
215    $a 3 DVD 2 couches sur une simple face (10 h 00 mn) $c 16/9, coul., (PAL), 
300    $a Langues principales : anglais, français; Sous-titres : français
300    $a Droit de prêt et consultation
300    $a Warner Horizon Television, cop. 2019
300    $a  Accord parental
300    $a *
330    $a Focus sur les jeunes années d'Alfred Pennyworth, le célèbre majordome de Batman. Dans le Londres des années 1960, ce soldat des Forces Spéciales Britanniques rejoint un jeune millionnaire du nom de Thomas Wayne, futur père de Bruce Wayne, pour travailler à ses côtés.
339    $a m
345    $b 5051888250952 $d 76.62 EUR
606    $a Séries télévisées $x DVD $y Grande-Bretagne $2 rameau
700  1 $a Cannon $b Danny $4 300
701  1 $a Bailey $b Rob $4 300
701  1 $a Eagles $b Bill $4 300
702  1 $a Heller $b Bruno $4 100
702  1 $a Russo $b David E. $4 230
702  1 $a Bannon $b Jack $4 005
702  1 $a Aldridge $b Ben $4 005
702  1 $a Bennett $b Hainsley Lloyd $4 005
702  1 $a Fletcher $b Ryan $4 005
702  1 $a Atkinson $b Dorothy $4 005
702  1 $a Puleston-Davies $b Ian $4 005
801  0 $a FR $b ADAV $c 20200703 $g AFNOR
856    $u https://www.adav-assoc.com/4DACTION/GetImage/259223
995    $0 0 $2 0 $4 0 $5 2020-09-02 $9 413723 $b MED $c MED $e MED1A $f C1400008274 $h AAPCITV $k DVD/F PEN $o 0 $p 52.00 $r PRETDVD $s DVD_F_PEN $w 10 $y 2024-01-09

