01983cam a2200445   4500
001 329006
003 http://www.mediathequederoubaix.fr/ark:/20179/KH329006
010    $a 978-2-266-30805-2 $b br. $d 7,95 EUR
020    $a FR $b 02049419
033    $a http://catalogue.bnf.fr/ark:/12148/cb46610950k
035    $a FRBNF466109500000006
073  0 $a 9782266308052
090    $a 329006
091    $a 2 $b 20240519 $c 1
099    $t LI $x 19 $d 2024-05-19 $c 2020-09-05
100    $a 20200909d2020    m  y0frey50      ba
101 1  $a fre $c eng
102    $a FR
105    $a ||||z   00|a|
106    $a r
181  0 $6 01 $a i  $b xxxe  
181    $6 02 $c txt $2 rdacontent
182  0 $6 01 $a n
182    $6 02 $c n $2 rdamedia
200 1  $a Bad $b Texte imprimé $f Chloé Esposito $g traduit de l'anglais par Laura Contartese
210    $a Paris $c Pocket $d 2020
214  0 $a [Paris] $c Pocket $d DL 2020
214  3 $a 45-Malesherbes $c Impr. EPAC technologies
215    $a 1 vol. (411 p.) $d 18 cm
225    $a Pocket $e thriller $v 17916
330    $a Alvie Knightly a réussi à usurper l'identité de sa soeur jumelle, Beth, pour lui subtiliser sa fortune. Mais voilà que son amant s'empare du magot avant de disparaître. L'ayant localisé à Rome grâce à Tinder, elle se lance à sa poursuite. Quand le corps de sa soeur est découvert, Alvie est désormais la suspecte numéro un de son meurtre, avec la police à ses trousses. ­Electre 2020
339    $a m
410  0 $0 34228117 $t Presses pocket (Paris) $x 0244-6405 $v 17916
454  1 $t Bad
686    $a 803 $2 Cadre de classement de la Bibliographie nationale française
700    $3 17765255 $9 325638 $a Esposito $b Chloé $4 070
702    $3 13504763 $9 49583 $o ISNI0000000116754788 $a Contartese $b Laura $4 730
801  0 $a FR $b FR-751131015 $c 20200909 $g AFNOR $h FRBNF466109500000006 $2 intermrc
999    $a FRBNF466109500000006
995    $0 0 $2 0 $4 0 $5 2020-09-10 $9 414165 $b MED $c MED $e MED1A $f C1400008323 $h ALTROPL $k RP/ESP $o 0 $p 7.95 $r PRETLIV $s RP_ESP $w 19 $y 2024-01-21

