02109cim a22005173  4500
001 329112
003 http://www.mediathequederoubaix.fr/ark:/20179/KH329112
010    $a 979-1-03540-360-7
020    $a FR $b 72103769
033    $a http://catalogue.bnf.fr/ark:/12148/cb46567127d
035    $a FRBNF465671270000001
071 01 $b Audiolib $a 5974297 $c album $d 22,90 EUR
073  0 $a 9791035403607
090    $a 329112
091    $a 2 $b 20240519 $c 1
099    $t LS $x 12 $d 2024-05-19 $c 2020-09-05
100    $a 20200703d2020    u  y0frey50      ba
101 0  $a fre
102    $a FR
126    $a aguxhxx||||||cd $b bex
181  0 $6 01 $a h  $b xxxa  
181    $6 02 $c spw $2 rdacontent
182  0 $6 01 $a a
182    $6 02 $c s $2 rdamedia
200 1  $a La vie est un roman $b Enregistrement sonore $f Guillaume Musso, aut. $g texte intégral lu par Clara Brajtman et Rémi Bichet
210    $a Paris $c Audiolib / Hachette livre (diff.) $d 2020
214  0 $a [Paris] $c Audiolib
214  4 $d P 2020
214  2 $a Paris $c [Audiolib]
215    $a 1 CD MP3 (6 h 16 min)
225 1  $a Littérature
306    $a Audiolib, P 2020
330    $a A Brooklyn, la fille d'une romancière célèbre disparaît lors d'une partie de cache-cache au sein de leur appartement fermé à clé d'où l'enfant n'a pas pu sortir. ­Electre 2020
339    $a m
608    $a enregistrement parlé $2 frTAV
608    $a édition phonographique $2 frTAV
608    $a lecture $2 frTAV
608    $a Oeuvre d'origine : roman $2 frTAV
686    $a 190 $2 Cadre de classement de la Bibliographie nationale française
700    $3 13617187 $9 82863 $o ISNI0000000110756010 $a Musso $b Guillaume $f 1974-.... $4 070
702    $3 17901654 $9 328677 $o ISNI0000000495481651 $a Brajtman $b Clara $4 550 $4 vre
702    $3 14155862 $9 266864 $a Bichet $b Rémi $f 19..-.... $c acteur $4 550 $4 vre
716    $3 15605785 $a Audiolib
801  0 $a FR $b FR-751131015 $c 20200703 $g AFNOR $h FRBNF465671270000001 $2 intermrc
999    $a FRBNF465671270000001
995    $0 0 $2 0 $4 0 $5 2020-10-13 $9 415622 $b MED $c MED $e MED1A $f C1400008355 $h ALTLSZZ $k LA R/MUS $o 0 $p 22.90 $r PRETLS $s LA_R_MUS $w 12 $y 2024-04-23

