02145ngm0a2200457   4500
001 329220
003 http://www.mediathequederoubaix.fr/ark:/20179/KH329220
073  1 $a 3700146541227
090    $a 329220
091    $a 1 $b 20240513 $c 0
099    $t VD $x 6 $d 2024-05-13 $c 2020-09-16
100    $a 20190830d2019    m  y0frey5003    ba
101 0  $a fre
102    $a FR
115    $a c<<<baizxbx||||bkxx|
200 1  $a Caïn $b DVD $h Saisons 6 $f Bertrand Arthuys, Thierry Petit, Christophe Douchand, réal. $g Alexis Le Sec, Bertrand Arthuys, Yann Le Nivet, Raphaëlle Roudaut, scénario $g Bruno Debrandt, Julie Delarme, Frédéric Pellegeay, Smadi Wolfman, Anne Suarez, Davy Sanna, ... [et al.] act.
210    $a Nanterre $c Elephant Films $d 2019
215    $a 4 DVD 2 couches sur une simple face (08 h 40 mn) $c 1.78, 16/9, coul., (PAL), Son. (Dolby Digital 2.0; français)
300    $a Langues principales : français; 
300    $a Droit de prêt et consultation
300    $a DEMD Productions, cop. 2012
300    $a *
327    $a Contient 54 épisodes. Bandes-annonces. Crédits.
330    $a Sur ses roues de fauteuil roulant, le capitaine Fred Caïn, cynique et cabotin, virevolte autour des suspects, débarque là où on ne l'attend pas, s'immisce dans tous les replis de l'âme humaine et use sans honte et sans peur de son handicap pour outrepasser les convenances (souvent) et la loi (parfois)...
339    $a m
345    $b 3700146541227 $d 267.06 EUR
700  1 $a Arthuys $b Bertrand $4 300 $4 690
701  1 $a Petit $b Thierry $4 300
701  1 $a Douchand $b Christophe $4 300
702  1 $a Le Sec $b Alexis $4 690
702  1 $a Le Nivet $b Yann $4 690
702  1 $a Roudaut $b Raphaëlle $4 690
702  1 $a Debrandt $b Bruno $4 005
702  1 $a Delarme $b Julie $4 005
702  1 $a Pellegeay $b Frédéric $4 005
702  1 $a Wolfman $b Smadi $4 005
702  1 $a Suarez $b Anne $4 005
702  1 $a Sanna $b Davy $4 005
801  0 $a FR $b ADAV $c 20190830 $g AFNOR
856    $u https://www.adav-assoc.com/4DACTION/GetImage/256389
995    $0 0 $2 0 $4 0 $5 2020-09-16 $9 414346 $b MED $c MED $e MED1A $f C1400008253 $h AAPCITV $k DVD/F CAI $o 0 $r PRETDVD $s DVD_F_CAI $w 6 $y 2023-07-27

