02043ngm0a2200397   4500
001 329329
003 http://www.mediathequederoubaix.fr/ark:/20179/KH329329
073  1 $a 3700697001102
090    $a 329329
091    $a 1 $b 20240518 $c 0
099    $t VD $x 17 $d 2024-05-18 $c 2020-09-18
100    $a 20160902d2016    m  y0frey5003    ba
101 0  $a swe $j fre
102    $a SE
115    $a c089baizxbx||||bkxx|
200 1  $a Granny's Dancing On The Table $b DVD $f Hanna Sköld, réal. $g Hanna Sköld, scénario $g Giorgio Giampa, comp. $g Blanca Engstrom, Lennart Jahkel, Karin Bertling, Briten Granqvist, ... [et al.] act.
210    $a Paris $c Tamasa $d 2016
215    $a 1 DVD 2 couches sur une simple face (01 h 29 mn) $c 16/9, coul., (PAL), 
300    $a Langues principales : suédois; Sous-titres : français
300    $a Droit de prêt et consultation
300    $a Nordic Factory Sweden, cop. 2015
300    $a  Interdit aux mineurs de moins de 12 ans
300    $a **
330    $a Loin de la société, Eini grandit au fond de la forêt avec son père. Celui-ci lui fait croire que le monde extérieur et les adultes sont des dangers qu'il faut fuir. Il l'oblige à vivre à l'écart de tout contact. Prisonnière d'une vie insoutenable, au cœur d'une nature inquiétante, Eini prend conscience de l'impasse dans laquelle elle se trouve. Des histoires sur sa grand-mère et un monde intérieur vont lui permettre de trouver la force de survivre et de s'affranchir.
339    $a m
345    $b 3700697001102 $d 53.80 EUR
606    $a Drames (cinéma) $x DVD $y Suède $2 rameau
700  1 $a Sköld $b Hanna $4 300 $4 690
702  1 $a Giampa $b Giorgio $4 230
702  1 $a Engstrom $b Blanca $4 005
702  1 $a Jahkel $b Lennart $4 005
702  1 $a Bertling $b Karin $4 005
702  1 $a Granqvist $b Briten $4 005
801  0 $a FR $b ADAV $c 20160902 $g AFNOR
856    $u https://www.adav-assoc.com/4DACTION/GetImage/215070
995    $0 0 $2 0 $4 0 $5 2020-09-23 $9 414627 $b MED $c MED $e MED1A $f C1400008410 $h AAPCIFI $k DVD/F SKO $o 0 $p 36.00 $r PRETDVD $s DVD_F_SKO $w 17 $y 2021-12-14

