02028cam a2200445   4500
001 329435
003 http://www.mediathequederoubaix.fr/ark:/20179/KH329435
010    $a 978-2-36812-512-0 $b br. $d 8,90 EUR
020    $a FR $b 02202056
033    $a http://catalogue.bnf.fr/ark:/12148/cb469028236
035    $a FRBNF469028230000007
073  0 $a 9782368125120
090    $a 329435
091    $a 2 $b 20240518 $c 1
099    $t LI $x 10 $d 2024-05-18 $c 2020-09-18
100    $a 20211028d2020    m  y0frey50      ba
101 1  $a fre $c eng
102    $a FR
105    $a ||||z   00|a|
106    $a r
181  0 $6 01 $a i  $b xxxe  
181    $6 02 $c txt $2 rdacontent
182  0 $6 01 $a n
182    $6 02 $c n $2 rdamedia
200 1  $a La maison d'hôtes $b Texte imprimé $e roman $f Debbie Macomber $g traduit de l'anglais (États-Unis) par Florence Bertrand
210    $a Paris $c Charleston $d 2020
214  0 $a Paris $c Charleston poche $d DL 2020
214  3 $a impr. en Espagne
215    $a 1 vol. (394 p.) $d 18 cm
225 19 $a Retour à Cedar Cove
330    $a Après la mort de son mari, Jo Marie reprend une maison d'hôtes à Cedar Cove. Elle y accueille une jeune femme qui a survécu à l'accident de voiture dans lequel sa meilleure amie a trouvé la mort. Dix ans après, elle revient sur les lieux du drame. Le second hôte est un homme qui doit prendre en charge son beau-père, avec qui il ne s'est jamais entendu. ­Electre 2020
339    $a m
454  1 $t The inn at Rose Harbor
461  0 $6 311953 $t Retour à Cedar Cove
686    $a 803 $2 Cadre de classement de la Bibliographie nationale française
700    $3 12664897 $9 11495 $o ISNI0000000116781903 $a Macomber $b Debbie $4 070
702    $3 14469791 $9 75646 $o ISNI0000000122765483 $a Bertrand $b Florence $f 1963-.... $4 730
801  0 $a FR $b FR-751131015 $c 20211028 $g AFNOR $h FRBNF469028230000007 $2 intermrc
999    $a FRBNF469028230000007
995    $0 0 $2 0 $4 0 $5 2020-10-13 $9 415603 $b MED $c MED $e MED1A $f C1400008523 $h ALTROAM $k RS/MAC $n 2024-05-09 $o 0 $p 8.90 $r PRETLIV $s RS_MAC $w 10 $y 2024-04-17

