03310cam a2200541   4500
001 329540
003 http://www.mediathequederoubaix.fr/ark:/20179/KH329540
010    $a 978-2-330-13410-5 $b rel. $d 17,90 EUR
020    $a FR $b 02117043
033    $a http://catalogue.bnf.fr/ark:/12148/cb46612464c
035    $a FRBNF466124640000003
073  0 $a 9782330134105
090    $a 329540
091    $a 2 $b 20240518 $c 1
099    $t LI $x 20 $d 2024-05-18 $c 2020-09-19
100    $a 20200911d2020    a  y0frey50      ba
101 0  $a fre
102    $a FR
105    $a ||||t   00|z|
106    $a r
181  0 $6 01 $a i  $b xxxe   $a b  $b xb2e  
181    $6 02 $c txt $c sti $2 rdacontent
182  0 $6 01 $a n
182    $6 02 $c n $2 rdamedia
200 1  $a Victor Hugo dit non à la peine de mort $b Texte imprimé $e une histoire graphique $f écrit par Murielle Szac $g illustré par Sébastien Vassant
210    $a Arles $c ACTES SUD EDITIONS $d 2020 $e impr. en ITALIE
214  0 $a Arles $c Actes Sud junior $d DL 2020
214  3 $a impr. en Italie
215    $a 1 vol. (non paginé [66] p.) $c ill. en coul. $d 28 cm
225    $a BD
321    $a La Revue des livres pour enfants $x 0398-8384 $c 316
329    $c Intéressant $a Nouvelle édition d'un roman paru en 2008, cette fois-ci sous forme de « roman graphique », ce volume consacré à la lutte de Victor Hugo contre la peine de mort, nous fait suivre celle-ci, depuis sa prise de conscience à ses derniers combats. Dans cette nouvelle édition, la forme graphique convainc : elle donne plus de force aux joutes verbales et argumentaires du poète. On peut avoir des réserves sur le dessin, mais les visions fantastiques dépeintes rappellent efficacement l'imaginaire hugolien. En revanche, on regrettera la disparition du dossier documentaire, alors que le sujet reste d'actualité ! $d 20201201 $f JP $2 CNLJ $k Avis critique donné par le Centre national de la littérature pour la jeunesse
330    $a Adaptation en bande dessinée de l'ouvrage précédemment paru dans la même collection sur l'engagement de Victor Hugo contre la peine de mort et son action politique pour son abolition. ­Electre 2020
333    $a À partir de 13 ans $2 CNLJ $k Avis critique donné par le Centre national de la littérature pour la jeunesse
339    $a a
410  0 $0 44323072 $t BD (Arles) $x 2427-2957 $d 2020
410  0 $0 41242961 $t Ceux qui ont dit non $x 2105-4770 $d 2020
600    $3 11907966 $9 2365 $a Hugo $b Victor $f 1802-1885 $2 rameau
606    $3 12647535 $9 7341 $a Peine de mort $3 11931476 $9 109 $y France $3 11975999 $9 1596 $z 19e siècle $2 rameau
608    $3 11931019 $9 10461 $a Bandes dessinées $2 rameau
608    $a Documentaires : sciences humaines $2 CNLJ $k Avis critique donné par le Centre national de la littérature pour la jeunesse
676    $a 848.7 (critique) $v 23
686    $a 920 $2 Cadre de classement de la Bibliographie nationale française
700    $3 12547889 $9 73660 $o ISNI0000000083694538 $a Szac $b Murielle $f 1964-.... $4 070
702    $3 15108430 $9 56934 $o ISNI0000000047396728 $a Vassant $b Sébastien $f 1980-.... $4 440
801  0 $a FR $b FR-751131015 $c 20200911 $g AFNOR $h FRBNF466124640000003 $2 intermrc
999    $a FRBNF466124640000003
995    $0 0 $2 0 $4 0 $5 2020-09-23 $9 414597 $P 17.90 $b MED $c MED $e MED2A $f C2500019162 $h JBDCLZZ $k E BD/LITT $o 0 $p 17.90 $r PRETLIV $s E_BD_LITT $w 20 $y 2024-05-04

