00992cam2a2200289 i 4500
001 329651
003 http://www.mediathequederoubaix.fr/ark:/20179/KH329651
005 20240519065642.0
010    $a 978-2-37910-035-2 $b br. $d 12 EUR
073  0 $a 9782379100352
090    $a 329651
091    $a 2 $b 20240519 $c 0
099    $t LI $x 1 $d 2024-05-19 $c 2020-09-30
100    $a 20200710d2020    c  |0frey5003||||ba
101 0  $a fre
102    $a BE
105    $a         0||y|
106    $a r
200 1  $a Nils et les 3 mondes $f Bertrand Crapez $h 2 $i Akhenaton
210    $a Erbisoeul (Belgique) $c Livr'S Editions $d 2020
211    $a 20200625
215    $a 209 p. $c ill., couv. ill. en coul.  $d 21 cm
339    $a m
345    $b 9782379100352
700    $3 17062127 $7 ba0yba0y $8 fre    $a Crapez $b Bertrand $f 1973-.... $4 070 $9 293350
801  3 $a FR $b Electre $c 20200715 $g AFNOR
995    $0 0 $2 0 $4 0 $5 2020-10-21 $9 415946 $b MED $c MED $e MED2A $f C3200022330 $h JROROZZ $k E R/CRA $o 0 $p 12.00 $r PRETLIV $s E_R_CRA $w 1 $y 2021-01-16 $7  $8  $A  $m  $z 

