02540cam a2200505   4500
001 329759
003 http://www.mediathequederoubaix.fr/ark:/20179/KH329759
010    $a 978-2-37408-276-9 $b rel. $d 23 EUR
020    $a FR $b 02022655
033    $a http://catalogue.bnf.fr/ark:/12148/cb465382933
035    $a FRBNF465382930000006
073  0 $a 9782374082769
090    $a 329759
091    $a 2 $b 20240519 $c 1
099    $t LI $x 38 $d 2024-05-19 $c 2020-10-02
100    $a 20200312d2020    a  y0frey50      ba
101 1  $a fre $c eng
102    $a FR
105    $a ||||z   00|y|
106    $a r
181  0 $6 01 $a i  $b xxxe   $a b  $b xb2e  
181    $6 02 $c txt $c sti $2 rdacontent
182  0 $6 01 $a n
182    $6 02 $c n $2 rdamedia
200 1  $a Le livre extraordinaire des animaux en danger $b Texte imprimé $f texte, Geneviève Morgan $g illustrations, Val Walerczuk $g traduction, Emmanuel Gros
210    $a Paris $c Little urban $d DL 2020 $e impr. en Italie
214  0 $a Paris $c Little urban $d DL 2020
214  3 $a impr. en Italie
215    $a 1 vol. (80 p.) $c ill. en coul. $d 38 cm
300    $a Avant-titre : "Little urban présente"
330    $a Une fiche descriptive pour chaque animal menacé d'extinction détaille son habitat, son statut de conservation, sa taille, son poids et sa durée de vie. Une échelle permet de comparer sa taille à celle de l'homme. ­Electre 2020
339    $a a
454  1 $t The magnificent book of endangered animals
606    $3 11936406 $9 13414 $a Animaux menacés $2 rameau
608    $3 12042408 $9 314947 $a Ouvrages pour la jeunesse $2 rameau
608    $a Documentaires : sciences et techniques $2 CNLJ $k Avis critique donné par le Centre national de la littérature pour la jeunesse
676    $a 591.680 83 $v 23
686    $a 590 $2 Cadre de classement de la Bibliographie nationale française
700    $3 16511009 $9 326896 $o ISNI0000000119320598 $a Morgan $b Genevieve $f 1966-.... $4 070
702    $3 17116280 $9 271130 $o ISNI0000000460123248 $a Walerczuk $b Val $4 440
702    $3 16943070 $9 119688 $o ISNI0000000444767799 $a Gros $b Emmanuel $f 1985-.... $4 730
801  0 $a FR $b FR-751131015 $c 20200312 $g AFNOR $h FRBNF465382930000006 $2 intermrc
999    $a FRBNF465382930000006
995    $0 0 $2 0 $4 0 $5 2020-11-19 $9 416876 $P 23.00 $b MED $c MED $e MED2A $f C2500019793 $h JDT50ZZ $k E/591 ABC $n 2024-05-09 $o 0 $p 23.00 $r PRETLIV $s E_591_000000000000000_ABC $w 36 $y 2024-03-27
995    $0 0 $2 0 $4 0 $5 2020-11-28 $9 417595 $P 23.00 $b MED $c MED $e MED0A $f C3500012112 $h JDT50ZZ $k EXT E/591 ABC $n 2024-07-10 $o 0 $r PRETLIV $s EXT_E_591_000000000000000_ABC $w 2 $y 2023-08-29

