02260cam a2200469   4500
001 330002
003 http://www.mediathequederoubaix.fr/ark:/20179/KH330002
010    $a 978-2-8126-2057-7 $b br. $d 13,90 EUR
020    $a FR $b 02116714
033    $a http://catalogue.bnf.fr/ark:/12148/cb46603392c
035    $a FRBNF466033920000003
073  0 $a 9782812620577
090    $a 330002
091    $a 2 $b 20240519 $c 1
099    $t LI $x 6 $d 2024-05-19 $c 2020-10-06
100    $a 20200828d2020    a  y0frey50      ba
101 0  $a fre
102    $a FR
105    $a ||||z   00|a|
106    $a r
181  0 $6 01 $a i  $b xxxe  
181    $6 02 $c txt $2 rdacontent
182  0 $6 01 $a n
182    $6 02 $c n $2 rdamedia
200 1  $a Barth le Maudit $b Texte imprimé $f Anne Lenner $g ill. de Gaspard Sumeire
210    $a [Arles] $c Rouergue $d 2020
214  0 $a [Arles] $c Rouergue $d DL 2020
214  3 $a 14-Condé-en-Normandie $c Impr. Corlet
215    $a 1 vol. (259 p.) $c ill. $d 21 cm
225    $a Dacodac
329    $c Intéressant $2 CNLJ $k Avis critique donné par le Centre national de la littérature pour la jeunesse
330    $a Italie, XVe siècle. Bartolomeo, moinillon de 13 ans, a le pouvoir de léviter en dormant. Il est chargé de mettre un terme à la peste qui ravage son pays. Au cours de sa mission, il rencontre un ogre, un loup-garou, une jeune cascadeuse, un génie âgé de 10 ans et un enfant capable des pires bêtises. ­Electre 2020
333    $a À partir de 11 ans $2 CNLJ $k Avis critique donné par le Centre national de la littérature pour la jeunesse
339    $a a
410  0 $0 42069271 $t Dacodac au Rouergue $x 2104-6034 $d 2020
608    $a Romans $2 CNLJ $k Avis critique donné par le Centre national de la littérature pour la jeunesse
686    $a 809 $2 Cadre de classement de la Bibliographie nationale française
700    $3 15036660 $9 111008 $o ISNI0000000004638686 $a Lenner $b Anne $f 1980?-.... $4 070
702    $3 17072508 $9 269170 $o ISNI0000000459720854 $a Sumeire $b Gaspard $f 1988-.... $4 440
801  0 $a FR $b FR-751131015 $c 20200828 $g AFNOR $h FRBNF466033920000003 $2 intermrc
999    $a FRBNF466033920000003
995    $0 0 $2 0 $4 0 $5 2020-10-22 $9 416050 $P 13.90 $b MED $c MED $e MED2A $f C2500019644 $h JROROZZ $k E R/LEN $o 0 $p 13.90 $r PRETLIV $s E_R_LEN $w 6 $y 2024-02-04

