03028cam a2200517   4500
001 330352
003 http://www.mediathequederoubaix.fr/ark:/20179/KH330352
010    $a 978-2-37731-456-0 $b rel. $d 14,90 EUR
020    $a FR $b 02104785
033    $a http://catalogue.bnf.fr/ark:/12148/cb465974197
035    $a FRBNF465974190000007
073  0 $a 9782377314560
090    $a 330352
091    $a 2 $b 20240519 $c 1
099    $t LI $x 45 $d 2024-05-19 $c 2020-10-09
100    $a 20200819d2020    a  y0frey50      ba
101 0  $a fre
102    $a FR
105    $a ||||z   00|a|
106    $a r
181  0 $6 01 $a i  $b xxxe   $a b  $b xb2e  
181    $6 02 $c txt $c sti $2 rdacontent
182  0 $6 01 $a n
182    $6 02 $c n $2 rdamedia
200 1  $a Odette fait des claquettes $b Texte imprimé $f Davide Cali, Clothilde Delacroix
210    $a Paris $c éditions Sarbacane $d 2020 $e 85-Luçon $g Impr. Pollina
214  0 $a Paris $c Sarbacane $d DL 2020
214  3 $a 85-Luçon $c Impr. Pollina
215    $a 1 vol. (non paginé [32] p.) $c ill. $d 28 cm
225    $a Collection dirigée par Emmanuelle Beulque
330    $a Odette, 7 ans, aime lire et grignoter. Lorsqu'elle est seule, elle met de la musique et fait des claquettes devant son miroir. Mais elle s'attriste de ne pas être mince comme les filles de sa classe et comme Sauterelle, l'héroïne de Léo David, son auteur préféré. Un jour, alors que ce dernier est invité dans la classe, la petite fille découvre qu'il s'agit d'une femme particulièrement corpulente. ­Electre 2020
339    $a a
410  0 $0 42506712 $t Collection dirigée par Emmanuelle Beulque $d 2020
608    $a Albums $2 CNLJ $k Avis critique donné par le Centre national de la littérature pour la jeunesse
609    $a Confiance en soi
686    $a 809 $2 Cadre de classement de la Bibliographie nationale française
700    $3 14534373 $9 73663 $o ISNI0000000122827146 $a Calì $b Davide $f 1972-.... $4 070
701    $3 16521131 $9 43305 $o ISNI0000000123770137 $a Delacroix $b Clothilde $f 1977-.... $4 070
801  0 $a FR $b FR-751131015 $c 20200819 $g AFNOR $h FRBNF465974190000007 $2 intermrc
999    $a FRBNF465974190000007
995    $0 0 $2 0 $4 0 $5 2020-10-10 $9 415521 $b MED $c MED $e MED2A $f C2500019327 $h JABEFAE $k E A/DEL $o 0 $p 14.90 $r PRETLIV $s E_A_DEL $w 15 $y 2024-04-20
995    $0 0 $2 0 $4 0 $5 2020-11-24 $9 417283 $P 14.90 $b MED $c MED $e MED0A $f C3500012084 $h JABEFAE $k EXT E A/CAL $n 2024-06-28 $o 0 $r PRETLIV $s EXT_E_A_CAL $w 13 $y 2024-04-23 $8 MA020
995    $0 0 $2 0 $4 0 $5 2020-11-24 $9 417284 $P 14.90 $b MED $c MED $e MED0A $f C3500012085 $h JABEFAE $k EXT E A/CAL $n 2024-07-11 $o 0 $r PRETLIV $s EXT_E_A_CAL $w 2 $y 2023-09-20
995    $0 0 $2 0 $4 0 $5 2020-11-24 $9 417285 $P 14.90 $b MED $c MED $e MED0A $f C3500012086 $h JABEFAE $k EXT E A/CAL $n 2024-07-10 $o 0 $r PRETLIV $s EXT_E_A_CAL $w 5 $y 2023-08-29
995    $0 0 $2 0 $4 0 $5 2022-01-25 $9 438975 $P 14.90 $b MED $c MED $e MED0A $f C3500014886 $h JABEFAE $k EXT E A/CAL $n 2024-06-27 $o 0 $r PRETLIV $s EXT_E_A_CAL $w 10 $y 2024-04-20 $8 MA034
995    $0 0 $2 0 $4 0 $5 2022-03-11 $9 440913 $P 14.90 $b BUS $c BUS $e BUS1A $f C3500015337 $h JABEFAE $k BUS E A $o 0 $r PRETLIV $s BUS_E_A $y 2023-11-28

