01940cam a2200433   4500
001 330501
003 http://www.mediathequederoubaix.fr/ark:/20179/KH330501
010    $a 978-2-344-04390-5 $b rel. $d 22 EUR
020    $a FR $b 02037475
033    $a http://catalogue.bnf.fr/ark:/12148/cb46612408w
035    $a FRBNF466124080000004
073  0 $a 9782344043905
090    $a 330501
091    $a 2 $b 20240519 $c 1
099    $t LI $x 6 $d 2024-05-19 $c 2020-10-13
100    $a 20200911d2020    m  y0frey50      ba
101 0  $a fre
102    $a FR
105    $a ||||t   00|y|
106    $a r
181  0 $6 01 $a i  $b xxxe   $a b  $b xb2e  
181    $6 02 $c txt $c sti $2 rdacontent
182  0 $6 01 $a n
182    $6 02 $c n $2 rdamedia
200 1  $a Van Gogh $b Texte imprimé $e fragments d'une vie en peintures $f Danijel Žeželj
210    $a Grenoble $c Glénat $d DL 2020 $e impr. en Espagne
214  0 $a Grenoble $c Glénat $d DL 2020
214  3 $a impr. en Espagne
215    $a 1 vol. (non paginé [152] p.) $c ill. $d 37 cm
330    $a Inspirées par une quinzaine de lettres de Van Gogh adressées à ses proches, les planches muettes de cette bandes dessinée traduisent les pensées, les joies, les peines et les tourments de l'âme du peintre, donnant ainsi à voir l'état fébrile de sa psyché et les affres de la création chez cet artiste de génie. ­Electre 2020
339    $a m
600    $3 11927591 $9 3911 $a Van Gogh $b Vincent $f 1853-1890 $2 rameau
608    $3 11931019 $9 10461 $a Bandes dessinées $2 rameau
676    $a 759.949 2 $v 23
686    $a 920 $2 Cadre de classement de la Bibliographie nationale française
700    $3 13082191 $9 71802 $o ISNI0000000078361827 $a Žeželj $b Danijel $f 1966-.... $4 070
801  0 $a FR $b FR-751131015 $c 20200911 $g AFNOR $h FRBNF466124080000004 $2 intermrc
999    $a FRBNF466124080000004
995    $0 0 $2 0 $4 0 $5 2020-10-13 $9 415655 $b MED $c MED $e MED0C $f C2300010730 $h AAPBDZZ $k BD/ZEZ $o -4 $p 22.00 $r PRETLIV $s BD_ZEZ $w 6 $y 2021-04-13

