01996cam a2200445   4500
001 330608
003 http://www.mediathequederoubaix.fr/ark:/20179/KH330608
010    $a 978-2-203-16191-7 $b br. $d 23,50 EUR
020    $a FR $b 02132562
033    $a http://catalogue.bnf.fr/ark:/12148/cb46566141q
035    $a FRBNF465661410000006
073  0 $a 9782203161917
090    $a 330608
091    $a 2 $b 20240519 $c 1
099    $t LI $x 31 $d 2024-05-19 $c 2020-10-15
100    $a 20200702d2020    m  y0frey50      ba
101 0  $a fre
102    $a BE
105    $a ||||t   00|a|
106    $a r
181  0 $6 01 $a i  $b xxxe   $a b  $b xb2e  
181    $6 02 $c txt $c sti $2 rdacontent
182  0 $6 01 $a n
182    $6 02 $c n $2 rdamedia
200 1  $a Anaïs Nin $b Texte imprimé $e sur la mer des mensonges $f Léonie Bischoff
210    $a [Bruxelles] $c Casterman $d DL 2020
214  0 $a [Bruxelles] $c Casterman $d DL 2020
214  3 $a impr. en Espagne
215    $a 1 vol. (190 p.) $c ill. en coul. $d 28 cm
300    $a Inspiré de "Henry and June : les cahiers secrets" écrit par Anaïs Nin
300    $a Diffusé en France
608    $a Documentaires : arts $2 CNLJ $k Avis critique donné par le Centre national de la littérature pour la jeunesse
686    $a 805 $2 Cadre de classement de la Bibliographie nationale française
700    $3 16691651 $9 113709 $o ISNI0000000410142790 $a Bischoff $b Léonie $4 070
702    $3 11917732 $9 29891 $o ISNI0000000121214137 $a Nin $b Anaïs $f 1903-1977 $4 100
801  0 $a FR $b FR-751131015 $c 20200702 $g AFNOR $h FRBNF465661410000006 $2 intermrc
930    $5 FR-751131010:46566141002001 $a 2020-221780 $b 759999999 $c Tolbiac - Haut de Jardin - Littérature et art - Libre accès $d N
930    $5 FR-751131010:46566141001001 $a 2020-218628 $b 759999999 $c Tolbiac - Haut de Jardin - Littérature et art - Salle H - Libre accès $d N
999    $a FRBNF465661410000006
995    $0 0 $2 0 $4 0 $5 2020-10-15 $9 415800 $b MED $c MED $e MED0C $f C2300010808 $h AAPBDZZ $k BD/BIS $o 0 $p 23.50 $r PRETLIV $s BD_BIS $w 31 $y 2024-04-12 $A 0

