02171ngm0a2200361   4500
001 330979
003 http://www.mediathequederoubaix.fr/ark:/20179/KH330979
073  1 $a 3333297313308
090    $a 330979
091    $a 1 $b 20240519 $c 0
099    $t VD $x 1 $d 2024-05-19 $c 2020-10-23
100    $a 20200228d2020    m  y0frey5003    ba
101 0  $a eng $j fre
102    $a FR
115    $a c080baizxbx||||bkxx|
200 1  $a Phil Tippett $b DVD $e des rêves et des monstres $f Gilles Penso, Alexandre Poncet, réal. $g Gilles Penso, Alexandre Poncet, scénario $g Alexandre Poncet, comp.
210    $a Paris $c Carlotta Films $d 2020
215    $a 1 DVD (01 h 20 mn) $c 16/9, coul., (PAL), Son. (Dolby Digital 5.1; anglais)
300    $a Langues principales : anglais; Sous-titres : français
300    $a Droit de prêt et consultation
300    $a Frenetic Arts, cop. 2019
300    $a *
327    $a Commentaire audio de Gilles Penso et Alexandre Poncet. Making of en 4 parties. La musique du film. Bandes-annonces.
330    $a Animateur de stop-motion, designer et réalisateur, Phil Tippett a donné naissance à quelques créatures légendaires, de Jabba le Hutt aux insectes géants de "Starship Troopers". Mais derrière ce brillant technicien hollywoodien, récompensé aux Oscars pour "Le retour du Jedi" et "Jurassic Park", il y a un artiste fou, qui passe ses journées à expérimenter dans son atelier avec tout ce qui lui passe sous la main. Bénéficiant d'un accès illimité aux collections et aux archives de Tippett Studio, ce film étudie l'héritage de Phil Tippett, depuis sa collaboration avec George Lucas jusqu'à des œuvres plus personnelles.
339    $a m
345    $b 3333297313308 $d 49.86 EUR
600    $a Tippett $b Phil $f 1951-.... $x DVD $2 rameau
606    $a Cinéma $x Effets spéciaux $x DVD $2 rameau
700  1 $a Penso $b Gilles $4 300 $4 690
701  1 $a Poncet $b Alexandre $4 300 $4 690 $4 230
801  0 $a FR $b ADAV $c 20200228 $g AFNOR
856    $u https://www.adav-assoc.com/4DACTION/GetImage/258784
995    $0 0 $2 0 $4 0 $5 2020-10-23 $9 416120 $b MED $c MED $e MED1A $f C1400008704 $h AAPCIDC $k DVD/794 TIP $o 0 $p 34.00 $r PRETDVD $s DVD_794_000000000000000_TIP $w 1 $y 2022-06-07

