01938cam a2200445   4500
001 331099
003 http://www.mediathequederoubaix.fr/ark:/20179/KH331099
010    $a 978-2-37680-049-1 $b br. $d 12 EUR
020    $a FR $b 02041588
033    $a http://catalogue.bnf.fr/ark:/12148/cb465738058
035    $a FRBNF465738050000008
073  0 $a 9782376800491
090    $a 331099
091    $a 2 $b 20240507 $c 1
099    $t LI $d 2024-05-07 $c 2020-10-27
100    $a 20200713d2020    m  h0frey50      ba
101 0  $a fre
102    $a FR
105    $a ||||z   00|y|
106    $a r
181  0 $6 01 $a i  $b xxxe  
181    $6 02 $c txt $2 rdacontent
182  0 $6 01 $a n
182    $6 02 $c n $2 rdamedia
200 1  $a Musée de Picardie $b Texte imprimé $e guide historique & architectural $f ouvrage placé sous la direction de Laure Dalon $g coordination éditoriale par Jean-Loup Legay
210    $a Ennetières-en-Weppes (Nord) $c Invenit $d 2020
214  0 $a Lille $c Éditions Invenit $a Amiens $c Musée de Picardie $d DL 2020
214  3 $a impr. en Belgique
215    $a 1 vol. (125 p.) $c ill. en coul. $d 23 cm
300    $a Bibliogr. p. 124
330    $a Une découverte de ce lieu bâti au XIXe siècle, premier édifice construit en France pour être dès l'origine un musée. ­Electre 2020
339    $a m
601    $3 11864951 $9 62399 $a Musée de Picardie $c Amiens $3 11934444 $9 494 $x Histoire $2 rameau
676    $a 708.42 $v 23
686    $a 700 $2 Cadre de classement de la Bibliographie nationale française
702    $3 15760089 $9 116245 $o ISNI0000000051997526 $a Dalon $b Laure $f 1981-.... $4 651
710    $3 11864951 $9 62399 $o ISNI0000000121560603 $a Musée de Picardie $c Amiens $4 070
801  0 $a FR $b FR-751131015 $c 20200713 $g AFNOR $h FRBNF465738050000008 $2 intermrc
999    $a FRBNF465738050000008
995    $0 0 $2 0 $4 0 $5 2020-11-13 $9 416735 $b MED $c MED $e MED0C $f C3200022501 $h PRRRGZZ $k FR/719 EXP $o 0 $p 12.00 $r PRETLIV $s FR_719_000000000000000_EXP $w 0 $y 2020-11-28

