02118cam a2200421   4500
001 331210
003 http://www.mediathequederoubaix.fr/ark:/20179/KH331210
010    $a 978-2-7021-8182-9 $b br. $d 19,90 EUR
020    $a FR $b 02101553
033    $a http://catalogue.bnf.fr/ark:/12148/cb466259818
035    $a FRBNF466259810000009
073  0 $a 9782702181829
090    $a 331210
091    $a 2 $b 20240507 $c 1
099    $t LI $x 60 $d 2024-05-07 $c 2020-10-28
100    $a 20201001d2020    m  y0frey50      ba
101 0  $a fre
102    $a FR
105    $a ||||z   00|a|
106    $a r
181  0 $6 01 $a i  $b xxxe  
181    $6 02 $c txt $2 rdacontent
182  0 $6 01 $a n
182    $6 02 $c n $2 rdamedia
200 1  $a Skidamarink $b Texte imprimé $e roman $f Guillaume Musso
210    $a Paris $c Calmann-Lévy $d 2020
214  0 $a Paris $c Calmann-Lévy $d DL 2020
214  3 $a 27-Mesnil-sur-l'Estrée $c Impr. CPI Firmin-Didot
215    $a 1 vol. (443 p.) $d 23 cm
330    $a A quelques mois des élections américaines, deux événements bouleversent le monde : le vol de la Joconde et l'enlèvement de l'homme d'affaires américain George Steiner, dont la firme règne en maître sur l'industrie de l'informatique et du multimédia. Quatre personnes, qui ne se connaissent pas, reçoivent un morceau de la toile, accompagné d'une carte portant une citation au recto. ­Electre 2020
339    $a m
686    $a 803 $2 Cadre de classement de la Bibliographie nationale française
700    $3 13617187 $9 82863 $o ISNI0000000110756010 $a Musso $b Guillaume $f 1974-.... $4 070
801  0 $a FR $b FR-751131015 $c 20201001 $g AFNOR $h FRBNF466259810000009 $2 intermrc
999    $a FRBNF466259810000009
995    $0 0 $2 0 $4 0 $5 2020-10-28 $9 416295 $b MED $c MED $e MED1A $f C1400008601 $h ALTROPL $k RP/MUS $o 0 $p 19.90 $r PRETLIV $s RP_MUS $w 27 $y 2024-04-12
995    $0 0 $2 0 $4 0 $5 2021-05-25 $9 427023 $P 19.90 $b BUS $c BUS $e BUS1A $f C2500023216 $h ALTROPL $k BUS RP/MUS $o 0 $p 19.90 $r PRETLIV $s BUS_RP_MUS $w 9 $y 2022-03-01
995    $0 0 $2 0 $4 0 $5 2021-08-10 $9 430923 $b MED $c MED $e MED1A $f C1400010954 $h ALTROPL $k RP/MUS $o 0 $p 19.90 $r PRETLIV $s RP_MUS $u don à verifier $w 24 $y 2024-04-24 $7  $8  $A  $m  $z 

