04226cam a2200493   4500
001 331322
003 http://www.mediathequederoubaix.fr/ark:/20179/KH331322
010    $a 978-2-226-44706-7 $b rel. $d 13,50 EUR
020    $a FR $b 02024102
033    $a http://catalogue.bnf.fr/ark:/12148/cb46527873p
035    $a FRBNF465278730000008
073  0 $a 9782226447067
090    $a 331322
091    $a 2 $b 20240507 $c 1
099    $t LI $x 31 $d 2024-05-07 $c 2020-11-06
100    $a 20200227d2020    a  y0frey50      ba
101 1  $a fre $c eng
102    $a FR
105    $a ||||z   00|a|
106    $a r
181  0 $6 01 $a i  $b xxxe   $a b  $b xb2e  
181    $6 02 $c txt $c sti $2 rdacontent
182  0 $6 01 $a n
182    $6 02 $c n $2 rdamedia
200 1  $a Perdu $b Texte imprimé $f Richard Jones $g [traduit de l'anglais par Françoise de Guibert]
210    $a Paris $c Albin Michel jeunesse $d DL 2020
214  0 $a Paris $c Albin Michel jeunesse $d DL 2020
215    $a 1 vol. (non paginé [32] p.) $c ill. en coul. $d 25 x 29 cm
321    $a La Revue des livres pour enfants $x 0398-8384 $c 314
321    $a La Revue des livres pour enfants. Sélection annuelle $c 315
329    $c Coup de coeur ! $a Après Mon lion blanc et La Danse d'hiver, on retrouve tout le talent graphique et narratif de l'illustrateur britannique magnifié dans cette histoire d'un petit chien, dont le nom - Perdu - dit tout, et qui cherche sa place dans ce monde. Nourri aux sources de l'album américain (on pense à Ezra Jack Keats), l'illustrateur développe sa palette de double page en double page, en mêlant des couleurs comme estompées, des fonds colorés et des effets de collage, avec une attention extrême accordée à l'expressivité du trait et à la composition. Dans une atmosphère humide et froide, le salut viendra de la petite fille au bonnet rouge (que le lecteur remarque dans l'image bien avant que le texte ne la mentionne) pour un final immensément réconfortant. Un livre bouleversant de tendresse, d'humanité et de beauté, à offrir à tous les enfants qui, comme Perdu, se sont un jour sentis comme « une petite boule tremblante d'inquiétude » (à tous les enfants, donc). $d 20200901 $f MP $2 CNLJ $k Avis critique donné par le Centre national de la littérature pour la jeunesse
329    $c Coup de coeur ! $a C'est l'histoire d'un petit chien dont le nom - Perdu - dit tout, et qui cherche sa place dans ce monde. De page en page, l'illustrateur développe sa palette en mêlant couleurs estompées, dans des tons froids, fonds colo­rés et effets de collage, avec une attention extrême à l'expressivité du trait et à la composition. Le salut viendra d'une petite fille au bonnet rouge pour un final bien réconfortant. Un livre bouleversant de tendresse et d'humanité, à offrir à tous les enfants qui, comme Perdu, se sont un jour sentis comme « une petite boule tremblante d'inquiétude ». $d 20201101 $2 CNLJ $k Avis critique donné par le Centre national de la littérature pour la jeunesse
330    $a Personne ne semble vouloir de Perdu, un petit chien solitaire qui peine à trouver sa place. Mais au fil de l'histoire, une petite fille l'observe et se rapproche de lui. Une oeuvre poétique sur un sujet sensible, la peur de l'abandon et la solitude. ­Electre 2020
333    $a À partir de 3 ans $2 CNLJ $k Avis critique donné par le Centre national de la littérature pour la jeunesse
339    $a a
454  1 $t Perdu
608    $a Albums $2 CNLJ $k Avis critique donné par le Centre national de la littérature pour la jeunesse
686    $a 809 $2 Cadre de classement de la Bibliographie nationale française
700    $3 17073214 $9 267805 $o ISNI0000000459723633 $a Jones $b Richard $f 1977-.... $4 070
702    $3 13761465 $9 61847 $o ISNI000000012132191X $a Guibert $b Françoise de $f 1970-.... $4 730
801  0 $a FR $b FR-751131015 $c 20200227 $g AFNOR $h FRBNF465278730000008 $2 intermrc
999    $a FRBNF465278730000008
995    $0 0 $2 0 $4 0 $5 2020-12-02 $9 417876 $b MED $c MED $e MED2A $f C2500019945 $h JABPFAF $k PE A/JON $o 0 $p 13.50 $r PRETLIV $s PE_A_JON $u réparé le 06/09/23 $w 28 $y 2024-03-02
995    $0 0 $2 0 $4 0 $5 2021-01-12 $9 420669 $P 13.50 $b MED $c MED $e MED0A $f C3500012526 $h JABPFAF $k EXT  PE A/JON $n 2024-07-05 $o 0 $r PRETLIV $s EXT_PE_A_JON $w 3 $y 2023-09-01

