01729cam a2200409   4500
001 331440
003 http://www.mediathequederoubaix.fr/ark:/20179/KH331440
010    $a 978-2-413-02746-1 $b rel. $d 19,99 EUR
020    $a FR $b 02121581
033    $a http://catalogue.bnf.fr/ark:/12148/cb46627242x
035    $a FRBNF466272420000001
073  0 $a 9782413027461
090    $a 331440
091    $a 2 $b 20240507 $c 1
099    $t LI $x 7 $d 2024-05-07 $c 2020-11-14
100    $a 20201002d2020    m  y0frey50      ba
101 1  $a fre $c eng
102    $a FR
105    $a ||||t   00|a|
106    $a r
181  0 $6 01 $a i  $b xxxe   $a b  $b xb2e  
181    $6 02 $c txt $c sti $2 rdacontent
182  0 $6 01 $a n
182    $6 02 $c n $2 rdamedia
200 1  $a Cinq ans $b Texte imprimé $f par Terry Moore
210    $a Paris $c Delcourt $d 2020
214  0 $a [Paris] $c Delcourt $d DL 2020
214  3 $a impr. en Slovénie
215    $a 1 vol. (202 p.) $c ill. $d 26 cm
330    $a Katchoo, Francine, Sam et son ami gorille imaginaire, Julie, Samantha, Rachel et Zoé se retrouvent pour tenter de sauver le monde face à l'apocalypse prévue dans cinq ans. L'auteur réunit ainsi les héroïnes de Strangers in paradise, Echo, Motor Girl et Rachel Rising pour un récit choral. ­Electre 2020
339    $a m
454  1 $t Five years
686    $a 805 $2 Cadre de classement de la Bibliographie nationale française
700    $3 13079252 $9 100701 $o ISNI0000000110794754 $a Moore $b Terry $f 1954-.... $4 070
801  0 $a FR $b FR-751131015 $c 20201002 $g AFNOR $h FRBNF466272420000001 $2 intermrc
999    $a FRBNF466272420000001
995    $0 0 $2 0 $4 0 $5 2021-02-11 $9 422266 $b MED $c MED $e MED0C $f C2300011052 $h AAPBDCM $k BD COMICS/MOO $o 0 $p 19.99 $r PRETLIV $s BD_COMICS_MOO $w 7 $y 2023-06-04

