02003cam a2200481   4500
001 331551
003 http://www.mediathequederoubaix.fr/ark:/20179/KH331551
010    $a 978-2-36852-839-6 $b br. $d 7,65 EUR
020    $a FR $b 01978491
033    $a http://catalogue.bnf.fr/ark:/12148/cb45834627t
035    $a FRBNF458346270000000
039    $o OPP $a 45818071 $d 20191220
073  0 $a 9782368528396
090    $a 331551
091    $a 2 $b 20240507 $c 1
099    $t LI $x 9 $d 2024-05-07 $c 2020-11-14
100    $a 20191104d2019    m  y0frey50      ba
101 1  $a fre $c jpn
102    $a FR
105    $a ||||t   00|a|
106    $a r
181  0 $6 01 $a i  $b xxxe   $a b  $b xb2e  
181    $6 02 $c txt $c sti $2 rdacontent
182  0 $6 01 $a n
182    $6 02 $c n $2 rdamedia
200 1  $a My home hero $h 5 $b Texte imprimé $f scénario, Naoki Yamakawa $g dessin, Masashi Asaki
210    $a Paris $c Kurokawa $d 2019
214  0 $a Paris $c Kurokawa $d DL 2019
214  3 $a 86-Ligugé $c Aubin impr.
215    $a 1 vol. (189 p.) $c ill. $d 19 cm
225    $a Collection dirigée par Grégoire Hellot
300    $a Trad. du japonais
330    $a La suite des aventures de Tetsuo, un père de famille, prêt à tout pour sauver sa fille Reika, impliquée dans une affaire de meurtre. ­Electre 2020
339    $a m
410  0 $0 40045704 $t Collection dirigée par Grégoire Hellot $d 2019
461  0 $6 352751 $t My home hero $v 5
608    $a Bandes dessinées $2 CNLJ $k Avis critique donné par le Centre national de la littérature pour la jeunesse
686    $a 805 $2 Cadre de classement de la Bibliographie nationale française
700    $3 17800018 $9 327201 $a Yamakawa $b Naoki $4 070
702    $3 13737136 $9 327202 $o ISNI0000000001456932 $a Asaki $b Masashi $f 1970-.... $4 440
801  0 $a FR $b FR-751131015 $c 20191104 $g AFNOR $h FRBNF458346270000000 $2 intermrc
999    $a FRBNF458346270000000
995    $0 0 $2 0 $4 0 $5 2020-12-04 $9 418348 $b MED $c MED $e MED0C $f C2300010947 $h AAPBDMG $k BD MANGA/YAM $o 0 $p 7.65 $r PRETLIV $s BD_MANGA_YAM $w 9 $y 2023-10-24

