01699cam1a2200397 i 4500
001 331662
003 http://www.mediathequederoubaix.fr/ark:/20179/KH331662
005 20211219034101.0
010    $a 978-2-8138-1236-0 $b br. $d 5,90 EUR
033    $a http://catalogue.bnf.fr/ark:/12148/cb46748367c
073  0 $a 9782813812360
090    $a 331662
091    $a 0
099    $t LI
100    $a 20200303d2020    m  |0frey5003||||ba
101 0  $a fre
102    $a FR
105    $a         0||y|
106    $a r
200 1  $a Prisonniers de guerre $e 1939-1945 $f Eric Labayle
210    $a Tours $c Editions Sutton $d 2020
215    $a 32 p. $c ill. en noir et en couleur $d 23 cm
300    $a Lexique. Bibliogr.
330    $a Un documentaire sur les soldats français capturés par l'armée allemande, qui étaient plus de 1,8 million à la fin de juin 1940. L'auteur évoque les circonstances de leur capture, leur quotidien dans les camps, leur vie sociale et culturelle, la Résistance ou la collaboration, les libérations et les évasions ou encore leur retour en France. ­Electre 2020
333    $a Tout public
339    $a m
345    $b 9782813812360
606    $3 11954136 $a Guerre mondiale (1939-1945) $x Prisonniers et prisons des Allemands $2 rameau
606    $3 12008798 $a Prisonniers de guerre français $3 11930867 $y Allemagne $3 11976044 $z 1900-1945 $2 rameau
676    $a 940.547 $v 23
686    $2 electre
686    $2 electre
686    $2 electre
700  1 $3 13087222 $a Labayle $b Eric $f 1966-.... $4 070
801  3 $a FR $b Electre $c 20200309 $g AFNOR
995    $0 0 $2 0 $4 0 $5 2020-12-01 $9 417798 $b MED $c MED $e MED3M $f c0006079123 $h PPEFGZZ $k BR 8/3252 $o 2 $p 6.00 $r PRETLIV $s BR_8_325200000000000 $w 0 $y 2020-12-01

