02122cam a2200469   4500
001 331768
003 http://www.mediathequederoubaix.fr/ark:/20179/KH331768
010    $a 978-2-07-066225-8 $b br. $d 7,30 EUR
020    $a FR $b 01601315
033    $a http://catalogue.bnf.fr/ark:/12148/cb444797697
035    $a FRBNF444797690000000
073  0 $a 9782070662258
090    $a 331768
091    $a 2 $b 20240508 $c 1
099    $t LI $x 5 $d 2024-05-08 $c 2020-11-20
100    $a 20151229d2015    a  y0frey50      ba
101 1  $a fre $c eng
102    $a FR
105    $a ||||z   00|y|
106    $a r
181  0 $6 01 $a i  $b xxxe  
181    $6 02 $c txt $2 rdacontent
182  0 $6 01 $a n
182    $6 02 $c n $2 rdamedia
200 1  $a La croisade du désespoir $b Texte imprimé $f Joe Dever $g illustrations de Brian Williams $g traduit de l'anglais par Nicolas Grenier
210    $a Paris $c Gallimard-Jeunesse $d 2015
215    $a 1 vol. (52-[ca 200] p.) $c ill. $d 18 cm
225 19 $a Loup solitaire $v 15
225    $a Un livre dont vous êtes le héros
330    $a Loup solitaire, Grand Maître kaï du Sommerlund, défend Lencia contre ses vieux ennemis, les Drakkarims. Ils sont conduits par le seigneur de la guerre Magnaarn qui cherche à contrôler la pierre maudite de Dark afin d'accéder à une puissance maléfique illimitée. ­Electre 2020
339    $a a
410  0 $0 40205599 $t Un Livre dont vous êtes le héros $x 2491-4908 $d 2015
454  1 $t The Darke crusade
609    $2 rbxRomJ $a Roman dont tu es le héros
676    $a 793.930 83 $v 23
686    $a 793 $2 Cadre de classement de la Bibliographie nationale française
700    $3 12663621 $9 327287 $o ISNI0000000066392554 $a Dever $b Joe $f 1956-2016 $4 070
702    $3 14637717 $9 327292 $o ISNI0000000117515551 $a Williams $b Brian $f 1956-.... $4 440
702    $3 12039958 $9 327288 $o ISNI0000000073601676 $a Grenier $b Nicolas $4 730
801  0 $a FR $b FR-751131015 $c 20151229 $g AFNOR $h FRBNF444797690000000 $2 intermrc
999    $a FRBNF444797690000000
995    $0 0 $2 0 $4 0 $5 2020-11-28 $9 417700 $P 7.80 $b MED $c MED $e MED2A $f C2500019871 $h JROROZZ $k E R/DEV $o 0 $p 7.80 $r PRETLIV $s E_R_DEV $w 5 $y 2023-12-23

