02533cam1a2200601 i 4500
001 331876
003 http://www.mediathequederoubaix.fr/ark:/20179/KH331876
005 20240508041758.0
010    $a 978-2-01-220232-0 $b br. $d 5,90 EUR
073  0 $a 9782012202320
090    $a 331876
100    $a 20141023d2015    d  |0frey5003||||ba
101 1  $a fre $c eng
102    $a FR
105    $a         0||y|
106    $a r
181  0 $6 01 $a i  $b xxxe  
181    $6 02 $c txt $2 rdacontent
182  0 $6 01 $a n
182    $6 02 $c n $2 rdamedia
183    $6 01 $a nga
183    $6 02 $a nc $2 rdacarrier
200 1  $a Le perroquet qui bégayait $b Texte imprimé $f Alfred Hitchcock $g traduit de l'américain par Vladimir Volkoff $g illustrations Boiry
205    $a Nouvelle édition
210    $a Paris $c Le Livre de poche jeunesse $d 2015
211    $a 20150218
214  0 $a Paris $c Le Livre de poche jeunesse $d 2015
215    $a 1 vol. (246 p.) $c illustrations en noir et blanc $d 18 x 13 cm
225 2  $a Le Livre de poche $x 0248-3653 $i Jeunesse $x 0223-7091 $i Policier $x 1629-7598
330    $a Trois jeunes s'improvisent détectives dans une petite ville appelée Rocky, située au bord de l'océan Pacifique à quelques kilomètres d'Hollywood. ­Electre 2020
333    $a A partir de 9 ans
345    $b 9782012202320
410  0 $0 37581212 $6 24751 $7 4112471400 $t Le Livre de poche. Jeunesse. Policier $x 1629-7598
686    $a J000607 $2 electre
686    $a GJEU015 $2 electre
686    $a GRPO000 $2 electre
686    $a PJ0401 $2 electre
700    $3 11907571 $6 1247598 $7 ba0yba0y $8 fre    $a Hitchcock $b Alfred $f 1899-1980 $4 070 $9 2541
702    $3 11892569 $6 1186198 $7 ba0yba0y $8 fre    $a Boiry $f 1948-.... $4 440 $9 10081
702    $3 11928652 $6 1336853 $7 ba0yba0y $8 fre    $a Volkoff $b Vladimir $f 1932-2005 $4 730 $9 3570
801  3 $a FR $b Electre $c 20201119 $g AFNOR
830    $a ELECTREcommande roman 19112020 20201120
856 4  $u https://www.electre.com/GetBlob.ashx?Ean=9782012202320,0-2487409&Size=Original
902    $a Jeunesse - Bons lecteurs (à partir de 9 ans) - A partir de 9 ans $b PJ0401
903    $a Jeunesse - Eveil et Fiction - Roman - Policiers $b J000607
903    $a Jeunesse - Fiction langue étrangère contemporaine $b GJEU015
903    $a Rayon poche $b GRPO000
947    $c 5.90 $a 5.90
969    $a  1 $h 1
099    $t LI $x 4 $d 2024-05-08 $c 2020-11-20
339    $a a
091    $a 2 $b 20240508 $c 0
995    $0 0 $2 0 $4 0 $5 2020-12-03 $9 418089 $b MED $c MED $e MED2A $f C2500020127 $h JROPLZZ $k E RP/HIT $o 0 $r PRETLIV $s E_RP_HIT $w 4 $y 2024-01-03

