01918cam a2200421   4500
001 331982
003 http://www.mediathequederoubaix.fr/ark:/20179/KH331982
010    $a 978-2-280-41967-3 $b br. $d 16,90 EUR
020    $a FR $b 02115708
033    $a http://catalogue.bnf.fr/ark:/12148/cb466464957
035    $a FRBNF466464950000009
073  0 $a 9782280419673
090    $a 331982
091    $a 2 $b 20240508 $c 1
099    $t LI $x 20 $d 2024-05-08 $c 2020-11-21
100    $a 20201105d2020    m  y0frey50      ba
101 0  $a fre
102    $a FR
105    $a ||||z   00|a|
106    $a r
181  0 $6 01 $a i  $b xxxe  
181    $6 02 $c txt $2 rdacontent
182  0 $6 01 $a n
182    $6 02 $c n $2 rdamedia
200 1  $a T'embrasser sous la neige $b Texte imprimé $e roman $f Emily Blaine
210    $a Paris $c Harlequin $d 2020
214  0 $a Paris $c HarperCollins France $d DL 2020
214  3 $a 27-Mesnil-sur-l'Estrée $c Impr. CPI Firmin-Didot
215    $a 1 vol. (368 p.) $d 21 cm
225    $a &H $x 2271-0256
330    $a A l'approche de Noël, le bar préféré de Juliette et de ses amis organise un concours de baisers, étalé sur trois semaines et avec des épreuves codifiées. Malheureusement, Juliette vient de rompre et n'a plus de partenaire. Deux candidats lui offrent leurs services. Le premier est un inconnu tandis que le second est un séduisant musicien avec qui elle travaille pour organiser un concert de charité. ­Electre 2020
339    $a m
410  0 $0 43728792 $t &H (Harlequin) $x 2271-0256 $d 2020
686    $a 803 $2 Cadre de classement de la Bibliographie nationale française
700    $3 16926157 $9 265456 $o ISNI0000000442476816 $a Blaine $b Emily $4 070
801  0 $a FR $b FR-751131015 $c 20201105 $g AFNOR $h FRBNF466464950000009 $2 intermrc
999    $a FRBNF466464950000009
995    $0 0 $2 0 $4 0 $5 2020-11-21 $9 417027 $b MED $c MED $e MED1A $f C1400008934 $h ALTROAM $k RS/BLA $o 0 $p 16.90 $r PRETLIV $s RS_BLA $w 20 $y 2024-03-02 $A 0

