02165cam a2200457   4500
001 332090
003 http://www.mediathequederoubaix.fr/ark:/20179/KH332090
010    $a 978-2-246-82523-4 $b br. $d 14,90 EUR
020    $a FR $b 02111411
033    $a http://catalogue.bnf.fr/ark:/12148/cb466504819
035    $a FRBNF46650481000000X
073  0 $a 9782246825234
090    $a 332090
091    $a 2 $b 20240508 $c 1
099    $t LI $x 2 $d 2024-05-08 $c 2020-11-28
100    $a 20201113d2020    m  y0frey50      ba
101 0  $a fre
102    $a FR
105    $a ||||z   00|y|
106    $a r
181  0 $6 01 $a i  $b xxxe  
181    $6 02 $c txt $2 rdacontent
182  0 $6 01 $a n
182    $6 02 $c n $2 rdamedia
200 1  $a À gauche en sortant de l'hyper marché $b Texte imprimé $f Clémentine Autain
210    $a Paris $c Bernard Grasset $d 2020 $e 00- $g Impr. FIRMIN DIDOT STE NOUVELLE      
214  0 $a Paris $c Bernard Grasset $d DL 2020
214  3 $a 27-Mesnil-sur-l'Estrée $c Impr. CPI Firmin-Didot
215    $a 1 vol. (153 p.) $d 21 cm
300    $a Bibliogr. p. 147-151
330    $a En prenant l'exemple de l'hypermarché comme sanctuaire du consumérisme, la députée dénonce les dérives du capitalisme et la course à une croissance infinie sur une planète aux ressources limitées. Elle appelle à rompre le lien entre le plus et le mieux, de même qu'à se méfier de l'e-commerce et de son profilage numérique qui s'apparente selon elle à de la surveillance généralisée. ­Electre 2020
339    $a m
606    $3 13318315 $9 21692 $a Évolution sociale $2 rameau
606    $3 12135912 $9 38859 $a Société de consommation $2 rameau
606    $3 11936061 $9 23048 $a Capitalisme $2 rameau
676    $a 303.45 $v 23
686    $a 300 $2 Cadre de classement de la Bibliographie nationale française
700    $3 13754567 $9 70151 $o ISNI0000000072483663 $a Autain $b Clémentine $f 1973-.... $4 070
801  0 $a FR $b FR-751131015 $c 20201113 $g AFNOR $h FRBNF46650481000000X $2 intermrc
999    $a FRBNF46650481000000X
995    $0 0 $2 0 $4 0 $5 2020-12-30 $9 420160 $b MED $c MED $e MED3A $f C2400003136 $h ACFSSZZ $k Doc./307.2 ECO $o 0 $p 14.90 $r PRETLIV $s DOC___307_200000000000000_ECO $w 2 $y 2021-02-20

