01597cam a2200397   4500
001 332318
003 http://www.mediathequederoubaix.fr/ark:/20179/KH332318
010    $a 978-2-253-16731-0 $b br. $d 5,90 EUR
020    $a FR $b 01370649
033    $a http://catalogue.bnf.fr/ark:/12148/cb43724722q
035    $a FRBNF43724722000000X
073  0 $a 9782253167310
090    $a 332318
091    $a 2 $b 20240508 $c 1
099    $t LI $x 6 $d 2024-05-10 $c 2020-12-01
100    $a 20131206d2013    m  y0frey50      ba
101 0  $a fre
102    $a FR
105    $a ||||z   00|y|
106    $a r
181  0 $6 01 $a i  $b xxxe  
181    $6 02 $c txt $2 rdacontent
182  0 $6 01 $a n
182    $6 02 $c n $2 rdamedia
200 1  $a Veuf $b Texte imprimé $f Jean-Louis Fournier
210    $a Paris $c Le Livre de poche $d 2013
215    $a 1 vol. (136 p.) $c couv. ill. en coul. $d 18 cm
225    $a Le livre de poche $v 32836
330    $a Le narrateur évoque sa femme Sylvie qu'il a perdue par une journée d'automne... Un sujet grave traité avec des mots simples et des phrases légères mais lourdes de chagrin. ­Electre 2020
339    $a m
410  0 $0 34228560 $t Le Livre de poche $x 0248-3653 $v 32836
686    $a 920 $2 Cadre de classement de la Bibliographie nationale française
700    $3 11903289 $9 13572 $o ISNI000000010921525X $a Fournier $b Jean-Louis $f 1938-.... $4 070
801  0 $a FR $b FR-751131015 $c 20131206 $g AFNOR $h FRBNF43724722000000X $2 intermrc
999    $a FRBNF43724722000000X
995    $0 0 $2 0 $4 0 $5 2020-12-01 $9 417821 $b MED $c BUS $e MED0C $f C1400009134 $h ALTFAZZ $k FAL $o 0 $p 6.40 $r PRETLIV $s FAL $w 6 $y 2024-05-18 $A 0

