02681njm0a2200397   4500
001 332425
003 http://www.mediathequederoubaix.fr/ark:/20179/KH332425
071 01 $a 19439811582 $b Columbia Records
073  0 $a 0194398115825
090    $a 332425
091    $a 1 $b 20240508 $c 0
099    $t DC $x 17 $d 2024-05-08 $c 2020-12-02
100    $a 20201126d2020    u  y0frey5003    ba
101 0  $a eng
127    $a 005900
200 1  $a Letter to you $b [enr. sonore] $f Bruce Springsteen, comp., chant, guit.
210    $a New York $c Columbia Records $d 2020
215    $a 1 CD (59 min) $e 1 livret
300    $a Textes des chansons
327 1  $a One minute you're here $a Letter to you $a Burnin' train $a Janey needs a shooter $a Last man standing $a The power of prayer $a House of a thousand guitars $a Rainmaker $a If I was the priest $a Ghosts $a Songs for orphans $a I'll see you in my dreams
330    $a Bruce Springsteen est de retour avec son groupe de toujours, le E Street Band, 6 ans après l'album High hopes. Enregistré dans son home studio du New Jersey, Letter to you est le 20e album studio du Boss ! Il comprend neuf chansons récemment écrites, ainsi que de nouveaux enregistrements inédits de trois de ses titres légendaires des années 1970, Janey needs a shooter, If I was the priest et Song for orphans. Springsteen est rejoint ici par Roy Bittan, Nils Lofgren, Patti Scialfa, Garry Tallent, Stevie Van Zandt, Max Weinberg, Charlie Giordano et Jake Clemons. L'album a été produit par Ron Aniello avec Bruce Springsteen, mixé par Bob Clearmountain et masterisé par Bob Ludwig.
334    $a Télérama No.3693 p.61 du 21/10/2020 $b 3/4
334    $a Rock & Folk No.639 p.68 du 27/10/2020 $b 4/5
334    $a RollingStone No.127 p.77 du 02/11/2020 $b 5/5
345    $a GAM $b 0194398115825 $c disque compact $d 20,56 E
610    $a Rock
679    $a 2
700  1 $a Springsteen $b Bruce $f 1949-.... $4 230
801  0 $a FR $b GAM $c 20201126 $g AFNOR
856 4  $u https://www.gamannecy.com/upload/albums/202009/0194398115825_thumb.jpg
856 4  $u https://www.gamannecy.com/polysson/202010/01-0194398115825.mp3 $z One minute you're here
856 4  $u https://www.gamannecy.com/polysson/202010/02-0194398115825.mp3 $z Letter to you
856 4  $u https://www.gamannecy.com/polysson/202010/03-0194398115825.mp3 $z Burnin' train
856 4  $u https://www.gamannecy.com/polysson/202010/04-0194398115825.mp3 $z Janey needs a shooter
856 4  $u https://www.gamannecy.com/polysson/202010/05-0194398115825.mp3 $z Last man standing
995    $0 0 $2 0 $4 0 $5 2020-12-09 $9 419041 $b MED $c MED $e MED1A $f C3100009108 $h AMV20ZZ $k DC/2 SPR $l contient 1 DC + 1 livret $o 0 $p 20.57 $r PRETSON $s DC_2_000000000000000_SPR $w 17 $y 2023-04-01

