02100cam a2200445   4500
001 332526
003 http://www.mediathequederoubaix.fr/ark:/20179/KH332526
010    $a 978-2-8222-3080-3 $b rel. $d 13,50 EUR
020    $a FR $b 02139086
033    $a http://catalogue.bnf.fr/ark:/12148/cb46666867h
035    $a FRBNF466668670000003
073  0 $a 9782822230803
090    $a 332526
091    $a 2 $b 20240508 $c 1
099    $t LI $x 28 $d 2024-05-08 $c 2020-12-02
100    $a 20201210d2020    a  y0frey50      ba
101 0  $a fre
102    $a FR
105    $a ||||t   00|a|
106    $a r
181  0 $6 01 $a i  $b xxxe   $a b  $b xb2e  
181    $6 02 $c txt $c sti $2 rdacontent
182  0 $6 01 $a n
182    $6 02 $c n $2 rdamedia
200 1  $a Sauvons les océans ! $b Texte imprimé $f [scénario], Nicoloff $g [dessin], Losty, Zanon
210    $a Bruxelles $c Jungle $d 2020
214  0 $a Paris $c Jungle $d DL 2020
214  3 $a 01-Péronnas $c Impr. SEPEC
215    $a 1 vol. (72 p.) $c ill. en coul. $d 28 cm
225 19 $a #Les belles vertes $v 1
330    $a Frustrées de ne pas parvenir à sensibiliser leurs camarades à l'écologie, Ehma, Lily et Fadila, trois collégiennes, créent #Lesbellesvertes, un groupe mystérieux sur les réseaux sociaux, afin d'éveiller les consciences face aux problèmes environnementaux. Elles organisent un voyage jusqu'à Saint-Nazaire pour s'opposer aux porte-conteneurs qui détruisent l'écosystème marin. ­Electre 2020
339    $a a
461  0 $6 365403 $t #Les belles vertes $v 1
686    $a 805 $2 Cadre de classement de la Bibliographie nationale française
700    $3 15078520 $9 89186 $o ISNI0000000002101623 $a Nicoloff $b Loïc $f 1974-.... $4 070
702    $3 17954992 $9 331634 $o ISNI0000000502786251 $a Losty $f 1998-.... $4 440
702    $3 17954999 $9 332620 $o ISNI0000000502786294 $a Zanon $b Alberto $f 1974-.... $4 440
801  0 $a FR $b FR-751131015 $c 20201210 $g AFNOR $h FRBNF466668670000003 $2 intermrc
999    $a FRBNF466668670000003
995    $0 0 $2 0 $4 0 $5 2020-12-09 $9 418869 $P 13.50 $V 1 $b MED $c MED $e MED2A $f C2500020224 $h JBDZZZZ $k E BD/NIC $o 0 $p 13.50 $r PRETLIV $s E_BD_NIC $w 28 $y 2024-05-14

