02963cam a2200433   4500
001 332634
003 http://www.mediathequederoubaix.fr/ark:/20179/KH332634
010    $a 979-10-90962-46-0 $b br. $d 12 EUR
033    $a http://catalogue.bnf.fr/ark:/12148/cb45834198z
035    $a FRBNF458341980000005
073  0 $a 9791090962460
090    $a 332634
091    $a 2 $b 20240508 $c 1
099    $t LI $x 17 $d 2024-05-08 $c 2020-12-02
100    $a 20191031d2019    m  y0frey50      ba
101 0  $a fre
102    $a FR
105    $a ||||t   00|a|
106    $a r
181  0 $6 01 $a i  $b xxxe   $a b  $b xb2e  
181    $6 02 $c txt $c sti $2 rdacontent
182  0 $6 01 $a n
182    $6 02 $c n $2 rdamedia
200 1  $a Coquillettes et crustacés $b Texte imprimé $e Kara, premier trimestre $f [scénariste] Louise Mey $g [illustratrice] Isabelle Maroger
210    $a [Ivry-sur-Seine] $c Monsieur Pop corn $d 2019 $e impr. en Lituanie
214  0 $a [Ivry-sur-Seine] $c Monsieur Pop corn $d 2019
214  3 $a impr. en Lituanie
215    $a 1 vol. (120 p.) $d 27 cm
321    $a La Revue des livres pour enfants $x 0398-8384 $c 311
329    $c Intéressant $a Ce premier album de la série s'adresse aux adolescents et aux préadolescents qui retrouveront à travers le personnage de Kara de nombreux problèmes ou situations proches de leur vie de collégien.ne.s. À travers la rentrée scolaire de l'héroïne qui s'étend sur un trimestre, l'album s'offre en petites scènes de quelques pages où sont pointées avec humour de nombreuses questions et difficultés rencontrées par les adolescents quant à leur place au sein de leur groupe de pairs ou de leur famille. Kara affronte sa nouvelle situation avec humour, résolution et une petite dose de féminisme. En se construisant de jour en jour, elle offre une certaine profondeur à son personnage, ce qui rend la lecture de cet album déjà fort agréable, originale et intéressante. C'est un ouvrage à la fois drôle, pédagogique, plaisant à lire et qui adopte le point de vue de l'adolescent.e. $d 20200201 $f JCT $2 CNLJ $k Avis critique donné par le Centre national de la littérature pour la jeunesse
330    $a Sur les conseils de ses proches, Kara essaie de profiter de ses années d'adolescence malgré son arrivée dans un nouveau collège. ­Electre 2020
333    $a À partir de 11 ans $2 CNLJ $k Avis critique donné par le Centre national de la littérature pour la jeunesse
339    $a a
608    $a Bandes dessinées $2 CNLJ $k Avis critique donné par le Centre national de la littérature pour la jeunesse
700    $3 17062741 $9 266646 $o ISNI0000000459681154 $a Mey $b Louise $4 070
702    $3 15004414 $9 91268 $o ISNI0000000078466274 $a Maroger $b Isabelle $f 1979-.... $4 440
801  0 $a FR $b FR-751131015 $c 20191031 $g AFNOR $h FRBNF458341980000005 $2 intermrc
999    $a FRBNF458341980000005
995    $0 0 $2 0 $4 0 $5 2020-12-08 $9 418794 $b MED $c MED $e MED2A $f C2500020319 $h JBDZZZZ $k E BD/MEY $o 0 $p 12.00 $r PRETLIV $s E_BD_MEY $w 17 $y 2024-04-20

