00731nas a22002173  4500
001 332743
003 http://www.mediathequederoubaix.fr/ark:/20179/KH332743
090    $a 332743
091    $a 0
099    $t PE
100    $a 20160817b1895    m||y0frey50      ba
101    $a fre
200    $a Modern style $e journal mensuel $f dir. de publ. A. Darroux
210    $a Paris $c Modern style $d [1895]-[19--]
326    $a Hebdomadaire puis mensuel
339    $a m
606    $a Mode $x Périodiques
606    $a Vêtements $x Périodiques
702    $4 651 $9 326804 $a Darroux $b A.
801    $a FR $b 595126101 $c 20160817 $g AFNOR
995    $0 0 $2 0 $4 0 $5 2020-12-04 $9 418427 $b MED $c MED $e MED3T $f P 60234 $h P17 $k P 60234 $o 2 $r PRETLIV $s P_60234_000000000000000 $w 0 $y 2020-12-04 $A 0

