02570cam1a2200541 i 4500
001 332849
003 http://www.mediathequederoubaix.fr/ark:/20179/KH332849
005 20240508043732.0
010    $a 979-10-209-0856-8 $b br. $d 24 EUR
073  0 $a 9791020908568
090    $a 332849
100    $a 20200302d2020    m  |0frey5003||||ba
101 0  $a fre
102    $a FR
105    $a         0||y|
106    $a r
181  0 $6 01 $a i  $b xxxe  
181    $6 02 $c txt $2 rdacontent
182  0 $6 01 $a n
182    $6 02 $c n $2 rdamedia
183    $6 01 $a nga
183    $6 02 $a nc $2 rdacarrier
200 1  $a Bifurquer $b Texte imprimé $f sous la direction de Bernard Stiegler $g avec le collectif Internation $g précédé d'une lettre de Jean-Marie Gustave Le Clézio $g suivi d'une postface de Alain Supiot
210    $a Paris $c Les Liens qui libèrent $d 2020
211    $a 20200610
214  0 $a Paris $c Les Liens qui libèrent $d 2020
215    $a 1 vol. (423 p.) $d 22 x 15 cm
330    $a Un recueil de réflexions consacrées au désastre écologique et à ses conséquences dramatiques pour l'humanité. Scientifiques, juristes, économistes, philosophes ou artistes, les contributeurs proposent de nouveaux chemins pour mettre en place une transition réelle vers des modèles économiques, sociaux et politiques respectueux de la biosphère. ­Electre 2020
333    $a Tout public
345    $b 9791020908568
606    $3 12271499 $7 ba0yba0y $8 fre    $a Développement durable $2 rameau $9 44730
606    $3 15829194 $7 ba0yba0y $8 fre    $a Écologie politique $x Aspect politique $2 rameau $9 102571
606    $3 11941933 $7 ba0yba0y $8 fre    $a Environnement $x Protection -- Participation des citoyens $2 rameau $9 74975
606    $3 13318461 $7 ba0yba0y $8 fre    $a Changement social $2 rameau $9 21693
676    $a 363.7 $v 23
686    $a T200400 $2 electre
686    $a GDOC005 $2 electre
686    $a PG0100 $2 electre
702    $3 12380999 $6 1323478 $7 ba0yba0y $8 fre    $a Stiegler $b Bernard $f 1952-2020 $4 651 $9 37947
702    $3 11911553 $6 1264375 $7 ba0yba0y $8 fre    $a Le Clézio $b J. M. G. $f 1940-.... $4 080 $9 3524
702    $3 11925760 $6 1324350 $7 ba0yba0y $8 fre    $a Supiot $b Alain $f 1949-.... $4 075 $9 269965
712 02 $6 2322125 $a Internation $4 651
801  3 $a FR $b Electre $c 20201202 $g AFNOR
830    $a ELECTREMA/HSR/ASD/CdeSuggNovembre 20201204
099    $t LI $x 1 $d 2024-05-08 $c 2020-12-04
339    $a m
091    $a 2 $b 20240508 $c 0
995    $0 0 $2 0 $4 0 $5 2020-12-30 $9 420228 $b MED $c MED $e MED3A $f C3200023514 $h ACFSCZZ $k Doc./577 ECO $o 0 $p 24.00 $r PRETLIV $s DOC___577_000000000000000_ECO $w 1 $y 2021-02-23

