02132cam a2200457   4500
001 332960
003 http://www.mediathequederoubaix.fr/ark:/20179/KH332960
010    $a 978-2-36193-607-5 $b rel. $d 22 EUR
020    $a FR $b 02160898
033    $a http://catalogue.bnf.fr/ark:/12148/cb46605046v
035    $a FRBNF466050460000003
073  0 $a 9782361936075
090    $a 332960
091    $a 2 $b 20240508 $c 1
099    $t LI $x 16 $d 2024-05-08 $c 2020-12-08
100    $a 20200901d2020    a  y0frey50      ba
101 0  $a fre
102    $a FR
105    $a ||||z   00|a|
106    $a r
181  0 $6 01 $a i  $b xxxe   $a b  $b xb2e  
181    $6 02 $c txt $c sti $2 rdacontent
182  0 $6 01 $a n
182    $6 02 $c n $2 rdamedia
200 1  $a Le cerisier de grand-père $b Texte imprimé $f Anne-Florence Lemasson, Dominique Ehrhard
210    $a Paris $c Les Grandes personnes $d DL 2020
214  0 $a Paris $c les Grandes personnes $d DL 2020
214  3 $a impr. en Chine
215    $a 1 vol. (non paginé [8] p.) $c ill. en coul. $d 34 cm
300    $a Livre cartonné animé
329    $c Intéressant $2 CNLJ $k Avis critique donné par le Centre national de la littérature pour la jeunesse
330    $a Un livre avec des tirettes relatant l'histoire du cerisier d'un grand-père au fil des saisons. ­Electre 2020
333    $a À partir de 3 ans $2 CNLJ $k Avis critique donné par le Centre national de la littérature pour la jeunesse
339    $a a
608    $a Albums $2 CNLJ $k Avis critique donné par le Centre national de la littérature pour la jeunesse
686    $a 809 $2 Cadre de classement de la Bibliographie nationale française
700    $3 17132840 $9 277457 $o ISNI000000046415077X $a Lemasson $b Anne-Florence $4 070
701    $3 12307518 $9 66151 $o ISNI0000000381659845 $a Ehrhard $b Dominique $f 1958-.... $4 070
801  0 $a FR $b FR-751131015 $c 20200901 $g AFNOR $h FRBNF466050460000003 $2 intermrc
999    $a FRBNF466050460000003
995    $0 0 $2 0 $4 0 $5 2020-12-19 $9 419884 $b MED $c MED $e MED2A $f C0005661817 $h JABLPZZ $k E POP $o 0 $p 22.00 $r PRETLIV $s E_POP $u Réparation médiathèque 15/02/2022 03/2023 UNE FOURMI MANQUANTE SUR LES 4 $w 16 $y 2024-01-11 $7  $8  $A  $m  $z 

