02081ncm0a2200409   4500
001 333093
003 http://www.mediathequederoubaix.fr/ark:/20179/KH333093
010    $a 9782362970429 $d 18.77
073  0 $a 9782362970429
090    $a 333093
091    $a 2 $b 20240513 $c 0
099    $t PA $x 20 $d 2024-05-13 $c 2020-12-09
100    $a 20170621d2017    u||y0frey5003    ba
101 0  $a mul
127    $a 003700
200 1  $a Lamomali $b Musique imprimée $f M & Toumani Diabaté & Sidiki Diabaté $g Fatoumata Diawara
210    $a Paris $c Bookmakers $d 2017
215    $a 56 p. $c couv. ill. $d 31 cm
327 1  $a Manitoumani $a Bal de Bamako $a Cet air $a Interlude $a Une âme $a Le bonheur $a Solidarité $a Toi moi $a L'âme au Mali $a Mama $a Koman le héros
339    $a m
464  1 $a Manitoumani $3 http://www.gamannecy.com/polysson/201704/01-3596973456922.mp3
464  1 $a Bal de Bamako $3 http://www.gamannecy.com/polysson/201704/02-3596973456922.mp3
464  1 $a Cet air $3 http://www.gamannecy.com/polysson/201704/03-3596973456922.mp3
464  1 $a Interlude $3 http://www.gamannecy.com/polysson/201704/04-3596973456922.mp3
464  1 $a Une âme $3 http://www.gamannecy.com/polysson/201704/05-3596973456922.mp3
679    $a 099.2
700  1 $a M $f 1971-.... $4 230
702    $7 ba0yba0y $8 fre    $a Diabaté $b Toumani $f 1965-.... $4 545 $3 13992944 $9 15456
702  1 $a Diabaté $b Sidiki $4 545
801  0 $a FR $b GAM $c 20170621 $g AFNOR
856 4  $u http://www.gamannecy.com/upload/albums/201703/3596973456922_thumb.jpg
856 4  $u http://www.gamannecy.com/polysson/201704/01-3596973456922.mp3 $z Manitoumani
856 4  $u http://www.gamannecy.com/polysson/201704/02-3596973456922.mp3 $z Bal de Bamako
856 4  $u http://www.gamannecy.com/polysson/201704/03-3596973456922.mp3 $z Cet air
856 4  $u http://www.gamannecy.com/polysson/201704/04-3596973456922.mp3 $z Interlude
856 4  $u http://www.gamannecy.com/polysson/201704/05-3596973456922.mp3 $z Une âme
995    $0 0 $2 0 $4 0 $5 2020-12-09 $9 418976 $b MED $c MED $e MED1A $f C3100009185 $h AMV80ZZ $k PA/099.2 M $o 0 $p 18.77 $r PRETPAR $s PA_099_200000000000000_M $w 2 $y 2021-09-20

