02184cam a2200469   4500
001 333205
003 http://www.mediathequederoubaix.fr/ark:/20179/KH333205
010    $a 978-2-03-598525-5 $b rel. $d 21,50 EUR
020    $a FR $b 02032650
033    $a http://catalogue.bnf.fr/ark:/12148/cb46583183b
035    $a FRBNF46583183000000X
073  0 $a 9782035985255
090    $a 333205
091    $a 2 $b 20240509 $c 1
099    $t LI $x 5 $d 2024-05-09 $c 2020-12-10
100    $a 20200727d2020    a  y0frey50      ba
101 0  $a fre
102    $a FR
105    $a ||||e   00|y|
106    $a r
181  0 $6 01 $a i  $b xxxe   $a b  $b xb2e  
181    $6 02 $c txt $c sti $2 rdacontent
182  0 $6 01 $a n
182    $6 02 $c n $2 rdamedia
200 1  $a Le dictionnaire Larousse du collège $b Texte imprimé
205    $a Nouvelle éd. enrichie
210    $a Paris $c Larousse $d DL 2020 $e impr. en Italie
214  0 $a Paris $c Larousse $d DL 2020
214  3 $a impr. en Italie
215    $a 1 vol. (1855-224 p.) $c ill. en coul. $d 24 cm $e 1 carte d'activation internet pour tablette
300    $a La couv. porte en plus : "11-15 ans"
330    $a Pour maîtriser le français, enrichir son vocabulaire et sa culture générale, et acquérir les points essentiels du programme : 105.000 mots, sens, expressions, synonymes, contraires et remarques, 8.000 noms propres, des développements encyclopédiques, des tableaux de conjugaison, 224 fiches aide-mémoire, des dossiers thématiques et un atlas. Avec une carte donnant accès à la version numérique. ­Electre 2020
339    $a a
517 1  $a Larousse du collège
606    $3 11935375 $9 3663 $a Français (langue) $2 rameau
608    $3 12070170 $9 13995 $a Dictionnaires pour la jeunesse $2 rameau
676    $a 443.083 $v 23
686    $a 400 $2 Cadre de classement de la Bibliographie nationale française
710    $3 13888975 $9 3661 $o ISNI0000000404523749 $a Larousse $4 070
801  0 $a FR $b FR-751131015 $c 20200727 $g AFNOR $h FRBNF46583183000000X $2 intermrc
999    $a FRBNF46583183000000X
995    $0 0 $2 0 $4 0 $5 2020-12-11 $9 419301 $b MED $c MED $e MED2A $f C2500020569 $h JDT40ZZ $k E/412 DIC $o 0 $p 21.50 $r PRETLIV $s E_412_000000000000000_DIC $w 5 $y 2024-04-20 $7  $8  $A 0 $m  $z 

