02758cam a2200517   4500
001 333309
003 http://www.mediathequederoubaix.fr/ark:/20179/KH333309
010    $a 978-2-278-09840-8 $b br. $d 12,90 EUR
020    $a FR $b 02121747
033    $a http://catalogue.bnf.fr/ark:/12148/cb466195541
035    $a FRBNF466195540000004
073  0 $a 9782278098408
090    $a 333309
091    $a 2 $b 20240509 $c 1
099    $t LI $x 8 $d 2024-05-09 $c 2020-12-12
100    $a 20200923d2020    a  y0frey50      ba
101 0  $a fre
102    $a FR
105    $a ||||z   00|a|
106    $a r
181  0 $6 01 $a i  $b xxxe  
181    $6 02 $c txt $2 rdacontent
182  0 $6 01 $a n
182    $6 02 $c n $2 rdamedia
200 1  $a L'herboriste de Hoteforais $b Texte imprimé $f Nathalie Somers $g illustrations, Juliette Laude...
210    $a Paris $c Didier jeunesse $d DL 2020
214  0 $a Paris $c Didier jeunesse $d impr. 2020
214  3 $a 61-Alençon $c Normandie roto impr.
215    $a 1 vol. (188 p.) $c ill. $d 22 cm
225    $a Mon marque-page +
300    $a A pour suite : "Le voyage de l'herboriste", ISBN 978-2-278-12264-6
329    $c Pourquoi pas ? $2 CNLJ $k Avis critique donné par le Centre national de la littérature pour la jeunesse
330    $a La mère d'Ywen, une herboriste très réputée, a été kidnappée par le duc de Hoteforais. Le jeune garçon est bien décidé à la sauver et compte sur ses graines magiques. En chemin, il croise la mystérieuse Neire et sa mère adoptive, deux pilleuses qui décident de l'accompagner. Ils ne se doutent nullement qu'ils sont au coeur d'un complot fomenté par le Premier ministre du duc. ­Electre 2020
333    $a À partir de 11 ans $2 CNLJ $k Avis critique donné par le Centre national de la littérature pour la jeunesse
339    $a a
410  0 $0 45598498 $t Mon marque-page + (Paris) $x 2647-2422 $d 2020
421  1 $0 47150738 $t Le voyage de l'herboriste $y 978-2-278-12264-6
608    $a Romans $2 CNLJ $k Avis critique donné par le Centre national de la littérature pour la jeunesse
609    $2 rbxRomJ $a Fantastique / Fantasy
686    $a 809 $2 Cadre de classement de la Bibliographie nationale française
700    $3 15122031 $9 100401 $o ISNI000000007251006X $a Somers $b Nathalie $f 1966-.... $4 070
702    $3 17049549 $9 265770 $o ISNI0000000459627115 $a Laude $b Juliette $f 1991-.... $4 440
801  0 $a FR $b FR-751131015 $c 20200923 $g AFNOR $h FRBNF466195540000004 $2 intermrc
999    $a FRBNF466195540000004
995    $0 0 $2 0 $4 0 $5 2020-12-12 $9 419498 $P 12.90 $b MED $c MED $e MED2A $f C2500020612 $h JROROZZ $k E R/SOM $o 0 $p 12.90 $r PRETLIV $s E_R_SOM $w 6 $y 2023-11-12
995    $0 0 $2 0 $4 0 $5 2021-01-14 $9 420831 $P 12.90 $b MED $c MED $e MED0A $f C3500012653 $h JROROZZ $k EXT E R/SOM $n 2024-07-06 $o 0 $r PRETLIV $s EXT_E_R_SOM $w 2 $y 2022-08-25

