01858cam a2200421   4500
001 333417
003 http://www.mediathequederoubaix.fr/ark:/20179/KH333417
010    $a 978-2-226-45202-3 $b rel. $d 19 EUR
020    $a FR $b 02045670
033    $a http://catalogue.bnf.fr/ark:/12148/cb46601333c
035    $a FRBNF466013330000003
073  0 $a 9782226452023
090    $a 333417
091    $a 2 $b 20240509 $c 1
099    $t LI $x 25 $d 2024-05-09 $c 2020-12-15
100    $a 20200826d2020    a  y0frey50      ba
101 0  $a fre
102    $a FR
105    $a ||||z   00|a|
106    $a r
181  0 $6 01 $a i  $b xxxe   $a b  $b xb2e  
181    $6 02 $c txt $c sti $2 rdacontent
182  0 $6 01 $a n
182    $6 02 $c n $2 rdamedia
200 1  $a Le dernier des loups $b Texte imprimé $f texte de Sébastien Perez $g illustrations de Justine Brax
210    $a Paris $c Albin Michel jeunesse $d DL 2020 $e impr. en Italie
214  0 $a Paris $c Albin Michel jeunesse $d DL 2020
214  3 $a impr. en Italie
215    $a 1 vol. (non paginé [31] p.) $c ill. en coul. $d 37 cm
330    $a La grande guerre des hommes contre les loups a décimé le village de Milo. Archer aguerri, il part se venger et affronter le dernier des loups. ­Electre 2020
339    $a a
608    $a Albums $2 CNLJ $k Avis critique donné par le Centre national de la littérature pour la jeunesse
686    $a 809 $2 Cadre de classement de la Bibliographie nationale française
700    $3 15542825 $9 98227 $o ISNI0000000122802088 $a Perez $b Sébastien $f 1975-.... $4 070
702    $3 15039634 $9 87694 $o ISNI0000000121284493 $a Brax $b Justine $f 1979-.... $4 440
801  0 $a FR $b FR-751131015 $c 20200826 $g AFNOR $h FRBNF466013330000003 $2 intermrc
999    $a FRBNF466013330000003
995    $0 0 $2 0 $4 0 $5 2021-01-13 $9 420768 $P 19.00 $b MED $c MED $e MED2A $f C2500021006 $h JABEFAE $k E A/BRA $o 0 $p 19.00 $r PRETLIV $s E_A_BRA $w 25 $y 2024-05-11 $A 0

