02317cam1a22005891i 4500
001 333527
003 http://www.mediathequederoubaix.fr/ark:/20179/KH333527
005 20240509053149.0
010    $a 978-2-8123-2051-4 $b br. $d 14,90 EUR
033    $a http://catalogue.bnf.fr/ark:/12148/cb465456078
073  0 $a 9782812320514
090    $a 333527
100    $a 20200128d2020    m  |0frey5003||||ba
101 0  $a fre
102    $a FR
105    $a         0||y|
106    $a r
181  0 $6 01 $a i  $b xxxe   $a b  $b xb2e  
181    $6 02 $c txt $c sti $2 rdacontent
182  0 $6 01 $a n
182    $6 02 $c n $2 rdamedia
183    $6 01 $a nga
183    $6 02 $a nc $2 rdacarrier
200 1  $a Noir $b Texte imprimé $e des grottes de Lascaux à Pierre Soulages $e une couleur à (re)découvrir en 40 notices $f Hayley Edwards-Dujardin
210    $a Vanves (Hauts-de-Seine) $c Chêne $d 2020
211    $a 20200603
214  0 $a Vanves (Hauts-de-Seine) $c Chêne $d 2020
215    $a 1 vol. (108 p.) $d 25 x 18 cm
225 2  $a Ca c'est de l'art
330    $a Une histoire du noir dans l'art à travers la présentation de quarante oeuvres, des représentations du dieu Anubis au Vantablack en passant par les ombres du Caravage et les étoffes de Rembrandt. ­Electre 2020
333    $a Tout public
345    $b 9782812320514
410  0 $6 356008 $t Ca c'est de l'art
676    $a 701.85 $v 23
686    $a T050101 $2 electre
686    $a GBEA001 $2 electre
686    $a GDOC002 $2 electre
686    $a PG0100 $2 electre
700  1 $3 17810449 $9 327646 $6 12086902 $a Edwards-Dujardin $b Hayley $4 070
801  3 $a FR $b Electre $c 20200624 $g AFNOR
830    $a ELECTREA/CI/2020novembrecommande700 20201218
856 4  $u https://www.electre.com/GetBlob.ashx?Ean=9782812320514,0-6499874&Size=Original
902    $a Grand public - Tout public $b PG0100
903    $a Arts - Arts - Philosophie et théorie, esthétique $b T050101
903    $a Beaux-livres - Beaux livres d'art $b GBEA001
903    $a Documents, essais - Documents $b GDOC002
947    $c 14.90 $a 14.90
969    $a  1 $h 1
099    $t VD $x 4 $d 2024-05-09 $c 2020-12-18
339    $a m
091    $a 1 $b 20240509 $c 0
995    $0 0 $2 0 $4 0 $5 2020-12-22 $9 419920 $b MED $c MED $e MED1A $f C1400009199 $h AAPATAP $k Doc./714 COU $o 0 $p 14.90 $r PRETLIV $s DOC___714_000000000000000_COU $w 4 $y 2021-09-28

