02308cam a2200469   4500
001 333635
003 http://www.mediathequederoubaix.fr/ark:/20179/KH333635
010    $a 979-10-285-1372-6 $b br. $d 17 EUR
020    $a FR $b 02130689
033    $a http://catalogue.bnf.fr/ark:/12148/cb467383795
035    $a FRBNF467383790000008
073  0 $a 9791028513726
090    $a 333635
091    $a 2 $b 20240509 $c 1
099    $t LI $x 12 $d 2024-05-09 $c 2020-12-18
100    $a 20210326d2020    m  y0frey50      ba
101 0  $a fre
102    $a FR
105    $a ||||z   00|y|
106    $a r
181  0 $6 01 $a i  $b xxxe  
181    $6 02 $c txt $2 rdacontent
182  0 $6 01 $a n
182    $6 02 $c n $2 rdamedia
200 1  $a Les intelligences multiples de vos enfants $b Texte imprimé $e découvrez et encouragez leurs potentiels, de 0 à 12 ans $f Bruno Hourst, Albane de Beaurepaire $g illustrations de Jilème
210    $a Paris $c Leduc.s éditions $d 2020
214  0 $a Paris $c Leduc.s pratique $d DL 2020
214  3 $a 58-Clamecy $c Impr. Laballery
215    $a 1 vol. (271 p.) $c ill. $d 21 cm
300    $a Bibliogr. p. 263
330    $a S'appuyant sur la théorie d'Howard Gardner, les auteurs présentent les huit formes d'intelligence, notamment visuelle, corporelle, interpersonnelle et naturaliste. Ils donnent des conseils aux parents pour les développer chez leurs enfants, en créant un environnement propice, en choisissant des activités adaptées à cette fin et n'utilisant que peu les écrans ou en les intégrant dans les devoirs. ­Electre 2020
339    $a m
606    $3 14638234 $9 327710 $a Intelligences multiples $2 rameau
606    $3 11955218 $9 37290 $a Éducation familiale $2 rameau
676    $a 370.152 9 $v 23
686    $a 370 $2 Cadre de classement de la Bibliographie nationale française
700    $3 13169607 $9 324155 $o ISNI0000000117841832 $a Hourst $b Bruno $f 1949-.... $4 070
701    $3 17789924 $9 327711 $a Beaurepaire $b Albane de $4 070
702    $3 13742901 $9 324156 $o ISNI0000000374134039 $a Jilème $f 1971-.... $4 440
801  0 $a FR $b FR-751131015 $c 20210326 $g AFNOR $h FRBNF467383790000008 $2 intermrc
999    $a FRBNF467383790000008
995    $0 0 $2 0 $4 0 $5 2021-01-22 $9 421381 $P 17.00 $b MED $c MED $e MED2A $f C2500021270 $h AAPPLPA $k E FP 602 ABC $o 0 $p 17.00 $r PRETLIV $s E_FP_602_000000000000000_ABC $w 12 $y 2024-05-07

