02471ngm0a2200433   4500
001 333740
003 http://www.mediathequederoubaix.fr/ark:/20179/KH333740
073  1 $a 5051889681823
090    $a 333740
091    $a 1 $b 20240519 $c 0
099    $t VD $x 40 $d 2024-05-19 $c 2021-01-06
100    $a 20201002d2020    m  y0frey5003    ba
101 0  $a mul $j fre
102    $a GB $a PL $a UA
115    $a c141baizxbx||||bkxx|
200 1  $a L'ombre de Staline $b DVD $f Agnieszka Holland, réal. $g Andrea Chalupa, scénario $g Antoni Lazarkiewicz, comp. $g James Norton, Vanessa Kirby, Peter Sarsgaard, Joseph Mawle, Kenneth Cranham, Celyn Jones, ... [et al.] act.
210    $a Rueil-Malmaison $c Condor Entertainment $d 2020
215    $a 1 DVD 2 couches sur une simple face (02 h 21 mn) $c 2.35:1, 16/9, coul., (PAL), Son. (Dolby Digital 5.1; multiples langues)
300    $a Langues principales : multiples langues; Sous-titres : français
300    $a Droit de prêt et consultation
300    $a Film Produkcja, Crab Apple Films, Film.ua, cop. 2019
300    $a **
327    $a Version originale en anglais, ukrainien, russe et hollandais sous-titrée en français. Entretien exclusif avec la réalisatrice (25 min). Entretien exclusif avec Nicolas Werth, historien français spécialiste de la période soviétique (25 min).
330    $a Pour un journaliste débutant, Gareth Jones ne manque pas de culot. Après avoir décroché une interview d'Hitler qui vient tout juste d'accéder au pouvoir, il débarque en 1933 à Moscou, afin d'interviewer Staline sur le fameux miracle soviétique. À son arrivée, il déchante : anesthésiés par la propagande, ses contacts occidentaux se dérobent, il se retrouve surveillé jour et nuit, et son principal intermédiaire disparaît.
339    $a m
345    $b 5051889681823 $d 61.50 EUR
606    $a Cinéma $x DVD $y Grande-Bretagne $2 rameau
700  1 $a Holland $b Agnieszka $4 300
702  1 $a Chalupa $b Andrea $4 690
702  1 $a Lazarkiewicz $b Antoni $4 230
702  1 $a Norton $b James $4 005
702  1 $a Kirby $b Vanessa $4 005
702  1 $a Sarsgaard $b Peter $4 005
702  1 $a Mawle $b Joseph $4 005
702  1 $a Cranham $b Kenneth $4 005
702  1 $a Jones $b Celyn $4 005
801  0 $a FR $b ADAV $c 20201002 $g AFNOR
856    $u https://www.adav-assoc.com/4DACTION/GetImage/262679
995    $0 0 $2 0 $4 0 $5 2021-01-07 $9 420449 $b MED $c MED $e MED1A $f C1400009253 $h AAPCIFI $k DVD/F HOL $n 2024-06-21 $o 0 $p 42.00 $r PRETDVD $s DVD_F_HOL $u Surprise $w 40 $y 2024-05-10

