01796cam a2200433   4500
001 333842
003 http://www.mediathequederoubaix.fr/ark:/20179/KH333842
010    $a 978-2-408-01249-6 $b br. $d 4,99 EUR
020    $a FR $b 02040180
033    $a http://catalogue.bnf.fr/ark:/12148/cb46576639r
035    $a FRBNF465766390000009
073  0 $a 9782408012496
090    $a 333842
091    $a 2 $b 20240519 $c 1
099    $t LI $x 23 $d 2024-05-19 $c 2021-01-08
100    $a 20200717d2020    a  y0frey50      ba
101 0  $a fre
102    $a FR
105    $a ||||z   00|a|
106    $a r
181  0 $6 01 $a i  $b xxxe   $a b  $b xb2e  
181    $6 02 $c txt $c sti $2 rdacontent
182  0 $6 01 $a n
182    $6 02 $c n $2 rdamedia
200 1  $a Les vacances du roi lion $b Texte imprimé $f une histoire de Jean Leroy $g illustrée par Julie Mercier
210    $a Toulouse $c Milan $d DL 2020 $e impr. en Roumanie
214  0 $a Toulouse $c Milan $d DL 2020
214  3 $a impr. en Roumanie
215    $a 1 vol. (23 p.) $c ill. en coul. $d 19 cm
225    $a Poussin $e 5-7 ans $e pour le CP
330    $a Une histoire qui se déroule à la cour des animaux, en quête d'un bon chef. Avec des jeux et une comptine. ­Electre 2021
339    $a a
410  0 $0 44289232 $t Milan poche poussin $x 2426-2072 $d 2020
686    $a 809 $2 Cadre de classement de la Bibliographie nationale française
700    $3 13740165 $9 290446 $o ISNI0000000078380892 $a Leroy $b Jean $f 1975-.... $4 070
702    $3 14457158 $9 87028 $o ISNI0000000121196354 $a Mercier $b Julie $f 1976-.... $4 440
801  0 $a FR $b FR-751131015 $c 20200717 $g AFNOR $h FRBNF465766390000009 $2 intermrc
999    $a FRBNF465766390000009
995    $0 0 $2 0 $4 0 $5 2021-01-21 $9 421213 $P 4.99 $b MED $c MED $e MED2A $f C2500021169 $h JRORMZZ $k PRE R/LER $n 2024-06-05 $o 0 $p 4.99 $r PRETLIV $s PRE_R_LER $w 23 $y 2024-05-15

