02196cam a2200469   4500
001 333950
003 http://www.mediathequederoubaix.fr/ark:/20179/KH333950
010    $a 978-2-7459-8464-7 $b rel. $d 11,90 EUR
020    $a FR $b 01732055
033    $a http://catalogue.bnf.fr/ark:/12148/cb452802163
035    $a FRBNF452802160000009
073  0 $a 9782745984647
090    $a 333950
091    $a 2 $b 20240513 $c 1
099    $t LI $x 16 $d 2024-05-13 $c 2021-01-21
100    $a 20170529d2017    a  y0frey50      ba
101 0  $a fre
102    $a FR
105    $a ||||z   00|y|
106    $a r
181  0 $6 01 $a i  $b xxxe   $a b  $b xb2e  
181    $6 02 $c txt $c sti $2 rdacontent
182  0 $6 01 $a n
182    $6 02 $c n $2 rdamedia
200 1  $a Les petites bêtes $b Texte imprimé $f texte de Delphine Huguet $g illustrations de Sonia Baretti, Sylvie Bessard, Pierre Caillou... [et al.]
210    $a Toulouse $c Milan $d DL 2017 $e impr. en Espagne
215    $a 1 vol. (78 p.) $c ill. en coul. $d 25 cm
225    $a Mes années pourquoi $e encyclopédie
300    $a Index
330    $a Un panorama des insectes, des arachnides et des vers de terre. Les rubriques caractérisent l'animal, précisent sa répartition et son biotope, fournissent des indications éthologiques et expliquent sa relation à l'homme. ­Electre 2021
339    $a a
410  0 $0 43562402 $t Mes années pourquoi $x 2266-1131 $d 2017
606    $3 13570220 $9 109531 $a Petits animaux $2 rameau
606    $3 11932119 $9 17507 $a Insectes $2 rameau
608    $3 12042408 $9 314947 $a Ouvrages pour la jeunesse $2 rameau
676    $a 590.83 $v 23
686    $a 590 $2 Cadre de classement de la Bibliographie nationale française
700    $3 17020489 $9 265320 $o ISNI0000000458850112 $a Huguet $b Delphine $4 070
801  0 $a FR $b FR-751131015 $c 20170529 $g AFNOR $h FRBNF452802160000009 $2 intermrc
999    $a FRBNF452802160000009
995    $0 0 $2 0 $4 0 $5 2021-03-12 $9 423744 $P 11.90 $b MED $c MED $e MED2A $f C2500021666 $h JDT50ZZ $k E/595 XYZ $o 0 $p 11.90 $r PRETLIV $s E_595_000000000000000_XYZ $w 3 $y 2021-07-28
995    $0 3 $2 1 $4 0 $5 2021-04-13 $9 425294 $P 11.90 $b MED $c MED $e MED2A $f C2500022514 $h JDT50ZZ $k E/595 XYZ $n 2023-09-08 $o 4 $p 11.90 $r PRETLIV $s E_595_000000000000000_XYZ $w 13 $y 2023-08-18

