02052ngm0a2200409   4500
001 334053
003 http://www.mediathequederoubaix.fr/ark:/20179/KH334053
073  1 $a 3760137631429
090    $a 334053
091    $a 1 $b 20240513 $c 0
099    $t VD $x 16 $d 2024-05-13 $c 2021-01-23
100    $a 20171103d2017    m  y0frey5003    ba
101 0  $a eng $j fre
102    $a US
115    $a c086aaizxbx||||bkxx|
200 1  $a Le  fils du pendu $b DVD $f Frank Borzage, réal. $g Charles F. Haas, scénario $g William Lava, comp. $g Dane Clark, Gail Russell, Ethel Barrymore, Rex Ingram, ... [et al.] act.
210    $a Montpellier $c Artus Films $d 2017
215    $a 1 DVD une couche sur une simple face (01 h 26 mn) $c 1.37:1, 4/3, n. et b., (PAL), Son. (Dolby Digital 2.0; anglais)
225 1  $a Les Classiques
300    $a Langues principales : anglais; Sous-titres : français
300    $a Droit de prêt seulement
300    $a Republic Pictures, Marshall Grant Pictures Production, cop. 1948
327    $a Galerie d'affiches et de photos, bandes-annonces de la collection Les Classiques.
330    $a En butte, dès l'enfance, aux sarcasmes de ses camarades parce que son père a jadis été condamné à la pendaison, Danny Hawkins cause la mort de son rival amoureux au cours d'une rixe. Redoutant de finir comme son père s'il se dénonce, Danny cache le corps et tente de passer à travers les mailles du filet de l'enquête qui se resserre autour de lui.
339    $a m
345    $b 3760137631429 $d 32.15 EUR
606    $a Drames (cinéma) $x DVD $y Etats-Unis $2 rameau
700  1 $a Borzage $b Frank $4 300
702  1 $a Haas $b Charles F. $4 690
702  1 $a Lava $b William $4 230
702  1 $a Clark $b Dane $4 005
702  1 $a Russell $b Gail $4 005
702  1 $a Barrymore $b Ethel $4 005
702  1 $a Ingram $b Rex $4 005
801  0 $a FR $b ADAV $c 20171103 $g AFNOR
856    $u https://www.adav-assoc.com/4DACTION/GetImage/241617
995    $0 0 $2 0 $4 0 $5 2021-01-26 $9 421499 $b MED $c MED $e MED1A $f C1400009378 $h AAPCIFI $k DVD/F BOR $o 0 $p 22.00 $r PRETDVD $s DVD_F_BOR $w 16 $y 2024-03-21

