02240cam a2200493   4500
001 334197
003 http://www.mediathequederoubaix.fr/ark:/20179/KH334197
010    $a 978-2-501-15180-1 $b rel. $d 42 EUR
020    $a FR $b 02204166
033    $a http://catalogue.bnf.fr/ark:/12148/cb46673043s
035    $a FRBNF466730430000008
073  0 $a 9782501151801
090    $a 334197
091    $a 2 $b 20240519 $c 1
099    $t LI $x 25 $d 2024-05-19 $c 2021-02-02
100    $a 20201222d2020    m  y0frey50      ba
101 0  $a fre
102    $a FR
105    $a ||||z   00|y|
106    $a r
181  0 $6 01 $a i  $b xxxe   $a b  $b xb2e  
181    $6 02 $c txt $c sti $2 rdacontent
182  0 $6 01 $a n
182    $6 02 $c n $2 rdamedia
200 1  $a On va déguster l'Italie $b Texte imprimé $f François-Régis Gaudry $g avec Alessandra Pierini, Stéphane Solier, Ilaria Brunetti...
210    $a Paris $c Marabout $d 2020
214  0 $a Vanves $c Marabout $d DL 2020
214  3 $a 85-Luçon $c Impr. Pollina
215    $a 1 vol. (463 p.) $c ill. en coul. $d 34 cm $e 1 poster
300    $a La couv. porte aussi : "du panettone aux spaghetti al ragù de Scorsese" et " tutta la cucina italiana"
300    $a Bibliogr. p. 462. Index
330    $a Un inventaire décalé du patrimoine gastronomique de l'Italie en 350 sujets et cent recettes classiques de la péninsule. ­Electre 2021
339    $a m
606    $3 11964904 $9 18354 $a Cuisine italienne $2 rameau
606    $3 11931547 $9 10119 $a Gastronomie $3 11932145 $9 7942 $y Italie $2 rameau
676    $a 641.013 0945 $v 23
686    $a 640 $2 Cadre de classement de la Bibliographie nationale française
700    $3 13760032 $9 277737 $o ISNI0000000042465093 $a Gaudry $b François-Régis $4 070
702    $3 16928285 $9 334837 $o ISNI0000000442498417 $a Pierini $b Alessandra $f 1966-.... $4 205
702    $3 17994426 $9 334838 $o ISNI0000000506023470 $a Solier $b Stéphane $4 205
702    $3 17994432 $9 334839 $o ISNI0000000506023497 $a Brunetti $b Ilaria $4 205
801  0 $a FR $b FR-751131015 $c 20201222 $g AFNOR $h FRBNF466730430000008 $2 intermrc
999    $a FRBNF466730430000008
995    $0 3 $2 1 $4 0 $5 2021-03-03 $9 423095 $b MED $c MED $e MED1A $f C1400009577 $h AAPPLCB $k Doc./642 MON $n 2023-12-17 $o 0 $p 42.00 $r PRETLIV $s DOC___642_000000000000000_MON $w 25 $y 2023-11-26

