02125cam a2200469   4500
001 334305
003 http://www.mediathequederoubaix.fr/ark:/20179/KH334305
010    $a 978-2-340-04032-8 $b br. $d 19,50 EUR
020    $a FR $b 02102458
033    $a http://catalogue.bnf.fr/ark:/12148/cb46657901w
035    $a FRBNF466579010000008
073  0 $a 9782340040328
090    $a 334305
091    $a 2 $b 20240519 $c 1
099    $t LI $d 2024-05-19 $c 2021-02-04
100    $a 20201126d2020    k  y0frey50      ba
101 0  $a fre
102    $a FR
105    $a ||||j   00|y|
106    $a r
181  0 $6 01 $a i  $b xxxe  
181    $6 02 $c txt $2 rdacontent
182  0 $6 01 $a n
182    $6 02 $c n $2 rdamedia
200 1  $a Le monde de 1930 à nos jours $b Texte imprimé $e université, prépas, IEP $f Alain Collas
210    $a Paris $c Ellipses $d C 2020 $e impr. en Italie
214  0 $a Paris $c Ellipses
214  4 $d C 2020
214  3 $a impr. en Italie
215    $a 1 vol. (283 p.) $d 24 cm
300    $a La couv. porte en plus : "en fiches"
300    $a Notes bibliogr. et notes filmogr.
330    $a Des fiches pour réviser la chronologie de l'histoire du monde, les idéologies et les puissances depuis la crise de 1929 jusqu'à XXIe siècle : le stalinisme, le fascisme, la Seconde Guerre mondiale, les décolonisations, la guerre froide, la politique en Chine, l'hyperpuissance états-unienne, les religions du Moyen-Orient, les confrontations de puissance en Afrique, entre autres. ­Electre 2021
339    $a m
606    $3 12451462 $9 47950 $a Histoire universelle $z 1914-1945 $2 rameau
606    $3 11935235 $9 20739 $a Histoire universelle $z 1945-.... $2 rameau
676    $a 909.82 $v 23
686    $a 940 $2 Cadre de classement de la Bibliographie nationale française
700    $3 16215927 $9 328904 $o ISNI0000000089659151 $a Collas $b Alain $f 1954-.... $4 070
801  0 $a FR $b FR-751131015 $c 20201126 $g AFNOR $h FRBNF466579010000008 $2 intermrc
999    $a FRBNF466579010000008
995    $0 0 $2 0 $4 0 $5 2021-02-06 $9 422124 $b MED $c MED $e MED2B $f C3200023742 $h ACFUEZZ $k U ETUD/901.82 COL $o 2 $r PRETLIV $s U_ETUD_901_820000000000000_COL $w 0 $y 2021-02-06

