03591cam a2200493   4500
001 334407
003 http://www.mediathequederoubaix.fr/ark:/20179/KH334407
010    $a 978-2-37731-409-6 $b rel. $d 15,90 EUR
020    $a FR $b 02121688
033    $a http://catalogue.bnf.fr/ark:/12148/cb46640282w
035    $a FRBNF466402820000002
073  0 $a 9782377314096
090    $a 334407
091    $a 2 $b 20240509 $c 1
099    $t LI $x 22 $d 2024-05-09 $c 2021-02-09
100    $a 20201022d2020    a  y0frey50      ba
101 0  $a fre
102    $a FR
105    $a ||||z   00|a|
106    $a r
181  0 $6 01 $a i  $b xxxe   $a b  $b xb2e  
181    $6 02 $c txt $c sti $2 rdacontent
182  0 $6 01 $a n
182    $6 02 $c n $2 rdamedia
200 1  $a Loup d'or $b Texte imprimé $f Raphaëlle Frier, Julien Martinière
210    $a Paris $c Sarbacane $d DL 2020 $e impr. en Italie
214  0 $a Paris $c Sarbacane $d DL 2020
214  3 $a impr. en Italie
215    $a 1 vol. (non paginé [33] p.) $c ill. en coul. $d 24 x 31 cm
225    $a Collection dirigée par Emmanuelle Beulque
321    $a La Revue des livres pour enfants $x 0398-8384 $c 317
329    $c Intéressant $a Étrange album entre la fiction et la réalité qui dépeint un élevage intensif de loups, pour leur fourrure d'or obtenue grace à une formule scientifique. Mais les loups s'emparent un jour d'étiquettes oubliées dans le hangar et collent un prénom sur leur numéro, agrafé à l'oreille. La machine s'enraye et l'employé décide alors de laisser les loups rejoindre la forêt et la liberté. Sous la forme d'une parabole forte et dérangeante, cette histoire est une dénonciation du profit et de l'exploitation, de l'intelligence humaine qui va à l'encontre de la nature. Certaines références comme La ferme des animaux et des souvenirs tragiques de camps de concentration émergent également. Sans en amoindrir le propos, l'illustration douce et naïve de Julien Martinière, dans une unité de tons verts et orangés, associée à un univers imaginaire, permet de rendre cet album parfaitement enfantin. $d 20210201 $f JLD $2 CNLJ $k Avis critique donné par le Centre national de la littérature pour la jeunesse
330    $a Le docteur Caboche détient la formule qui transforme la fourrure des loups en toison d'or. Dans le vaste hangar cerné de barbelés où il les élève, chaque loup n'est qu'un numéro. Un matin, 730 recueille une hirondelle blessée et la soigne. Quand il la relâche, il jette un oeil dans la fente par laquelle elle s'est enfuie. A dater de ce jour, 730 ne rêve que d'une chose, la liberté. ­Electre 2021
333    $a À partir de 3 ans $2 CNLJ $k Avis critique donné par le Centre national de la littérature pour la jeunesse
339    $a a
410  0 $0 42506712 $t Collection dirigée par Emmanuelle Beulque $d 2020
608    $a Albums $2 CNLJ $k Avis critique donné par le Centre national de la littérature pour la jeunesse
686    $a 809 $2 Cadre de classement de la Bibliographie nationale française
700    $3 16162275 $9 101957 $o ISNI0000000073495367 $a Frier $b Raphaële $f 1970-.... $4 070
701    $3 15099785 $9 90076 $o ISNI0000000122814476 $a Martinière $b Julien $f 1978-.... $4 070
801  0 $a FR $b FR-751131015 $c 20201022 $g AFNOR $h FRBNF466402820000002 $2 intermrc
999    $a FRBNF466402820000002
995    $0 0 $2 0 $4 0 $5 2021-02-13 $9 422422 $b MED $c MED $e MED2A $f C2500021553 $h JABEFAE $k E A/MAR $o 0 $p 15.90 $r PRETLIV $s E_A_MAR $w 8 $y 2024-04-13
995    $0 0 $2 0 $4 0 $5 2021-03-23 $9 424275 $P 15.90 $b MED $c MED $e MED0A $f C3500013157 $h JABEFAE $k EXT E A/FRI $n 2024-06-25 $o 0 $r PRETLIV $s EXT_E_A_FRI $w 14 $y 2024-04-23 $8 MA071

