02406cam2a2200613 i 4500
001 334516
003 http://www.mediathequederoubaix.fr/ark:/20179/KH334516
005 20240509054444.0
010    $a 9782811211554 $b br. $d 9,90 EUR
073  0 $a 9782811211554
090    $a 334516
100    $a 20131118d2013    |  |0frey5003||||ba
101 1  $a fre $c eng
102    $a FR
105    $a         0||a|
106    $a r
181  0 $6 01 $a i  $b xxxe  
181    $6 02 $c txt $2 rdacontent
182  0 $6 01 $a n
182    $6 02 $c n $2 rdamedia
183    $6 01 $a nga
183    $6 02 $a nc $2 rdacarrier
200 1  $a Magicien $b Texte imprimé $h 1 $i L'apprenti $f Raymond E. Feist $g traduit de l'anglais (Etats-Unis) par Antoine Ribes
205    $a Nouvelle édition
210    $a Paris $c Milady $d 2013
211    $a 20131122
214  0 $a Paris $c Milady $d 2013
215    $a 1 vol. (469 p.) $d 18 x 12 cm
225 1  $a La guerre de la faille $v 1
225 2  $a Poche fantasy
330    $a Pug, un jeune orphelin, s'est installé au royaume des Isles, où il est devenu le disciple du magicien de la cour de Crydee sur les terres de Krondor. Un jour, les Tsurani, peuple venu d'un autre monde, le font prisonnier et l'emmènent dans l'empire de Kelewan, où il devient Milamber. ­Electre 2021
345    $b 9782811211554
410  0 $6 56100 $7 4473710000 $t Poche fantasy
461  0 $6 296549 $t La guerre de la faille $v 1
461  0 $6 78618 $t Magicien $v 1
676    $a 813 $v 23
686    $a T321011 $2 electre
686    $a GLEC001 $2 electre
686    $a GRPO000 $2 electre
700    $3 12108915 $6 1226119 $7 ba0yba0y $8 fre    $a Feist $b Raymond Elias $f 1945-.... $4 070 $9 73534
702    $3 13344299 $6 18304 $7 ba0yba0y $8 fre    $a Ribes $b Antoine $4 730 $9 84219
801  3 $a FR $b Electre $c 20200930 $g AFNOR
830    $a ELECTREX-MA/Lit/JL/2101/Lit1 20210216
903    $a Littérature moderne et contemporaine - Romans - Fantastique/Fantasy (romans ou nouvelles) $b T321011
903    $a Littératures étrangères contemporaines - Traduction en français $b GLEC001
903    $a Rayon poche $b GRPO000
921    $a reassort
939    $a 
947    $c 9.01 $a 9.90
969    $h  1 $a 1 $d  900
099    $t LI $x 9 $d 2024-05-09 $c 2021-02-16
339    $a m
091    $a 2 $b 20240509 $c 0
995    $0 0 $2 0 $4 0 $5 2021-02-16 $9 422465 $b MED $c MED $e MED1A $f C1400009602 $h ALTIGFA $k FAN/FEI $n 2024-06-18 $o 0 $p 9.90 $r PRETLIV $s FAN_FEI $w 9 $y 2024-05-07 $A 0

