02486njm0a2200373   4500
001 334624
003 http://www.mediathequederoubaix.fr/ark:/20179/KH334624
071 01 $a L37K779020 $b Speedy Wunderground
073  0 $a 5400863031411
090    $a 334624
091    $a 1 $b 20240513 $c 0
099    $t DC $x 3 $d 2024-05-13 $c 2021-02-16
100    $a 20210211d2020    u  y0frey5003    ba
101 0  $a eng
127    $a 004000
200 1  $a Positive mental health music $b [enr. sonore] $f Tina, ens. voc. & instr.
210    $a [S.l.] $c Speedy Wunderground $d 2020
215    $a 1 CD (40 min)
327 1  $a Buddha $a Rosalina $a I feel fine $a Rooster $a Closet shave $a Growing in age $a New boi $a Golden rope $a It's no use $a Dip $a People
330    $a Tina est un groupe de rock psychédélique nous venant tout droit du sud de Londres et repéré par le producteur émérite Dan Carey, collaborateur de Tame Impala ou Hot Chip. Ils nous dévoilent leur premier album via Speedy Wunderground : 11 titres  qui dressent un portrait honnête et intime de l'introspection du chanteur Joshua Loftin, en abordant tour à tour les thèmes de l'anxiété, de la dépression, de l'amour, du sexe, de l'isolement, de la peur et de l'échec. Ce disque est tout sauf difficile à l'écoute : les morceaux sont entraînants, vivants - et même parfois dansants. Le chant roucoulant de Loftin, ses paroles poétiques mais légèrement autodérisoires, sont assis sur un mélange de touches psycho-pop, de batterie et de guitares.
334    $a Rock & Folk No.640 p.62 du 25/11/2020 $b 4/5
334    $a Inrockuptibles No.1303 p.47 du 20/11/2020
345    $a GAM $b 5400863031411 $c disque compact $d 16,57 E
610    $a Noisy pop, noisy rock, indie rock
679    $a 2
710 02 $a Tina $4 545 $4 ens. voc. & instr.
801  0 $a FR $b GAM $c 20210211 $g AFNOR
856 4  $u https://www.gamannecy.com/upload/albums/202009/5400863031411_thumb.jpg
856 4  $u https://www.gamannecy.com/polysson/202011/01-5400863031411.mp3 $z Buddha
856 4  $u https://www.gamannecy.com/polysson/202011/02-5400863031411.mp3 $z Rosalina
856 4  $u https://www.gamannecy.com/polysson/202011/03-5400863031411.mp3 $z I feel fine
856 4  $u https://www.gamannecy.com/polysson/202011/04-5400863031411.mp3 $z Rooster
856 4  $u https://www.gamannecy.com/polysson/202011/05-5400863031411.mp3 $z Closet shave
995    $0 0 $2 0 $4 0 $5 2021-02-24 $9 422849 $b MED $c MED $e MED3C $f C3100009365 $h AMV20ZZ $k DC/2 TIN $o 0 $p 16.57 $r PRETSON $s DC_2_000000000000000_TIN $w 3 $y 2021-07-02

