02383cam a2200505   4500
001 334728
003 http://www.mediathequederoubaix.fr/ark:/20179/KH334728
010    $a 978-2-266-30024-7 $b br. $d 7,95 EUR
020    $a FR $b 02119603
033    $a http://catalogue.bnf.fr/ark:/12148/cb46735343f
035    $a FRBNF467353430000001
073  0 $a 9782266300247
090    $a 334728
091    $a 2 $b 20240513 $c 1
099    $t LI $x 23 $d 2024-05-13 $c 2021-02-19
100    $a 20210324d2021    m  y0frey50      ba
101 1  $a fre $c eng
102    $a FR
105    $a ||||z   00|y|
106    $a r
181  0 $6 01 $a i  $b xxxe  
181    $6 02 $c txt $2 rdacontent
182  0 $6 01 $a n
182    $6 02 $c n $2 rdamedia
200 1  $a Détox émotionnelle $b Texte imprimé $e la cure détox du mental et de l'émotionnel pour retrouver la santé et s'épanouir en 12 étapes $f Habib Sadeghi,... $g préface de Gwyneth Paltrow $g traduit de l'anglais (États-Unis) par Elisa Guenon
210    $a Paris $c Pocket $d 2021
214  0 $a Paris $c Pocket $d DL 2021
215    $a 1 vol. (358 p.) $c ill. $d 18 cm
225    $a Pocket $i Évolution
308    $a 17747
330    $a En douze étapes, le médecin présente sa méthode bien-être qui allie la santé physique et mentale. En partant d'une technique de clarification des émotions, il explique comment agir sur son mental, maîtriser les répressions émotionnelles, faire de sa souffrance un allié, retrouver sa force vitale et prendre soin de son corps via son alimentation. ­Electre 2021
339    $a m
410  0 $0 38974851 $t Pocket. Évolution $x 1639-5727 $d 2021
410  0 $0 34228117 $t Presses pocket (Paris) $x 0244-6405 $v 17747
454  1 $t The clarity cleanse
606    $3 16243975 $9 264838 $a Cures détox $2 rameau
606    $3 11976805 $9 52234 $a Réalisation de soi $2 rameau
608    $3 11975688 $9 1606 $a Guides pratiques $2 rameau
676    $a 158.1 $v 23
686    $a 150 $2 Cadre de classement de la Bibliographie nationale française
700    $3 17811576 $9 329062 $o ISNI000000047673019X $a Sadeghi $b Habib $4 070
702    $3 17811577 $9 322845 $a Guenon $b Élisa $4 730
801  0 $a FR $b FR-751131015 $c 20210324 $g AFNOR $h FRBNF467353430000001 $2 intermrc
999    $a FRBNF467353430000001
995    $0 0 $2 0 $4 0 $5 2021-02-23 $9 422835 $b MED $c MED $e MED1A $f C1400009541 $h AAPPLPS $k Doc./153 MOI $o 0 $p 7.95 $r PRETLIV $s DOC___153_000000000000000_MOI $w 23 $y 2024-05-18

