02196cam a2200469   4500
001 334838
003 http://www.mediathequederoubaix.fr/ark:/20179/KH334838
010    $a 979-10-347-3700-0 $b rel. $d 14,50 EUR
020    $a FR $b 02136069
033    $a http://catalogue.bnf.fr/ark:/12148/cb466517685
035    $a FRBNF466517680000009
073  0 $a 9791034737000
090    $a 334838
091    $a 2 $b 20240513 $c 1
099 00 $x 26 $t LI $d 2024-05-13 $c 2021-02-19
100    $a 20201117d2020    m  y0frey50      ba
101 0  $a fre
102    $a BE
105    $a ||||t   00|a|
106    $a r
181  0 $6 01 $a i  $b xxxe   $a b  $b xb2e  
181    $6 02 $c txt $c sti $2 rdacontent
182  0 $6 01 $a n
182    $6 02 $c n $2 rdamedia
200 1  $a Vendredi noir $b Texte imprimé $f Arthur de Pins
210    $a Marcinelle (Belgique) $c Dupuis $d 2020
214  0 $a Marcinelle $c Dupuis $d DL 2020
214  3 $a impr. en Belgique
215    $a 1 vol. (non paginé [46] p.) $c ill. en coul. $d 32 cm
225 19 $a Zombillénium $v 5
300    $a Diffusé en France
329    $c Coup de coeur ! $2 CNLJ $k Avis critique donné par le Centre national de la littérature pour la jeunesse
330    $a Le parc d'attraction Zombillénium refuse d'embaucher les mortels. Francis von Bloodt, un vampire, gère en bon père de famille cette petite entreprise. Aurélien, un homme submergé par les soucis, se retrouve recruté malgré lui. Gretchen, une sorcière stagiaire, lui vient en aide. ­Electre 2021
333    $a À partir de 11 ans $2 CNLJ $k Avis critique donné par le Centre national de la littérature pour la jeunesse
339    $a m
461  0 $6 79996 $t Zombillénium $v 5
608    $a Bandes dessinées $2 CNLJ $k Avis critique donné par le Centre national de la littérature pour la jeunesse
686    $a 805 $2 Cadre de classement de la Bibliographie nationale française
700    $3 14515293 $9 93799 $o ISNI0000000121255713 $a Pins $b Arthur de $f 1977-.... $4 070
801  0 $a FR $b FR-751131015 $c 20201117 $g AFNOR $h FRBNF466517680000009 $2 intermrc
999    $a FRBNF466517680000009
995    $0 0 $2 0 $4 0 $5 2021-02-20 $9 422735 $b MED $c MED $e MED0C $f C2300011349 $h AAPBDSR $k BD/SERIES $o 0 $p 14.50 $r PRETLIV $s BD_SERIES $w 26 $y 2024-04-07

