03705cam a2200469   4500
001 334949
003 http://www.mediathequederoubaix.fr/ark:/20179/KH334949
010    $a 978-2-203-18118-2 $b br. $d 13,95 EUR
020    $a FR $b 02026911
033    $a http://catalogue.bnf.fr/ark:/12148/cb458365093
035    $a FRBNF458365090000006
073  0 $a 9782203181182
090    $a 334949
091    $a 2 $b 20240513 $c 1
099    $t LI $x 9 $d 2024-05-13 $c 2021-02-19
100    $a 20191106d2019    a  y0frey50      ba
101 0  $a fre
102    $a BE
105    $a ||||z   00|a|
106    $a r
181  0 $6 01 $a b  $b xb2e  
181    $6 02 $c sti $2 rdacontent
182  0 $6 01 $a n
182    $6 02 $c n $2 rdamedia
200 1  $a En coup de vent $b Texte imprimé $f [illustrations], Anne Herbauts
210    $a Bruxelles $a [Paris] $c Casterman $d DL 2019 $e 85-Luçon $g Impr. Pollina
214  0 $a Bruxelles $a [Paris] $c Casterman $d DL 2019
214  3 $a 85-Luçon $c Impr. Pollina
215    $a 1 vol. (non paginé [60] p.) $c tout en ill. en coul. $d 18 x 23 cm
321    $a La Revue des livres pour enfants $x 0398-8384 $c 311
321    $a La Revue des livres pour enfants. Sélection annuelle $c 315
329    $c Coup de coeur ! $a Après celui d'Alice, un nouveau lapin entre dans l'univers d'Anne Herbauts. Ce petit héros va permettre à cette auteure de revenir sur un de ses thèmes fétiches, le vent ! Reprenant le principe du flip book de son album pour enfants malvoyants De quelle couleur est le vent ? paru en 2010, elle nous raconte la journée d'un lapin du réveil au coucher. La double page est fondamentale : le jeu entre le petit lapin, à droite, et tout son quotidien, à gauche, est réussi. Très coloré avec des symboles pour chaque moment de la journée qui devraient parler aux plus petits : la brosse à dents le matin, les courses, etc., ainsi que les éléments graphiques de son univers : le papier peint, les boutons, rendent cet album touchant et accessible pour tous. $d 20200201 $f CBO $2 CNLJ $k Avis critique donné par le Centre national de la littérature pour la jeunesse
329    $a Après celui d'Alice, un nouveau lapin court après le temps, thème favori de l'autrice, pour réussir sa journée ! Reprenant le flip-book de son album pour enfants malvoyants, De quelle couleur est le vent ? (2010), elle utilise remarquablement la double page avec le jeu entre le petit héros à droite et son quotidien à gauche. Très coloré avec des symboles pour chaque moment de la journée qui devraient parler aux plus petits : la brosse à dents, les courses, etc., ainsi que les éléments graphiques forts : le papier peint, les boutons. Un album réussi et accessible à tous. $d 20201101 $2 CNLJ $k Avis critique donné par le Centre national de la littérature pour la jeunesse
330    $a Un flip book sans texte, à feuilleter rapidement ou plus attentivement, pour suivre la course effrénée d'un lapin au cours de sa journée, du saut du lit à la sortie du travail, en passant par les transports et les magasins. ­Electre 2021
333    $a À partir de 3 ans $2 CNLJ $k Avis critique donné par le Centre national de la littérature pour la jeunesse
339    $a a
608    $a Albums $2 CNLJ $k Avis critique donné par le Centre national de la littérature pour la jeunesse
686    $a 809 $2 Cadre de classement de la Bibliographie nationale française
700    $3 13174395 $9 6443 $o ISNI0000000113441006 $a Herbauts $b Anne $f 1975-.... $4 440
801  0 $a FR $b FR-751131015 $c 20191106 $g AFNOR $h FRBNF458365090000006 $2 intermrc
999    $a FRBNF458365090000006
995    $0 0 $2 0 $4 0 $5 2021-03-11 $9 423639 $b MED $c MED $e MED2A $f C2500021949 $h JABPFAF $k PE A/HER $o 0 $p 13.95 $r PRETLIV $s PE_A_HER $w 9 $y 2024-04-03

