03922cam a2200517   4500
001 335052
003 http://www.mediathequederoubaix.fr/ark:/20179/KH335052
010    $a 978-2-07-514853-5 $b br. $d 18,40 EUR
020    $a FR $b 02258629
033    $a http://catalogue.bnf.fr/ark:/12148/cb46691836n
035    $a FRBNF466918360000005
073  0 $a 9782075148535
090    $a 335052
091    $a 2 $b 20240519 $c 1
099    $t LI $x 27 $d 2024-05-19 $c 2021-03-05
100    $a 20210126d2021    a  y0frey50      ba
101 1  $a fre $c eng
102    $a FR
105    $a ||||t   00|a|
106    $a r
181  0 $6 01 $a i  $b xxxe   $a b  $b xb2e  
181    $6 02 $c txt $c sti $2 rdacontent
182  0 $6 01 $a n
182    $6 02 $c n $2 rdamedia
200 1  $a La nouvelle vie de Jen $b Texte imprimé $f Lucy Knisley $g traduit de l'anglais (américain) par Emmanuelle Casse-Castric
210    $a [Paris] $c Gallimard bande dessinée $d DL 2021
214  0 $a [Paris] $c Gallimard bande dessinée $d DL 2021
214  3 $a 85-Luçon $c Impr. Pollina
215    $a 1 vol. (205 p.) $c ill. en coul. $d 24 cm
225 19 $a La ferme petit pois $v 1
321    $a La Revue des livres pour enfants $x 0398-8384 $c 318
321    $a La Revue des livres pour enfants. Sélection annuelle $c 321
329    $c Bravo ! $a Jen aime les librairies de BD, les restaurants, son père. Et elle désespère de les retrouver, non pas à cause d'une pandémie mondiale, mais parce qu'elle déménage avec sa mère à la campagne, sommée de participer aux corvées de la ferme en compagnie d'un beau-père et deux demi-sœurs insupportables... Lucy Knisley, s'inspirant de sa propre enfance, raconte avec finesse les conséquences d'un divorce et des choix des adultes sur la vie des enfants. La découverte des animaux, du marché, de la nature, l'évolution des rapports entre Andy « miss je-sais-tout », et Jen, qui se détestent puis finissent par se rapprocher, sont autant de thèmes abordés très justement. Jen croque elle-même cette histoire dans une habile mise en abyme de 200 pages, aux personnages attachants, dont on a hâte de suivre les aventures. $d 20210401 $f HV $2 CNLJ $k Avis critique donné par le Centre national de la littérature pour la jeunesse
329    $a Jen aime les BD, les restaurants, son père. Mais elle doit emménager à la campagne et participer aux corvées de la ferme avec sa mère, son beau-père et deux demi-sœurs insupportables... Lucy Knisley s'inspire de sa propre enfance pour raconter les conséquences d'un divorce et des choix des adultes sur la vie des enfants. Apprivoisement respectif, découverte de la nature, des animaux, sont autant de thèmes abordés avec justesse dans cette habile mise en abyme de 200 pages tout en couleurs. $d 20211101
330    $a Le coeur lourd, Jen, préadolescente, emménage à la campagne avec sa mère et son nouveau beau-père. Entre les corvées à la ferme du Petit pois et ses deux demi-soeurs, la jeune fille tente de trouver sa place. Récit autobiographique. ­Electre 2021
333    $a À partir de 9 ans $2 CNLJ $k Avis critique donné par le Centre national de la littérature pour la jeunesse
339    $a a
454  1 $t Stepping stones
461  0 $0 46695855 $t La ferme petit pois $v 1
608    $a Bandes dessinées $2 CNLJ $k Avis critique donné par le Centre national de la littérature pour la jeunesse
686    $a 805 $2 Cadre de classement de la Bibliographie nationale française
700    $3 16741941 $9 329163 $o ISNI0000000113139819 $a Knisley $b Lucy $4 070
801  0 $a FR $b FR-751131015 $c 20210126 $g AFNOR $h FRBNF466918360000005 $2 intermrc
999    $a FRBNF466918360000005
995    $0 0 $2 0 $4 0 $5 2021-03-06 $9 423245 $P 18.40 $b MED $c MED $e MED0A $f C3500012971 $h JBDZZZZ $k EXT E BD/KNI $n 2024-07-11 $o 0 $r PRETLIV $s EXT_E_BD_KNI $w 3 $y 2023-08-31 $7  $8  $A  $m  $z 
995    $0 0 $2 0 $4 0 $5 2021-03-12 $9 423763 $b MED $c MED $e MED2A $f C2500021886 $h JBDZZZZ $k E BD/KNI $o 0 $p 18.40 $r PRETLIV $s E_BD_KNI $w 24 $y 2024-04-23

