01853cam a2200421   4500
001 335159
003 http://www.mediathequederoubaix.fr/ark:/20179/KH335159
010    $a 978-2-7427-8485-1 $b Actes Sud
010    $a 978-2-7609-2972-2 $b Leméac $b br. $d 9,50 EUR
020    $a FR $b 01019035
033    $a http://catalogue.bnf.fr/ark:/12148/cb42157159k
035    $a FRBNF421571590000003
073  0 $a 9782742784851
090    $a 335159
091    $a 2 $b 20240519 $c 1
099    $t LI $x 5 $d 2024-05-19 $c 2021-03-06
100    $a 20100309d2010    m  y0frey50      ba
101 0  $a fre
102    $a FR $a CA
105    $a ||||z   00|a|
106    $a r
181  0 $6 01 $a i  $b xxxe  
181    $6 02 $c txt $2 rdacontent
182  0 $6 01 $a n
182    $6 02 $c n $2 rdamedia
200 1  $a Nulle part dans la maison de mon père $b Texte imprimé $e roman $f Assia Djebar
210    $a Arles (Bouches-du-Rhône) $c Actes Sud $d 2010 $a Montréal (Canada) $c Leméac $d 2010
215    $a 1 vol. (451 p.) $c couv. ill. en coul. $d 18 cm
225    $a Babel $v 993
330    $a L'académicienne raconte les axes personnels, familiaux, amoureux et intellectuels à l'aube de sa vie, autour desquels sa personnalité et son oeuvre de fiction se sont construites. ­Electre 2021
339    $a m
410  0 $0 34252526 $t Babel (Arles) $x 1140-3853 $v 993
686    $a 803 $2 Cadre de classement de la Bibliographie nationale française
700    $3 11900279 $9 32219 $o ISNI0000000114764915 $a Djebar $b Assia $f 1936-2015 $4 070
801  0 $a FR $b FR-751131015 $c 20100309 $g AFNOR $h FRBNF421571590000003 $2 intermrc
999    $a FRBNF421571590000003
995    $0 0 $2 0 $4 0 $5 2021-03-06 $9 423332 $b MED $c MED $e MED1A $f C1400010033 $h ALTROZZ $k R/ DJE $o 0 $p 9.70 $r PRETLIV $s R_DJE $w 2 $y 2022-10-08 $A 0
995    $0 0 $2 0 $4 0 $5 2021-04-30 $9 426005 $b MED $c MED $e MED1A $f C1400009948 $h ALTROZZ $k R/DJE $o 0 $p 9.70 $r PRETLIV $s R_DJE $w 3 $y 2022-07-15 $A 0

