02197cam a2200505   4500
001 335270
003 http://www.mediathequederoubaix.fr/ark:/20179/KH335270
010    $a 978-2-290-08878-4 $b br. $d 3 EUR
010    $a 978-2-290-23523-2 $b réimpr. 2020
020    $a FR $b 01429832
033    $a http://catalogue.bnf.fr/ark:/12148/cb43820094v
035    $a FRBNF438200940000005
073  0 $a 9782290088784
073  0 $a 9782290235232 $b réimpr. 2020
090    $a 335270
091    $a 2 $b 20240510 $c 1
099    $t LI $d 2024-05-10 $c 2021-03-09
100    $a 20140513d2014    m  y0frey50      ba
101 0  $a fre
102    $a FR
105    $a ||||z   00|y|
106    $a r
181  0 $6 01 $a i  $b xxxe  
181    $6 02 $c txt $2 rdacontent
182  0 $6 01 $a n
182    $6 02 $c n $2 rdamedia
200 1  $a 300 proverbes et expressions hérités du latin et du grec $b Texte imprimé $f Bernard Klein
210    $a Paris $c Librio $d 2020
215    $a 1 vol. (93 p.) $c couv. ill. en coul. $d 21 cm
225    $a Librio $i Mémo
300    $a Index
308    $a 757
330    $a Présentation de l'étymologie et de la signification de mots, expressions et locutions adverbiales français hérités de la culture classique : finir en queue de poisson, une épée de Damoclès, jouer les Cassandre, trancher le noeud gordien, entre autres. ­Electre 2021
339    $a m
410  0 $0 39249695 $t Librio. Mémo $x 1770-2143 $d 2014
410  0 $0 34283476 $t Librio (Paris) $x 1255-0337 $v 757
517 1  $a Trois cents proverbes et expressions hérités du latin et du grec
606    $3 11935375 $9 3663 $a Français (langue) $3 12067500 $9 301951 $x Emprunts grecs $2 rameau
606    $3 11935375 $9 3663 $a Français (langue) $3 12067308 $9 301952 $x Emprunts latins $2 rameau
676    $a 480 $v 23
686    $a 804 $2 Cadre de classement de la Bibliographie nationale française
700    $3 13327568 $9 329257 $o ISNI0000000418964967 $a Klein $b Bernard $f 1958-.... $4 070
801  0 $a FR $b FR-751131015 $c 20140513 $g AFNOR $h FRBNF438200940000005 $2 intermrc
999    $a FRBNF438200940000005
995    $0 0 $2 0 $4 0 $5 2021-03-26 $9 424586 $b MED $c MED $e MED3A $f C2500022201 $h ACFLAFF $k 411 EVO $o 0 $p 3.00 $r PRETLIV $s 411_000000000000000_EVO $w 0 $y 2021-03-26

