01457nam a22002893  4500
001 335400
003 http://www.mediathequederoubaix.fr/ark:/20179/KH335400
033    $a http://catalogue.bnf.fr/ark:/12148/cb30561667n
090    $a 335400
091    $a 0
099    $t LI $d 2022-09-27
100    $a 20210203d    1835u||y0frey50      ba
101    $a fre
200    $a Collection des mémoires relatifs à l'histoire de France, depuis la fondation de la monarchie française jusqu'au 13e siècle, avec une introduction, des supplémen[t]s, des notices et des notes $h 20 $i Histoire des croisades, par Albert d'Aix $f par M. Guizot,... 
210    $a Paris $c J.-L.-J. Brière $d 1824
215    $a IX-462 p. $d 21 cm
300    $a Cachet de la Bibliothèque de la ville de Roubaix
300    $a Inventaire ENSAIT n° A 2761
308    $a Avons la collection complète mais avec 2 mentions d'édition différentes. En 30 tomes + un premier volume d'introduction 
310    $a Reliure en mauvais état. Dos manquant
317    $a Collection ENSAIT
606    $9 237872 $a Croisades $x Histoire
607    $7 ba0yba0y $8 fre    $a France $x Histoire $9 4828
702    $4 340 $7 ba0yba0y $8 fre    $a Guizot $b François $f 1787-1874 $9 287072
702    $4 070 $9 329273 $a Albert d'Aix-la-Chapelle 
801    $a FR $b 595126101 $c 20210203 $g AFNOR
995    $0 0 $2 0 $4 0 $5 2021-03-13 $9 423818 $b MED $c MED $e MED3I $f c0005989256 $h PPEFGZZ $k MAG L/P 8 /118 611 $o 2 $r PRETLIV $s MAG_L_P_8_118000000000000_611 $w 0 $y 2021-03-13

