01923cam1a2200505 i 4500
001 335510
003 http://www.mediathequederoubaix.fr/ark:/20179/KH335510
005 20240510045023.0
010    $a 978-2-491521-04-2 $b br. $d 19 EUR
073  0 $a 9782491521042
090    $a 335510
100    $a 20200109d2021    |  |0frey5003||||ba
101 0  $a fre
102    $a FR
105    $a         0||a|
106    $a r
181  0 $6 01 $a i  $b xxxe  
181    $6 02 $c txt $2 rdacontent
182  0 $6 01 $a n
182    $6 02 $c n $2 rdamedia
183    $6 01 $a nga
183    $6 02 $a nc $2 rdacarrier
200 1  $a Les grandes occasions $b Texte imprimé $f Alexandra Matine
210    $a Paris $c Les Avrils $d 2021
211    $a 20210106
214  0 $a Paris $c Les Avrils $d 2021
215    $a 1 vol. (248 p.) $d 20 x 14 cm
330    $a Esther attend ses quatre enfants, Vanessa, Bruno, Alexandre et Carole, pour un déjeuner familial. Toutefois, ses espoirs de réunir la fratrie sont déçus car certains sont en retard, tandis que d'autres ne viennent pas. Les rancoeurs et les querelles anciennes ressurgissent, mais aussi les souvenirs des jours heureux. Premier roman. ­Electre 2021
345    $b 9782491521042
676    $a 843 $v 23
686    $a T321002 $2 electre
686    $a GLFC001 $2 electre
700  1 $6 12119852 $a Matine $b Alexandra $f 1984-.... $4 070
801  3 $a FR $b Electre $c 20210104 $g AFNOR
830    $a ELECTREX-MA/Lit/JL/2103/Lit5 20210319
903    $a Littérature moderne et contemporaine - Romans - Romans $b T321002
903    $a Littérature française contemporaine - Texte en langue originale $b GLFC001
921    $a stef
939    $a 
947    $c 17.29 $a 19.00
969    $h  1 $a 1 $d  900
099    $t LI $x 5 $d 2024-05-10 $c 2021-03-19
339    $a m
091    $a 2 $b 20240510 $c 0
995    $0 0 $2 0 $4 0 $5 2021-03-19 $9 424119 $b MED $c MED $e MED1A $f C1400010614 $h ALTROZZ $k R/MAT $o 0 $p 19.00 $r PRETLIV $s R_MAT $w 5 $y 2022-02-02

