02186cam a2200445   4500
001 335613
003 http://www.mediathequederoubaix.fr/ark:/20179/KH335613
010    $a 978-2-38094-166-1 $b br. $d 17,90 EUR
020    $a FR $b 02127490
033    $a http://catalogue.bnf.fr/ark:/12148/cb466878137
035    $a FRBNF466878130000004
073  0 $a 9782380941661
090    $a 335613
091    $a 2 $b 20240510 $c 1
099    $t LI $x 2 $d 2024-05-10 $c 2021-03-19
100    $a 20210120d2021    m  y0frey50      ba
101 0  $a fre
102    $a FR
105    $a ||||z   00|y|
106    $a r
181  0 $6 01 $a i  $b xxxe  
181    $6 02 $c txt $2 rdacontent
182  0 $6 01 $a n
182    $6 02 $c n $2 rdamedia
200 1  $a Tunisie, l'apprentissage de la démocratie $b Texte imprimé $e [2011-2021] $f Khadija Mohsen-Finan
210    $a Paris $c Nouveau monde éditions $d DL 2021
214  0 $a Paris $c Nouveau monde éditions $d DL 2021
214  3 $a 27-Mesnil-sur-l'Estrée $c Impr. CPI Firmin-Didot
215    $a 1 vol. (239 p.) $d 23 cm
300    $a Bibliogr. p. 235-237
330    $a Replacé dans le contexte de l'histoire longue du pays, le récit d'une décennie de transition politique en Tunisie depuis les manifestations populaires en janvier 2011 et le départ de Zine el-Abidine Ben Ali. L'union nationale et ses failles, les affrontements et les clivages idéologiques, les élections législatives et présidentielles de 2011 et 2019 constituent des étapes vers la démocratie. ­Electre 2021
339    $a m
606    $3 13318859 $9 10467 $a Élections $3 11933634 $9 5547 $y Tunisie $3 12432924 $9 2858 $z 1990-2020 $2 rameau
606    $3 12073807 $9 312650 $a Politique et gouvernement $y Tunisie $3 12432924 $9 2858 $z 1990-2020 $2 rameau
676    $a 320.961 109051 $v 23
686    $a 320 $2 Cadre de classement de la Bibliographie nationale française
700    $3 13177835 $9 43092 $o ISNI0000000116347744 $a Mohsen-Finan $b Khadija $4 070
801  0 $a FR $b FR-751131015 $c 20210120 $g AFNOR $h FRBNF466878130000004 $2 intermrc
999    $a FRBNF466878130000004
995    $0 0 $2 0 $4 0 $5 2021-04-01 $9 424941 $b MED $c MED $e MED3A $f C2400003285 $h ACFHSZZ $k Doc./961 TUN $o 0 $p 17.90 $r PRETLIV $s DOC___961_000000000000000_TUN $w 2 $y 2022-12-16

