02292cam a2200457   4500
001 335715
003 http://www.mediathequederoubaix.fr/ark:/20179/KH335715
010    $a 978-2-01-712317-0 $b br. $d 2,95 EUR
020    $a FR $b 02021121
033    $a http://catalogue.bnf.fr/ark:/12148/cb45869564k
035    $a FRBNF458695640000002
073  0 $a 9782017123170
090    $a 335715
091    $a 2 $b 20240513 $c 1
099    $t LI $x 26 $d 2024-05-13 $c 2021-03-24
100    $a 20200113d2019    a  y0frey50      ba
101 0  $a fre
102    $a FR
105    $a ||||z   00|a|
106    $a r
181  0 $6 01 $a i  $b xxxe   $a b  $b xb2e  
181    $6 02 $c txt $c sti $2 rdacontent
182  0 $6 01 $a n
182    $6 02 $c n $2 rdamedia
200 1  $a Sami à l'école $b Texte imprimé $f texte, Isabelle Albertin $g illustrations, Thérèse Bonté
210    $a [Vanves] $c Hachette éducation $d DL 2019
214  0 $a [Vanves] $c Hachette éducation $d DL 2019
214  3 $a impr. en Espagne
215    $a 1 vol. (31 p.) $c ill. en coul. $d 19 cm
225 19 $a J'apprends à lire avec Sami et Julie $e niveau 1 début de CP
330    $a Alors que le cours commence, Sami ne trouve pas de stylo. Il demande de l'aide à ses amis et à madame Alfa, leur maîtresse. Une histoire à lire seul ou accompagné de ses parents, avec des questions pour vérifier la compréhension et susciter des réflexions. ­Electre 2021
339    $a a
461  0 $0 44338742 $t J'apprends à lire avec Sami et Julie
686    $a 809 $2 Cadre de classement de la Bibliographie nationale française
700    $3 17709337 $9 310083 $o ISNI0000000464401356 $a Albertin $b Isabelle $4 070
702    $3 13208581 $9 84963 $o ISNI0000000121403309 $a Bonté $b Thérèse $f 1970-.... $4 440
801  0 $a FR $b FR-751131015 $c 20200113 $g AFNOR $h FRBNF458695640000002 $2 intermrc
999    $a FRBNF458695640000002
995    $0 3 $2 1 $4 0 $5 2021-03-30 $9 424680 $P 2.95 $b MED $c MED $e MED2A $f C2500022095 $h JRORMZZ $k PRE R/SAM $n 2022-11-18 $o 4 $p 2.95 $r PRETLIV $s PRE_R_SAM $w 17 $y 2022-10-28 $7  $8  $A  $m  $z 
995    $0 0 $2 0 $4 0 $5 2023-09-19 $9 465782 $P 3.40 $b MED $c MED $e MED2A $f C2500033260 $h JRORMZZ $k PRE R1/SAM $n 2024-05-23 $o 0 $r PRETLIV $s PRE_R1_SAM $w 9 $y 2024-05-02
995    $0 0 $2 0 $4 0 $5 2024-04-17 $9 475793 $P 3.40 $b MED $c MED $e MED0A $f C000020114 $h JRORMZZ $k EXT PRE R/ALB $o 0 $r PRETLIV $s EXT_PRE_R_ALB $w 0 $y 2024-04-17

