04009cam a2200469   4500
001 335816
003 http://www.mediathequederoubaix.fr/ark:/20179/KH335816
010    $a 978-2-9558959-9-3 $b rel. $d 12 EUR
020    $a FR $b 02029142
033    $a http://catalogue.bnf.fr/ark:/12148/cb45812645v
035    $a FRBNF458126450000002
073  0 $a 9782955895993
090    $a 335816
091    $a 2 $b 20240517 $c 1
099    $t LI $x 15 $d 2024-05-17 $c 2021-03-31
100    $a 20191002d2019    a  y0frey50      ba
101 0  $a fre
102    $a FR
105    $a ||||z   00|a|
106    $a r
181  0 $6 01 $a i  $b xxxe   $a b  $b xb2e  
181    $6 02 $c txt $c sti $2 rdacontent
182  0 $6 01 $a n
182    $6 02 $c n $2 rdamedia
200 1  $a Un manteau d'écailles pour le pangolin $b Texte imprimé $f Izumi Mattéi-Cazalis
210    $a [Mireval] $c A2mimo $d DL 2019
214  0 $a [Mireval] $c A2mimo $d DL 2019
214  3 $a impr. en République tchèque
215    $a 1 vol. (non paginé [32] p.) $c ill. en coul. $d 21 cm
321    $a La Revue des livres pour enfants $x 0398-8384 $c 311
321    $a La Revue des livres pour enfants. Sélection annuelle $c 315
329    $c Bravo ! $a Après la belle légende Maori, publiée début 2019, Quand le kiwi perdit ses ailes, l'auteure nous raconte une histoire d'Afrique australe qui met en scène le pangolin encore vêtu de son épaisse fourrure en concurrence avec un autre prédateur des abeilles, le ratel ou blaireau à miel, que son pelage protège moins bien des piqûres d'insectes. Les abeilles confrontées à deux prédateurs se plaignent auprès du Créateur. Celui-ci décide de les mettre en concurrence par une épreuve. Le ratel utilise une ruse pour éliminer son adversaire ; le Créateur - symbolisé par deux yeux - prononce la sentence : le ratel sera le seul mangeur de miel mais il sera toujours sensible aux piqûres d'abeilles. Le pangolin héritera d'une carapace d'écailles qui le protégera des fourmis, sa principale nourriture. D'un petit format très élégant, illustré de tons bruns comme la savane, l'ouvrage se termine par deux pages de documentation pour ces animaux qui sont souvent décimés à cause de leurs écailles. $d 20200201 $f LD $2 CNLJ $k Avis critique donné par le Centre national de la littérature pour la jeunesse
329    $a Un conte des origines d'Afrique australe. Il met en scène le pangolin autrefois vêtu de son épaisse fourrure en concurrence avec un autre prédateur des abeilles, le ratel, que son pelage protège moins bien des piqûres d'insectes. Un duel les oppose mais le ratel ne joue pas franc jeu. Qui sera le véritable vainqueur ? D'un petit format très élégant, illustré de tons bruns comme la savane, l'ouvrage se termine par deux pages de docu­mentation sur ces animaux, objets d'un braconnage acharné à cause de leurs écailles. $d 20201101 $2 CNLJ $k Avis critique donné par le Centre national de la littérature pour la jeunesse
330    $a Dans la savane africaine, le pangolin et le ratel se disputent le miel des ruches sauvages. Un défi est lancé pour savoir lequel des deux animaux aura le droit de savourer le précieux nectar. Grâce à son épaisse fourrure, le pangolin ne craint pas les piqûres d'abeilles. Mais le ratel lui tend un piège. ­Electre 2021
333    $a À partir de 6 ans $2 CNLJ $k Avis critique donné par le Centre national de la littérature pour la jeunesse
339    $a a
608    $a Contes, légendes et folklore $2 CNLJ $k Avis critique donné par le Centre national de la littérature pour la jeunesse
686    $a 809 $2 Cadre de classement de la Bibliographie nationale française
700    $3 16200401 $9 329455 $o ISNI0000000079148411 $a Mattei-Cazalis $b Izumi $f 1975-.... $4 070
801  0 $a FR $b FR-751131015 $c 20191002 $g AFNOR $h FRBNF458126450000002 $2 intermrc
999    $a FRBNF458126450000002
995    $0 0 $2 0 $4 0 $5 2021-03-31 $9 424735 $P 12.00 $b MED $c MED $e MED0A $f C3500013000 $h JABCTEF $k EXT E C/MAT $n 2024-06-28 $o 0 $r PRETLIV $s EXT_E_C_MAT $w 15 $y 2024-04-23 $A 0 $8 MA068

