01982cam a2200445   4500
001 335920
003 http://www.mediathequederoubaix.fr/ark:/20179/KH335920
010    $a 978-2-408-02250-1 $b br. $d 4,99 EUR
020    $a FR $b 02116604
033    $a http://catalogue.bnf.fr/ark:/12148/cb46640548j
035    $a FRBNF466405480000007
073  0 $a 9782408022501
090    $a 335920
091    $a 2 $b 20240517 $c 1
099    $t LI $x 24 $d 2024-05-17 $c 2021-04-01
100    $a 20201022d2020    a  y0frey50      ba
101 0  $a fre
102    $a FR
105    $a ||||z   00|a|
106    $a r
181  0 $6 01 $a i  $b xxxe   $a b  $b xb2e  
181    $6 02 $c txt $c sti $2 rdacontent
182  0 $6 01 $a n
182    $6 02 $c n $2 rdamedia
200 1  $a La dictée des zombies $b Texte imprimé $f une histoire de Pascal Brissy $g illustrée par Didier Balicevic
210    $a Toulouse $c Milan $d DL 2020
214  0 $a Toulouse $c Milan $d DL 2020
214  3 $a impr. en Roumanie
215    $a 1 vol. (23 p.) $c ill. en coul. $d 19 cm
225    $a Poussin $e 5-7 ans $e pour le CP
330    $a Les zombies vont à l'école pendant la nuit. A minuit, c'est l'heure de la dictée. Une histoire précédée de jeux pour s'amuser avec les mots. ­Electre 2021
339    $a a
410  0 $0 44289232 $t Milan poche poussin $x 2426-2072 $d 2020
686    $a 809 $2 Cadre de classement de la Bibliographie nationale française
700    $3 16204472 $9 104148 $o ISNI0000000079332024 $a Brissy $b Pascal $f 1969-.... $4 070
702    $3 14576549 $9 75126 $o ISNI0000000119922302 $a Balicevic $b Didier $f 1974-.... $4 440
801  0 $a FR $b FR-751131015 $c 20201022 $g AFNOR $h FRBNF466405480000007 $2 intermrc
999    $a FRBNF466405480000007
995    $0 0 $2 1 $4 0 $5 2021-04-01 $9 424845 $P 4.99 $b MED $c MED $e MED2A $f C2500022348 $h JRORMZZ $k PRE R/BRI $n 2024-03-01 $o 0 $p 4.99 $r PRETLIV $s PRE_R_BRI $w 23 $y 2024-01-19
995    $0 0 $2 0 $4 0 $5 2024-04-17 $9 475820 $P 5.20 $b MED $c MED $e MED0A $f C000020128 $h JRORMZZ $k EXT PRE R/BRI $n 2024-06-25 $o 0 $r PRETLIV $s EXT_PRE_R_BRI $w 1 $y 2024-04-27

