01867cam a2200421   4500
001 336025
003 http://www.mediathequederoubaix.fr/ark:/20179/KH336025
010    $a 978-2-266-19282-8 $b br. $d 6,50 EUR
020    $a FR $b 00965560
033    $a http://catalogue.bnf.fr/ark:/12148/cb42103497z
035    $a FRBNF421034970000004
073  0 $a 9782266192828
090    $a 336025
091    $a 2 $b 20240519 $c 1
099    $t LI $x 9 $d 2024-05-19 $c 2021-04-02
100    $a 20091124d2009    m  y0frey50      ba
101 1  $a fre $c eng
102    $a FR
105    $a ||||z   00|a|
106    $a r
181  0 $6 01 $a i  $b xxxe  
181    $6 02 $c txt $2 rdacontent
182  0 $6 01 $a n
182    $6 02 $c n $2 rdamedia
200 1  $a Piège nuptial $b Texte imprimé $f Douglas Kennedy $g traduit de l'américain par Bernard Cohen
210    $a Paris $c Pocket $d 2009
215    $a 1 vol. (250 p.) $c couv. ill. en coul. $d 18 cm
225    $a Pocket $v 14020
330    $a Fasciné par une carte de l'Australie, Nick, journaliste américain, se retrouve à Darwin. A la suite d'un accident avec un kangourou, il fait la connaissance d'Angie qui l'emmène au coeur du bush dans un camp retranché où ne vivent que des excentriques. Nouvelle traduction. ­Electre 2021
339    $a m
410  0 $0 34228117 $t Presses pocket (Paris) $x 0244-6405 $v 14020
454  1 $t The dead heart
686    $a 803 $2 Cadre de classement de la Bibliographie nationale française
700    $3 13184212 $9 43168 $o ISNI0000000081821011 $a Kennedy $b Douglas $f 1955-.... $4 070
702    $3 11897174 $9 7746 $o ISNI0000000120967698 $a Cohen $b Bernard $f 1956-.... $4 730
801  0 $a FR $b FR-751131015 $c 20091124 $g AFNOR $h FRBNF421034970000004 $2 intermrc
999    $a FRBNF421034970000004
995    $0 0 $2 0 $4 0 $5 2021-04-02 $9 424991 $b MED $c MED $e MED1A $f C1400011176 $h ALTROPL $k RP/KEN $o 0 $r PRETLIV $s RP_KEN $u surprise $w 9 $y 2024-05-04 $7  $8  $A 0 $m  $z 

