01948cam a2200409   4500
001 336134
003 http://www.mediathequederoubaix.fr/ark:/20179/KH336134
010    $a 978-2-7459-7705-2 $b br. $d 4,99 EUR
020    $a FR $b 01565078
033    $a http://catalogue.bnf.fr/ark:/12148/cb44406089r
035    $a FRBNF444060890000006
073  0 $a 9782745977052
090    $a 336134
091    $a 2 $b 20240510 $c 1
099    $t LI $x 24 $d 2024-05-10 $c 2021-04-09
100    $a 20150902d2015    a  y0frey50      ba
101 1  $a fre $c dut
102    $a FR
105    $a ||||z   00|a|
106    $a r
181  0 $6 01 $a i  $b xxxe  
181    $6 02 $c txt $2 rdacontent
182  0 $6 01 $a n
182    $6 02 $c n $2 rdamedia
200 1  $a Je veux qu'on m'aime $b Texte imprimé $f Leo Timmers $g adaptation française d'Étienne Schelstraete
210    $a Toulouse $c Milan $d DL 2015 $e impr. en Espagne
215    $a 1 vol. (non paginé [24] p.) $c ill. en coul. $d 21 cm
225    $a Le coffre à histoires $e une aventure de tous les jours
330    $a Corbeau est considéré comme un oiseau de malheur. Aussi décide-t-il de se peindre de toutes les couleurs pour ne plus faire fuir les autres. Mais en renonçant à être lui-même, il doit également renoncer à se faire de véritables amis. Un album sur la différence, l'amitié, la reconnaissance et l'affection. ­Electre 2021
339    $a a
410  0 $0 41022243 $t Le Coffre à histoires $x 1956-5321 $d 2015
686    $a 809 $2 Cadre de classement de la Bibliographie nationale française
700    $3 13502035 $9 49149 $o ISNI0000000033625251 $a Timmers $b Léo $f 1970-.... $4 070
702    $3 12543366 $9 65411 $o ISNI0000000121374210 $a Schelstraete $b Étienne $4 730
801  0 $a FR $b FR-751131015 $c 20150902 $g AFNOR $h FRBNF444060890000006 $2 intermrc
999    $a FRBNF444060890000006
995    $0 0 $2 1 $4 0 $5 2021-04-10 $9 425259 $b MED $c MED $e MED2A $f C2500022490 $h JABPFAF $k PE A/TIM $n 2024-04-05 $o 0 $p 4.99 $r PRETLIV $s PE_A_TIM $w 24 $y 2024-02-23

