02002cam a2200469   4500
001 336241
003 http://www.mediathequederoubaix.fr/ark:/20179/KH336241
010    $a 978-2-7576-0338-3 $b br. $d 24,95 EUR
020    $a FR $b 01903689
033    $a http://catalogue.bnf.fr/ark:/12148/cb45628637j
035    $a FRBNF456286370000006
073  0 $a 9782757603383
090    $a 336241
091    $a 2 $b 20240510 $c 1
099    $t LI $d 2024-05-10 $x 4 $c 2021-04-14
100    $a 20181129d2018    m  y0frey50      ba
101 0  $a fre
102    $a FR
105    $a ||||z   00|y|
106    $a r
181  0 $6 01 $a i  $b xxxe   $a b  $b xb2e  
181    $6 02 $c txt $c sti $2 rdacontent
182  0 $6 01 $a n
182    $6 02 $c n $2 rdamedia
200 1  $a Badminton $b Texte imprimé $e 60 situations ludiques pour 5 grammes de plumes $f Andréa Vanderstukken, Laurent Constantin, Paul-Jean Simon
210    $a Paris $c Amphora $d C 2018
214  0 $a Paris $c Amphora
214  4 $d C 2018
214  3 $a impr. en Espagne
215    $a 1 vol. (159 p.) $c ill. en couv. $d 24 cm
300    $a Notice réd. d'après la couv.
330    $a Ce guide adapté à tous les âges et à tous les niveaux propose des techniques pour maîtriser le badminton et revient sur les fondamentaux de ce sport (les différentes zones du terrain, le vocabulaire du badiste, etc.). ­Electre 2021
339    $a a
606    $3 12648889 $9 69883 $a Badminton $2 rameau
676    $a 796.345 $v 23
686    $a 796 $2 Cadre de classement de la Bibliographie nationale française
700    $3 17786576 $9 329605 $o ISNI000000047424258X $a Vanderstukken $b Andrea $4 070
701    $3 17786583 $9 329606 $a Constantin $b Laurent $4 070
701    $3 17786585 $9 329607 $a Simon $b Paul-Jean $4 070
801  0 $a FR $b FR-751131015 $c 20181129 $g AFNOR $h FRBNF456286370000006 $2 intermrc
999    $a FRBNF456286370000006
995    $0 0 $2 0 $4 0 $5 2021-04-16 $9 425543 $P 24.95 $b MED $c MED $e MED2A $f C2500022656 $h JDT60ZZ $k E/697 RAQ $n 2024-06-08 $o 0 $p 24.95 $r PRETLIV $s E_697_000000000000000_RAQ $w 4 $y 2024-04-27

