01808njm0a2200373   4500
001 336344
003 http://www.mediathequederoubaix.fr/ark:/20179/KH336344
071 01 $a 0866568 $b Caroline International
073  0 $a 0602508665684
090    $a 336344
091    $a 1 $b 20240510 $c 0
099    $t DC $x 12 $d 2024-05-10 $c 2021-04-15
100    $a 20210413d2021    u  y0frey5003    ba
101 0  $a eng
127    $a 004300
200 1  $a The future bites $b [enr. sonore] $f Steven Wilson, comp., chant & divers instruments
210    $a Royaume-Uni $c Caroline International $d 2021
215    $a 1 CD (43 min) $e 1 livret
300    $a Textes des chansons
327 1  $a Unself $a Self $a King ghost $a 12 things I forgot $a Eminent sleaze $a Man of the people $a Personal shopper $a Follower $a Count of unease
334    $a Rock & Folk No.642 p.84 du 01/02/2021 $b 4/5
334    $a New Noise No.56 p.85 du 09/03/2021 $b 9/10
345    $a GAM $b 0602508665684 $c disque compact $d 16,17 E
610    $a Pop ' indie '
679    $a 2
700  1 $a Wilson $b Steven $f 1967-.... $4 230
801  0 $a FR $b GAM $c 20210413 $g AFNOR
856 4  $u https://www.gamannecy.com/upload/albums/202102/0602508665684_thumb.jpg
856 4  $u https://www.gamannecy.com/polysson/202102/01-0602508665684.mp3 $z Unself
856 4  $u https://www.gamannecy.com/polysson/202102/02-0602508665684.mp3 $z Self
856 4  $u https://www.gamannecy.com/polysson/202102/03-0602508665684.mp3 $z King ghost
856 4  $u https://www.gamannecy.com/polysson/202102/04-0602508665684.mp3 $z 12 things I forgot
856 4  $u https://www.gamannecy.com/polysson/202102/05-0602508665684.mp3 $z Eminent sleaze
995    $0 0 $2 0 $4 0 $5 2021-04-17 $9 425614 $b MED $c MED $e MED1A $f C3100009505 $h AMV20ZZ $k DC/2 WIL $l contient 1 DC dans un boitier carton $o 0 $p 16.18 $r PRETSON $s DC_2_000000000000000_WIL $w 12 $y 2024-02-29

