01724cam a2200385   4500
001 336448
003 http://www.mediathequederoubaix.fr/ark:/20179/KH336448
010    $a 978-2-01-628409-4 $b rel. $d 11,95 EUR
020    $a FR $b 02110589
033    $a http://catalogue.bnf.fr/ark:/12148/cb466278328
035    $a FRBNF466278320000008
073  0 $a 9782016284094
090    $a 336448
091    $a 0 $b 20220127 $c 1
099    $t LI $x 38 $d 2024-04-26 $c 2021-04-24
100    $a 20201005d2020    a  y0frey50      ba
101 1  $a fre $c eng
102    $a FR
105    $a ||||t   00|a|
106    $a r
200 1  $a Bienvenue chez les Loud $b Texte imprimé $f Nickelodeon $h 10 $i Les multiples facettes de Lincoln Loud
210    $a [Vanves] $c Hachette $d DL 2020
214  0 $a [Vanves] $c Hachette $d DL 2020
214  3 $a 85-Luçon $c Impr. Pollina
215    $a 1 vol. (59 p.) $c ill. en coul. $d 30 cm
225 19 $a Bienvenue chez les Loud $v 10
300    $a Trad. de l'anglais
330    $a La suite des aventures de Lincoln Loud, le seul garçon d'une fratrie comprenant dix filles. ­Electre 2021
339    $a a
461  0 $0 45559585 $t Bienvenue chez les Loud $v 10
686    $2 Cadre de classement de la Bibliographie nationale française
710    $3 14071010 $9 89180 $o ISNI0000000122554192 $7 ba0yba0y $8 fre    $a Nickelodeon productions $4 070 $9 89180
801  0 $a FR $b FR-751131015 $c 20201005 $g AFNOR $h FRBNF466278320000008 $2 intermrc
995    $0 0 $2 0 $4 0 $5 2021-05-07 $9 426348 $b MED $c MED $e MED2A $f C2500022938 $h JBDSRZZ $k E BD/SERIES $n 2024-05-17 $o 0 $p 11.95 $r PRETLIV $s E_BD_SERIES $w 31 $y 2024-04-26
995    $0 0 $2 0 $4 0 $5 2023-11-07 $9 468593 $P 11.95 $b MED $c MED $e MED2A $f C2600008643 $h JBDSRZZ $k E BD/SERIES $n 2024-05-31 $o 0 $p 11.95 $r PRETLIV $s E_BD_SERIES $w 7 $y 2024-04-19

