01936cam2a2200457 i 4500
001 336652
003 http://www.mediathequederoubaix.fr/ark:/20179/KH336652
005 20240513035425.0
010    $a 978-2-505-07322-2 $b cart. $d 14,50 EUR
073  0 $a 9782505073222
090    $a 336652
100    $a 20200311d2021    |  |0frey5003||||ba
101 0  $a fre
102    $a BE
105    $a     t   0||y|
106    $a r
181  0 $6 01 $a i  $b xxxe   $a b  $b xb2e  
181    $6 02 $c txt $c sti $2 rdacontent
182  0 $6 01 $a n
182    $6 02 $c n $2 rdamedia
183    $6 01 $a nga
183    $6 02 $a nc $2 rdacarrier
200 1  $a Le fort des Landes $b Texte imprimé $f scénario Jérôme Le Gris $g dessin Didier Poli $g couleurs Bruno Tatti
210    $a Bruxelles $c Dargaud $d 2021
211    $a 20210326
214  0 $a Bruxelles $c Dargaud $d 2021
215    $a 1 vol. (55 p.) $c illustrations en couleur $d 32 x 25 cm
225 1  $a Les âges perdus $v 1
330    $a Alors que les hommes sont contraints de vivre dans des grottes, Primus trouve le moyen de faire pousser une plante. Sa découverte permet aux siens de manger à leur faim. A la mort de l'homme, Elaine de Moor, sa fille, est chargée de prendre en main le destin de son peuple et de le préserver de la destruction. ­Electre 2021
345    $b 9782505073222
461  0 $6 362360 $t Les âges perdus $v 1
676    $a 741.56 $v 23
686    $a T090208 $2 electre
700    $3 16504050 $6 11314594 $7 ba0yba0y $8 fre    $a Le Gris $b Jérôme $f 1971-.... $4 070 $9 106563
701    $3 14517474 $6 149790 $7 ba0yba0y $8 fre    $a Poli $b Didier $f 1971-.... $4 440 $9 105061
702    $3 16529837 $6 11312810 $7 ba0yba0y $8 fre    $a Tatti $b Bruno $4 410 $9 114388
801  3 $a FR $b Electre $c 20210406 $g AFNOR
099    $t LI $x 25 $d 2024-05-13 $c 2021-04-27
339    $a m
091    $a 2 $b 20240513 $c 0
995    $0 0 $2 0 $4 0 $5 2021-04-30 $9 426097 $b MED $c MED $e MED0C $f C2300011486 $h AAPBDZZ $k BD/LEG $o 0 $p 14.50 $r PRETLIV $s BD_LEG $w 25 $y 2024-04-15

