01864cam a2200421   4500
001 336758
003 http://www.mediathequederoubaix.fr/ark:/20179/KH336758
010    $a 979-10-281-1324-7 $b br. $d 25 EUR
020    $a FR $b 02125897
033    $a http://catalogue.bnf.fr/ark:/12148/cb467510672
035    $a FRBNF467510670000006
073  0 $a 9791028113247
090    $a 336758
091    $a 2 $b 20240517 $c 1
099    $t LI $x 22 $d 2024-05-17 $c 2021-04-30
100    $a 20210408d2021    m  y0frey50      ba
101 0  $a fre
102    $a FR
105    $a ||||z   00|a|
106    $a r
181  0 $6 01 $a i  $b xxxe  
181    $6 02 $c txt $2 rdacontent
182  0 $6 01 $a n
182    $6 02 $c n $2 rdamedia
200 1  $a Les deux royaumes $b Texte imprimé $f Paul Beorn
210    $a Paris $c Bragelonne $d 2021
214  0 $a Paris $c Bragelonne $d DL 2021
214  3 $a 27-Mesnil-sur-l'Estrée $c Impr. CPI Firmin-Didot
215    $a 1 vol. (500 p.) $d 24 cm
225 19 $a Calame $v tome 2
330    $a Le chef Darran Dahl n'est pas mort. Il est retenu prisonnier dans la forteresse de Frankand sous un faux nom. Interrogée par le conteur d'Arterac, sa fille Maura doit poursuivre son récit. Alors qu'elle raconte les batailles qui ont transformé une poignée de fugitives en une armée de femmes, les dernières rebelles se mettent à attaquer la prison pour libérer leurs camarades. ­Electre 2021
339    $a m
461  0 $6 348159 $t Calame $v 2
686    $a 803 $2 Cadre de classement de la Bibliographie nationale française
700    $3 16242561 $9 117998 $o ISNI0000000107567892 $a Beorn $b Paul $f 1977-.... $4 070
801  0 $a FR $b FR-751131015 $c 20210408 $g AFNOR $h FRBNF467510670000006 $2 intermrc
999    $a FRBNF467510670000006
995    $0 0 $2 0 $4 0 $5 2021-04-30 $9 425989 $b MED $c MED $e MED1A $f C1400010590 $h ALTIGFA $k FAN/BEO $n 2024-05-25 $o 0 $p 25.00 $r PRETLIV $s FAN_BEO $w 22 $y 2024-04-13 $A 0

