02122cam a2200445   4500
001 336899
003 http://www.mediathequederoubaix.fr/ark:/20179/KH336899
010    $a 978-2-7459-9591-9 $b br. $d 16,90 EUR
020    $a FR $b 02124362
033    $a http://catalogue.bnf.fr/ark:/12148/cb46698546t
035    $a FRBNF466985460000007
073  0 $a 9782745995919
090    $a 336899
091    $a 2 $b 20240519 $c 1
099    $t LI $x 9 $d 2024-05-19 $c 2021-05-07
100    $a 20210205d2021    a  y0frey50      ba
101 1  $a fre $c ger
102    $a FR
105    $a ||||z   00|a|
106    $a r
181  0 $6 01 $a i  $b xxxe  
181    $6 02 $c txt $2 rdacontent
182  0 $6 01 $a n
182    $6 02 $c n $2 rdamedia
200 1  $a Rapaces $b Texte imprimé $f Ursula Poznanski $g traduit de l'allemand (Autriche) par Florence Quillet
210    $a Toulouse $c Milan $d DL 2021
214  0 $a Toulouse $c Milan $d DL 2021
214  3 $a impr. en Espagne
215    $a 1 vol. (403 p.) $d 23 cm
329    $c Intéressant $2 CNLJ $k Avis critique donné par le Centre national de la littérature pour la jeunesse
330    $a Jonas, étudiant surdoué et asocial, espionne son campus avec le drone qu'il a conçu. Grâce à sa machine, il est le témoin d'une série de suicides et d'accidents étranges. Une histoire sur l'usage des nouvelles technologies qui servent parfois de refuge. ­Electre 2021
333    $a À partir de 13 ans $2 CNLJ $k Avis critique donné par le Centre national de la littérature pour la jeunesse
339    $a m
608    $a Romans $2 CNLJ $k Avis critique donné par le Centre national de la littérature pour la jeunesse
686    $a 809 $2 Cadre de classement de la Bibliographie nationale française
700    $3 16655780 $9 329847 $o ISNI0000000025039789 $a Poznanski $b Ursula $f 1968-.... $4 070
702    $3 12083301 $9 36003 $o ISNI000000012134867X $a Quillet $b Florence $4 730
801  0 $a FR $b FR-751131015 $c 20210205 $g AFNOR $h FRBNF466985460000007 $2 intermrc
999    $a FRBNF466985460000007
995    $0 0 $2 0 $4 0 $5 2021-05-11 $9 426392 $b MED $c MED $e MED1A $f C1400010075 $h ALTROAD $k ADO R/POZ $o 0 $p 16.90 $r PRETLIV $s ADO_R_POZ $w 9 $y 2023-09-06

