02473cam a2200481   4500
001 337002
003 http://www.mediathequederoubaix.fr/ark:/20179/KH337002
010    $a 978-2-210-97264-3 $b br. $d 10,95 EUR
020    $a FR $b 02174916
033    $a http://catalogue.bnf.fr/ark:/12148/cb467191156
035    $a FRBNF467191150000007
073  0 $a 9782210972643
090    $a 337002
091    $a 2 $b 20240519 $c 1
099    $t LI $x 17 $d 2024-05-19 $c 2021-05-07
100    $a 20210305d2021    a  y0frey50      ba
101 0  $a fre
102    $a FR
105    $a ||||z   00|a|
106    $a r
181  0 $6 01 $a i  $b xxxe  
181    $6 02 $c txt $2 rdacontent
182  0 $6 01 $a n
182    $6 02 $c n $2 rdamedia
200 1  $a Ma vie est un jeu $b Texte imprimé $f Christine Saba $g [illustré par] Miss Paty
210    $a Paris $c Magnard jeunesse $d DL 2021
214  0 $a Paris $c Magnard jeunesse $d DL 2021
214  3 $a 58-Clamecy $c Impr. Laballery
215    $a 1 vol. (159 p.) $c ill. $d 20 cm
225 19 $a Start game
329    $c Pourquoi pas ? $2 CNLJ $k Avis critique donné par le Centre national de la littérature pour la jeunesse
330    $a Depuis que Marion a installé le jeu vidéo Gare au gorille sur son ordinateur, des événements invraisemblables surviennent. Des petits personnages traversent l'écran pour lui demander de l'aide afin d'échapper au dangereux primate. Avec seulement trois vies, la mission est difficile. Mais lorsque sa mère se fait enlever, Marion entre dans le jeu sans hésiter, accompagnée de sa grand-mère. ­Electre 2021
333    $a À partir de 9 ans $2 CNLJ $k Avis critique donné par le Centre national de la littérature pour la jeunesse
339    $a a
461  0 $0 46722592 $t Start game $v [1]
608    $a Romans $2 CNLJ $k Avis critique donné par le Centre national de la littérature pour la jeunesse
686    $a 809 $2 Cadre de classement de la Bibliographie nationale française
700    $3 17805348 $9 311529 $a Saba $b Christine $4 070
702    $3 16796149 $9 118304 $o ISNI0000000442420177 $a Miss Paty $f 1979-.... $4 440
801  0 $a FR $b FR-751131015 $c 20210305 $g AFNOR $h FRBNF467191150000007 $2 intermrc
999    $a FRBNF467191150000007
995    $0 0 $2 0 $4 0 $5 2021-05-18 $9 426707 $b MED $c MED $e MED2A $f C2500022961 $h JROROZZ $k E R/SAB $n 2024-06-06 $o 0 $p 10.95 $r PRETLIV $s E_R_SAB $w 15 $y 2024-05-16
995    $0 0 $2 0 $4 0 $5 2021-10-30 $9 434449 $P 10.95 $b MED $c MED $e MED0A $f C3500014296 $h JROROZZ $k EXT E R/SAB $n 2024-07-11 $o 0 $r PRETLIV $s EXT_E_R_SAB $w 2 $y 2023-08-30

