02240cem a2200517   4500
001 337109
003 http://www.mediathequederoubaix.fr/ark:/20179/KH337109
010    $a 978-2-84466-554-6 $b br. $d 18 EUR
020    $a FR $b 42100192
033    $a http://catalogue.bnf.fr/ark:/12148/cb466895503
035    $a FRBNF466895500000000
073  0 $a 9782844665546
090    $a 337109
091    $a 2 $b 20240510 $c 1
099    $t LI $x 3 $d 2024-05-10 $c 2021-05-18
100    $a 20210122d2020    u  y0frey50      ba
101 0  $a fre
102    $a FR
120    $a b||    ||    
121    $b ||||||||
121    $a a||aab|||
123 0  $a a $d W0050500 $e E0093300 $f N0510400 $g N0411800
124    $b z
181  0 $6 01 $a b  $b cb2e   $a i  $b xxxe   $a b  $b xb2e  
181    $6 02 $c cri $c txt $c sti $2 rdacontent
182  0 $6 01 $a n
182    $6 02 $c n $2 rdamedia
200 1  $a 60 idées rando pour découvrir la France avec ses enfants $b Document cartographique $f Laurent Van Parys-Macé
206 0  $b [Échelle indéterminable] $d W 5°5' - E 9°33' / N 51°4' - N 41°18'
210    $a Paris $c Chamina édition $d 2020
214  0 $a Clermont-Ferrand $c Chamina $d 2020
215    $a 1 guide (159 p.) $c en coul. $d 21 cm
300    $a Informations touristiques
300    $a La couv. porte en plus : "le guide indispensable des parents randonneurs"
330    $a Un guide présentant soixante randonnées dans toute la France adaptées aux enfants. L'auteur partage également son expérience de randonneur et propose des conseils à destination des parents. ­Electre 2021
339    $a m
606    $3 13162685 $9 12795 $a Randonnée pédestre $2 rameau
607    $3 15238307 $9 7600 $a France $2 AFNOR NF Z 44-081
608    $a Guide $2 frTCP
660    $a e-fr
686    $a 900 $2 Cadre de classement de la Bibliographie nationale française
700    $3 17933005 $9 334117 $o ISNI0000000503968081 $a Van Parys-Macé $b Laurent $f 1965?-.... $4 070
712 02 $3 11871880 $9 267108 $a Chamina $c France $4 650
801  0 $a FR $b FR-751131015 $c 20210122 $g AFNOR $h FRBNF466895500000000 $2 intermrc
999    $a FRBNF466895500000000
995    $0 0 $2 0 $4 0 $5 2021-05-18 $9 426777 $b MED $c MED $e MED1A $f C1400010132 $h AAPPLSL $k Doc./697 RAN $o 0 $p 18.00 $r PRETLIV $s DOC___697_000000000000000_RAN $w 3 $y 2023-05-03

