02471cam a2200493   4500
001 337217
003 http://www.mediathequederoubaix.fr/ark:/20179/KH337217
010    $a 978-2-226-45767-7 $b br. $d 32 EUR
020    $a FR $b 02133495
033    $a http://catalogue.bnf.fr/ark:/12148/cb466967953
035    $a FRBNF466967950000003
073  0 $a 9782226457677
090    $a 337217
091    $a 2 $b 20240510 $c 1
099    $t LI $x 4 $d 2024-05-10 $c 2021-05-18
100    $a 20210203d2021    m  y0frey50      ba
101 0  $a fre
102    $a FR
105    $a ||||z   00|y|
106    $a r
181  0 $6 01 $a i  $b xxxe  
181    $6 02 $c txt $2 rdacontent
182  0 $6 01 $a n
182    $6 02 $c n $2 rdamedia
200 1  $a Histoire du livre et de l'édition $b Texte imprimé $e production & circulation, formes & mutations $f Yann Sordet $g postface de Robert Darnton
210    $a Paris $c Albin Michel $d 2021
214  0 $a Paris $c Albin Michel $d DL 2021
214  3 $a 18-Saint-Amand-Montrond $c Impr. CPI Bussière
215    $a 1 vol. (798 p.-[32] p. de pl.) $c ill. en coul. $d 24 cm
225    $a L'évolution de l'humanité $x 0755-1843
300    $a Bibliographie p. 739-750. Index
330    $a Après avoir retracé l'histoire générale du livre, l'auteur analyse sa production, sa circulation et ses usages, depuis l'invention de l'imprimerie jusqu'à l'ère du numérique. Il évoque le livre à la fois en tant que marchandise et symbole. Les interactions entre les différents acteurs du secteur (copistes, éditeurs, auteurs, graveurs, lecteurs, imprimeurs, bibliothécaires) sont abordées. ­Electre 2021
339    $a m
410  0 $0 34232649 $t L'Évolution de l'humanité $x 0755-1843 $d 2021
606    $3 11937824 $9 5522 $a Histoire du livre $2 rameau
606    $3 13318593 $9 7253 $a Édition $3 11934444 $9 494 $x Histoire $2 rameau
606    $3 11932296 $9 9443 $a Livres $x Industrie et commerce $3 11934444 $9 494 $x Histoire $2 rameau
676    $a 002.09 $v 23
686    $a 000 $2 Cadre de classement de la Bibliographie nationale française
700    $3 13524356 $9 292993 $o ISNI0000000122828309 $a Sordet $b Yann $f 1971-.... $4 070
702    $3 11898655 $9 17794 $o ISNI0000000121469084 $a Darnton $b Robert $f 1939-.... $4 075
801  0 $a FR $b FR-751131015 $c 20210203 $g AFNOR $h FRBNF466967950000003 $2 intermrc
999    $a FRBNF466967950000003
995    $0 0 $2 0 $4 0 $5 2021-06-01 $9 427443 $b MED $c MED $e MED3D $f C3200024953 $h ACFBPZZ $k BIB PROF/3.0 SOR $o 0 $p 32.00 $r PRETLIV $s BIB_PROF_3_000000000000000_SOR $w 4 $y 2021-11-25

