01554ngm0a22003251i 4500
001 337328
003 http://www.mediathequederoubaix.fr/ark:/20179/KH337328
010    $d 20,82 EUR TTC
073  0 $a 3760255441221 $d 31,55 EUR TTC
090    $a 337328
091    $a 0
099    $t VD $x 6 $d 2024-02-10 $c 2021-05-25
100    $a 20210525d1978    u  y0frey5003    ba
101    $a fre $j fre $a jpn
102    $a JP
200 1  $a Albator 78 - L'intégrale de la série + Le film $b DVD $f Rintaro, réal. $g Shôzô Uehara, Haruya Yamazaki, scénario $g Seiji Yokoyama, mus.
210    $c Black Box $d 2020
215    $a 8 DVD (1020 min) PAL $c 4/3, Couleur, Dolby Digital 2.0
300    $a Aucun
300    $a Prêt + Consultation
330    $a En 2977, la Terre a été unifiée et l'humanité se livre a une paix paresseuse. Un jour, une mystérieuse sphère noire venue de l'espace s'écrase dans une région du Japon. Il s'agit d'une balise radio lancée par des extraterrestres inconnus. Seules deux personnes s'en rendent compte. L'un est le professeur Valente, et l'autre le pirate de l'espace Albator. 42 épisodes + Le mystère de l'Arcadia. 
333    $a 10-12 ans
339    $a a
510 1  $a Uchû Kaizoku Captain Harlock
700  1 $a Rintaro $4 370
702  1 $a Uehara $b Shôzô $4 690
702  1 $a Yamazaki $b Haruya $4 690
702  1 $a Yokoyama $b Seiji $4 230
801  0 $a FR $b COLACO $c 20210525 $g AFNOR
995    $0 0 $2 0 $4 0 $5 2021-06-16 $9 428209 $b MED $c MED $e MED2A $f C3500013511 $h JCIFEMG $k DVD/E MAN ALB $l Contient 8 DVD $o 0 $p 20.00 $r PRETDVD $s DVD_E_MAN_ALB $w 6 $y 2024-03-09 $A 0

