01763cam a2200397   4500
001 337445
003 http://www.mediathequederoubaix.fr/ark:/20179/KH337445
010    $a 978-2-501-13862-8 $b br. $d 17,90 EUR
020    $a FR $b 02131613
033    $a http://catalogue.bnf.fr/ark:/12148/cb46747984c
035    $a FRBNF46747984000000X
073  0 $a 9782501138628
090    $a 337445
091    $a 2 $b 20240513 $c 1
099    $t LI $x 12 $d 2024-05-13 $c 2021-05-26
100    $a 20210406d2021    m  y0frey50      ba
101 0  $a fre
102    $a FR
105    $a ||||z   00|a|
106    $a r
181  0 $6 01 $a i  $b xxxe  
181    $6 02 $c txt $2 rdacontent
182  0 $6 01 $a n
182    $6 02 $c n $2 rdamedia
200 1  $a Maman ne répond plus ! $b Texte imprimé $f Fabienne Blanchut
210    $a Paris $c Marabout $d 2021
214  0 $a [Paris] $c la Belle étoile $d DL 2021
214  3 $a impr. en Espagne
215    $a 1 vol. (198 p.) $d 22 cm
330    $a Zabou, 62 ans, fête son anniversaire en compagnie de son époux Michel, passionné de cyclisme, de ses enfants, de ses trois petits-enfants et de sa meilleure amie Nicourou. Mais Zabou n'a pas le coeur à la fête et constate qu'elle a passé sa vie à se consacrer aux autres en délaissant ses propres envies. Elle prend une décision radicale pour rompre l'ennui. ­Electre 2021
339    $a m
686    $a 803 $2 Cadre de classement de la Bibliographie nationale française
700    $3 14635513 $9 278151 $o ISNI0000000115567761 $a Blanchut $b Fabienne $f 1974-.... $4 070
801  0 $a FR $b FR-751131015 $c 20210406 $g AFNOR $h FRBNF46747984000000X $2 intermrc
999    $a FRBNF46747984000000X
995    $0 0 $2 0 $4 0 $5 2021-05-26 $9 427142 $b MED $c MED $e MED1A $f C1400010425 $h ALTROZZ $k R/BLA $o 0 $p 17.90 $r PRETLIV $s R_BLA $w 12 $y 2023-11-09 $A 0

