03346cam a2200481   4500
001 337549
003 http://www.mediathequederoubaix.fr/ark:/20179/KH337549
010    $a 978-2-7338-9164-3 $b br. $d 10,95 EUR
020    $a FR $b 02202895
033    $a http://catalogue.bnf.fr/ark:/12148/cb46684708n
035    $a FRBNF466847080000005
039    $o OPP $a 46859066 $d 20220103
073  0 $a 9782733891643
090    $a 337549
091    $a 2 $b 20240513 $c 1
099    $t LI $x 24 $d 2024-05-13 $c 2021-05-27
100    $a 20210115d2021    a  y0frey50      ba
101 0  $a fre
102    $a FR
105    $a ||||t   00|a|
106    $a r
181  0 $6 01 $a i  $b xxxe   $a b  $b xb2e  
181    $6 02 $c txt $c sti $2 rdacontent
182  0 $6 01 $a n
182    $6 02 $c n $2 rdamedia
200 1  $a Les oiseaux de terreur $b Texte imprimé $f Milena
210    $a Paris $c Auzou BD $d DL 2021
214  0 $a Paris $c Auzou BD $d DL 2021
214  3 $a 52-Langres $c Impr. de Champagne
215    $a 1 vol. (101 p.) $c ill. en coul. $d 22 cm
225 19 $a Elya et sa tribu $v 1
321    $a La Revue des livres pour enfants $x 0398-8384 $c 318
329    $c Intéressant $a Au sein d'une tribu de l'âge néolithique, la petite Elya et son ami Léo, un hyaénodon (lointain ancêtre de la hyène) apprivoisé vivent une vie « tranquille », faite de chasse et de jeux. Jusqu'à ce que les parents d'Elya décident de migrer vers le sud, pour trouver un climat plus clément. Le périple commence, la tribu va devoir s'adapter à un nouvel environnement et affronter de redoutables créatures pour pouvoir établir son nouveau campement. Le dessin dynamique et les traits expressifs des personnages servent bien le rythme du récit et séduiront à coup sûr les enfants. En outre, le dossier documentaire à la fin de l'ouvrage permet de resituer de manière ludique la chronologie des espèces - l'autrice a sciemment mélangé des espèces n'ayant pas vécu à la même période - et de découvrir des animaux oubliés. Une bonne façon d'apprendre en s'amusant. $d 20210401 $f EBE $2 CNLJ $k Avis critique donné par le Centre national de la littérature pour la jeunesse
330    $a En s'installant dans le Sud avec sa famille adoptive, Léo, un petit fauve préhistorique, découvre un nouveau territoire où il fait chaud et où vivent des animaux inconnus. Mais face aux oiseaux qui rôdent autour du campement, il est inquiet. Une partie documentaire sur les espèces et la sédentarisation complète l'ouvrage. ­Electre 2021
333    $a À partir de 9 ans $2 CNLJ $k Avis critique donné par le Centre national de la littérature pour la jeunesse
339    $a a
608    $a Bandes dessinées $2 CNLJ $k Avis critique donné par le Centre national de la littérature pour la jeunesse
686    $a 809 $2 Cadre de classement de la Bibliographie nationale française
700    $3 17714239 $9 334387 $o ISNI0000000464536875 $a Picard $b Miléna $f 1991-.... $4 070
801  0 $a FR $b FR-751131015 $c 20210115 $g AFNOR $h FRBNF466847080000005 $2 intermrc
999    $a FRBNF466847080000005
995    $0 0 $2 0 $4 0 $5 2021-05-28 $9 427335 $P 10.95 $b MED $c MED $e MED2A $f C2500023203 $h JBDPFZZ $k E BD/MIL $n 2024-06-05 $o 0 $p 10.95 $r PRETLIV $s E_BD_MIL $w 21 $y 2024-04-24
995    $0 0 $2 1 $4 0 $5 2022-04-07 $9 442147 $P 10.95 $b MED $c MED $e MED0A $f C3500015484 $h JBDZZZZ $k EXT E BD/MIL $n 2023-02-07 $o 0 $r PRETLIV $s EXT_E_BD_MIL $w 3 $y 2022-12-16 $8 MA059

