02009cam a2200433   4500
001 337772
003 http://www.mediathequederoubaix.fr/ark:/20179/KH337772
010    $a 978-2-37622-227-9 $b br. $d 19 EUR
020    $a FR $b 02136573
033    $a http://catalogue.bnf.fr/ark:/12148/cb46808946d
035    $a FRBNF468089460000001
073  0 $a 9782376222279
090    $a 337772
091    $a 2 $b 20240510 $c 1
099    $t LI $x 1 $d 2024-05-10 $c 2021-06-11
100    $a 20210607d2021    m  y0frey50      ba
101 0  $a fre
102    $a FR
105    $a ||||z   00|y|
106    $a r
181  0 $6 01 $a i  $b xxxe  
181    $6 02 $c txt $2 rdacontent
182  0 $6 01 $a n
182    $6 02 $c n $2 rdamedia
200 1  $a Bon vent ! $b Texte imprimé $f Georges Pernoud
210    $a Paris $c Tohu-Bohu éditions $d 2021
214  0 $a Paris $c Tohubohu éditions $d DL 2021
214  3 $a 14-Condé-en-Normandie $c Impr. Corlet
215    $a 1 vol. (269 p.-XII p. de pl.) $c ill. en coul. $d 23 cm
330    $a Le présentateur de Thalassa revient sur sa vie et son parcours. Il évoque son enfance au Maroc au sein d'une famille d'intellectuels et d'écrivains puis son installation en France en 1958 à Asnières. Il entame une carrière de cameraman durant laquelle il filme Y. Arafat, H. Tazieff, mai 1968, le Bangladesh, etc. Il découvre l'univers de la mer alors qu'il filme la course Whitbread. ­Electre 2021
339    $a m
600    $3 12630828 $9 55084 $a Pernoud $b Georges $f 1947-2021 $2 rameau
608    $3 11960063 $9 266731 $a Autobiographie $2 rameau
676    $a 791.450 92 $v 23
686    $a 920 $2 Cadre de classement de la Bibliographie nationale française
700    $3 12630828 $9 55084 $o ISNI0000000079563682 $a Pernoud $b Georges $f 1947-2021 $4 070
801  0 $a FR $b FR-751131015 $c 20210607 $g AFNOR $h FRBNF468089460000001 $2 intermrc
999    $a FRBNF468089460000001
995    $0 0 $2 0 $4 0 $5 2021-06-12 $9 428042 $b MED $c MED $e MED1A $f C1400010329 $h AAPCIDC $k Doc./795 TEL $o 0 $p 19.00 $r PRETLIV $s DOC___795_000000000000000_TEL $w 1 $y 2022-02-03

