02689cam a2200409   4500
001 337884
003 http://www.mediathequederoubaix.fr/ark:/20179/KH337884
010    $a 978-2-930938-26-4 $b rel. $d 15,90 EUR
033    $a http://catalogue.bnf.fr/ark:/12148/cb46725028h
035    $a FRBNF467250280000005
073  0 $a 9782930938264
090    $a 337884
091    $a 2 $b 20240510 $c 1
099    $t LI $x 10 $d 2024-05-10 $c 2021-06-12
100    $a 20210315d2021    a  y0frey50      ba
101 0  $a fre
102    $a BE
105    $a ||||z   00|a|
106    $a r
181  0 $6 01 $a i  $b xxxe   $a b  $b xb2e  
181    $6 02 $c txt $c sti $2 rdacontent
182  0 $6 01 $a n
182    $6 02 $c n $2 rdamedia
200 1  $a Marcel et Odilon $b Texte imprimé $f Noémie Favart
210    $a Bruxelles $c Versant Sud $d DL 2021
214  0 $a Bruxelles $c Versant Sud $d DL 2021
215    $a 1 vol. (non paginé [49] p.) $c ill. en coul. $d 23 cm
321    $a La Revue des livres pour enfants $x 0398-8384 $c 319
329    $c Intéressant $a Marcel est une coccinelle, Odilon un escargot. Ils vivent de petites aventures à hauteur de brin d'herbe dans ce monde minuscule qui ressemble un peu - mais pas trop - au nôtre. Divisée en trois chapitres, une histoire d'amitié, d'aventure et de liberté où l'on rencontre, par ordre d'apparition, trois coccinelles dont deux fans de variété et l'une (Marcel) qui a besoin de se mettre au vert ; un escargot (Odilon) qui rêve de participer à la course de la grande laitue ; et enfin la grand-tante d'Odilon, Hypoline, et ses beaux souvenirs. Un trait fin, des décors fouillés à l'aquarelle, une mise en pages entre album et bande dessinée, des personnages attachants, et tout se termine par une grande fête dans le jardin, avec un somptueux manège, des chansons, et des frites !  $d 20210601 $f MP $2 CNLJ $k Avis critique donné par le Centre national de la littérature pour la jeunesse
330    $a Trois histoires pour raconter l'amitié entre l'escargot Odilon et la coccinelle Marcel, qui aiment manger des frites ensemble et écouter la pluie tomber sur les tournesols. ­Electre 2021
333    $a À partir de 3 ans $2 CNLJ $k Avis critique donné par le Centre national de la littérature pour la jeunesse
339    $a a
608    $a Albums $2 CNLJ $k Avis critique donné par le Centre national de la littérature pour la jeunesse
700    $3 17768123 $9 330253 $o ISNI0000000468831281 $a Favart $b Noémie $4 070
801  0 $a FR $b FR-751131015 $c 20210315 $g AFNOR $h FRBNF467250280000005 $2 intermrc
999    $a FRBNF467250280000005
995    $0 0 $2 0 $4 0 $5 2021-06-15 $9 428087 $P 15.90 $b MED $c MED $e MED2A $f C2500023342 $h JABEFAE $k E A/FAV $o 0 $p 15.90 $r PRETLIV $s E_A_FAV $w 10 $y 2024-04-20 $A 0

