02178cam1a2200517 i 4500
001 337992
003 http://www.mediathequederoubaix.fr/ark:/20179/KH337992
005 20240514212021.0
010    $a 9782810431601 $b br. $d 19,95 EUR
073  0 $a 9782810431601
090    $a 337992
100    $a 20210222d2021    |  |0frey5003||||ba
101 1  $a fre $c eng
102    $a FR
105    $a         0||a|
106    $a r
181  0 $6 01 $a i  $b xxxe  
181    $6 02 $c txt $2 rdacontent
182  0 $6 01 $a n
182    $6 02 $c n $2 rdamedia
183    $6 01 $a nga
183    $6 02 $a nc $2 rdacarrier
200 1  $a Un printemps éblouissant à Vert-Cottage $b Texte imprimé $f Lucy Daniels $g traduit de l'anglais par Marion McGuinness
210    $a Gennevilliers (Hauts-de-Seine) $c Editions Prisma $d 2021
211    $a 20210520
214  0 $a Gennevilliers (Hauts-de-Seine) $c Editions Prisma $d 2021
215    $a 1 vol. (407 p.) $d 21 x 15 cm
330    $a Mandy Hope habite le petit village de Welford. Vétérinaire, son centre d'aide et de sauvetage des animaux, appelé Vert-Cottage, est une réussite, comme sa relation avec le beau Jimmy Marsh. Lorsqu'une crise inattendue lui fait perdre confiance en ses capacités professionnelles, tout son entourage lui vient en aide. ­Electre 2021
345    $b 9782810431601
676    $a 823 $v 23
686    $a T321005 $2 electre
686    $a GLEC001 $2 electre
700    $3 13193202 $6 1368943 $7 ba0yba0y $8 fre    $a Daniels $b Lucy $4 070 $9 44013
702    $3 16700600 $6 11349075 $7 ba0yba0y $8 fre    $a McGuinness $b Marion $f 1983-.... $4 730 $9 277670
801  3 $a FR $b Electre $c 20210602 $g AFNOR
830    $a ELECTREX MA/Lit/JL/2106/Lit10 20210618
903    $a Littérature moderne et contemporaine - Romans - Romans sentimentaux $b T321005
903    $a Littératures étrangères contemporaines - Traduction en français $b GLEC001
921    $a 
939    $a 
947    $c 18.15 $a 19.95
969    $h  1 $a 1 $d  900
099    $t LI $x 24 $d 2024-05-14 $c 2021-06-18
339    $a m
091    $a 2 $b 20240513 $c 0
995    $0 0 $2 0 $4 0 $5 2021-06-18 $9 428361 $b MED $c MED $e MED1A $f C1400010612 $h ALTROAM $k RS/DAN $n 2024-06-25 $o 0 $p 19.95 $r PRETLIV $s RS_DAN $w 24 $y 2024-05-14 $A 0

