02340cam a2200505   4500
001 338098
003 http://www.mediathequederoubaix.fr/ark:/20179/KH338098
010    $a 978-2-10-080695-9 $b br. $d 12,90 EUR
020    $a FR $b 02016990
033    $a http://catalogue.bnf.fr/ark:/12148/cb46533592c
035    $a FRBNF465335920000002
073  0 $a 9782100806959
090    $a 338098
091    $a 2 $b 20240513 $c 1
099    $t LI $x 9 $d 2024-05-13 $c 2021-06-18
100    $a 20200305d2020    m  y0frey50      ba
101 0  $a fre
102    $a FR
105    $a ||||z   00|y|
106    $a r
181  0 $6 01 $a i  $b xxxe  
181    $6 02 $c txt $2 rdacontent
182  0 $6 01 $a n
182    $6 02 $c n $2 rdamedia
200 1  $a Tout sur la sécurité informatique $b Texte imprimé $f Jean-François Pillou, Jean-Philippe Bay
205    $a 5e éd.
210    $a Malakoff $c Dunod $d DL 2020
214  0 $a Malakoff $c Dunod $d DL 2020
214  3 $a 42-Saint-Just-la-Pendue $c Impr. Chirat
215    $a 1 vol. (XI-292 p.) $c ill. $d 18 cm
225    $a CommentCaMarche.net
300    $a Webliogr. p. 279-283. Index
330    $a Synthèse des connaissances de base sur les menaces et sur les dispositifs de protection des logiciels et des matériels. Expose notamment les différentes menaces informatiques, l'ensemble des logiciels d'attaque, les techniques d'attaque, la cryptographie, les protocoles sécurisés, les dispositifs de protection, le principe d'authentification, ainsi que la sécurité des réseaux sans fil. ­Electre 2021
339    $a m
410  0 $0 40143695 $t CommentCaMarche.net $x 1966-8678 $d 2020
516 1  $a Sécurité informatique
606    $3 12523987 $9 104924 $a Réseaux d'ordinateurs $x Mesures de sûreté $2 rameau
606    $3 13318445 $9 104925 $a Ordinateurs $x Accès $x Contrôle $2 rameau
676    $a 005.8 $v 23
686    $a 004 $2 Cadre de classement de la Bibliographie nationale française
700    $3 15069727 $9 94077 $o ISNI0000000002261256 $a Pillou $b Jean-François $4 070
701    $3 14077766 $9 104926 $o ISNI0000000066160593 $a Bay $b Jean-Philippe $4 070
801  0 $a FR $b FR-751131015 $c 20200305 $g AFNOR $h FRBNF465335920000002 $2 intermrc
999    $a FRBNF465335920000002
995    $0 0 $2 0 $4 0 $5 2021-07-07 $9 429391 $b MED $c MED $e MED3A $f C2400003460 $h ACFIFZZ $k Doc./004 XYZ $o 0 $p 12.90 $r PRETLIV $s DOC___004_000000000000000_XYZ $w 9 $y 2024-04-03

