02092cam a2200433   4500
001 338208
003 http://www.mediathequederoubaix.fr/ark:/20179/KH338208
010    $a 978-2-8189-7600-5 $b rel. $d 16,90 EUR
020    $a FR $b 02167516
033    $a http://catalogue.bnf.fr/ark:/12148/cb46811494d
035    $a FRBNF468114940000003
073  0 $a 9782818976005
090    $a 338208
091    $a 2 $b 20240513 $c 1
099    $t LI $x 20 $d 2024-05-13 $c 2021-06-24
100    $a 20210610d2021    m  y0frey50      ba
101 0  $a fre
102    $a FR
105    $a ||||t   00|a|
106    $a r
181  0 $6 01 $a i  $b xxxe   $a b  $b xb2e  
181    $6 02 $c txt $c sti $2 rdacontent
182  0 $6 01 $a n
182    $6 02 $c n $2 rdamedia
200 1  $a Montagnes russes $b Texte imprimé $f scénario, Gwénola Morizur $g dessins & couleurs, Camille Benyamina
210    $a Charnay-lès-Mâcon $c Bamboo édition $d DL 2021
214  0 $a Charnay-lès-Mâcon $c Bamboo édition $d DL 2021
214  3 $a impr. en Belgique
215    $a 1 vol. (80 p.) $c ill. en coul. $d 30 cm
225    $a Grand angle
330    $a Aimée rêve d'avoir un enfant mais peine à tomber enceinte. Dans la crèche où elle travaille, elle fait la connaissance de Charlie, une mère célibataire, et de son fils Julio auquel elle s'attache rapidement. Les jeunes femmes se lient d'amitié mais, lorsque Charlie remarque le comportement inapproprié d'Aimée envers Julio, elle le vit comme une trahison. Leur relation est alors mise à mal. ­Electre 2021
339    $a m
410  0 $0 38858904 $t Grand angle (Charnay-lès-Mâcon) $x 1635-5482 $d 2021
686    $a 805 $2 Cadre de classement de la Bibliographie nationale française
700    $3 16206007 $9 306857 $o ISNI0000000080226368 $a Morizur $b Gwénola $f 1981-.... $4 070
702    $3 16741121 $9 121186 $o ISNI0000000427705131 $a Benyamina $b Camille $4 440
801  0 $a FR $b FR-751131015 $c 20210610 $g AFNOR $h FRBNF468114940000003 $2 intermrc
999    $a FRBNF468114940000003
995    $0 0 $2 0 $4 0 $5 2021-06-29 $9 428861 $b MED $c MED $e MED0C $f C2300011727 $h AAPBDZZ $k BD/MOR $o 0 $p 16.90 $r PRETLIV $s BD_MOR $w 20 $y 2023-09-21

