02147njm0a2200385   4500
001 338313
003 http://www.mediathequederoubaix.fr/ark:/20179/KH338313
071 01 $a AD5498C $b Blue Fanal
073  0 $a 3521383454985
090    $a 338313
091    $a 1 $b 20240517 $c 0
099    $t DC $x 9 $d 2024-05-17 $c 2021-06-25
100    $a 20210614d2020    u  y0frey5003    ba
101 0  $a cpf
127    $a 005100
200 1  $a Mersi $b [enr. sonore] $f Christine Salem, chant
210    $a [S.l.] $c Blue Fanal $d 2020
215    $a 1 CD(51 min) $e 1 livret
300    $a Textes des chansons
327 1  $a Anou $a Gerye $a Izae $a Tyinbo $a Yala $a Lasa $a Je dis non $a Dolo $a Why war $a Mangavo $a Mama Africa $a Laye laye $a Mersi
330    $a Aux percussions de son île, l'icône réunionnaise du maloya-blues emmêle les mélopées d'un violon virtuose. Sur ses pistes voyageuses aux couleurs blues, maloya et rock, elle rend grâce à ses ancêtres et chante la paix. Sans compromis mais fort d'une sensibilité à fleur de peau, dans la puissance et la douceur, Mersi est Christine Salem.
334    $a Soul Bag No.241 p.77 du 04/03/2021 $b 3/5
334    $a Sélection FIP de Février 2021 $b 20/20
345    $a GAM $b 3521383454985 $c disque compact $d 14,78 E
610    $a Iles de l'océan Indien - Comores, Madagascar, Maurice, La Réunion, Seychelles : Nouvelles musiques du monde
679    $a 011.2
700  1 $a Salem $b Christine $f 1971-.... $4 721
801  0 $a FR $b GAM $c 20210614 $g AFNOR
856 4  $u https://www.gamannecy.com/upload/albums/202101/3521383454985_thumb.jpg
856 4  $u https://www.gamannecy.com/polysson/202101/01-3521383454985.mp3 $z Anou
856 4  $u https://www.gamannecy.com/polysson/202101/02-3521383454985.mp3 $z Gerye
856 4  $u https://www.gamannecy.com/polysson/202101/03-3521383454985.mp3 $z Izae
856 4  $u https://www.gamannecy.com/polysson/202101/04-3521383454985.mp3 $z Tyinbo
856 4  $u https://www.gamannecy.com/polysson/202101/05-3521383454985.mp3 $z Yala
995    $0 0 $2 0 $4 0 $5 2021-07-21 $9 430039 $b MED $c MED $e MED1A $f C3100009646 $h AMV90ZZ $k DC/011.2 SAL $l contient 1 DC + 1 livret $o 0 $p 14.77 $r PRETSON $s DC_011_200000000000000_SAL $w 9 $y 2024-02-01

