02340cam a2200469   4500
001 338413
003 http://www.mediathequederoubaix.fr/ark:/20179/KH338413
010    $a 978-2-8077-0102-1 $b br. $d 6 EUR
020    $a FR $b 02160969
033    $a http://catalogue.bnf.fr/ark:/12148/cb46767944j
035    $a FRBNF467679440000001
073  0 $a 9782807701021
090    $a 338413
091    $a 2 $b 20240519 $c 1
099    $t LI $x 13 $d 2024-05-19 $c 2021-06-29
100    $a 20210427d2021    a  y0frey50      ba
101 0  $a fre
102    $a BE
105    $a ||||z   00|a|
106    $a r
181  0 $6 01 $a i  $b xxxe   $a b  $b xb2e  
181    $6 02 $c txt $c sti $2 rdacontent
182  0 $6 01 $a n
182    $6 02 $c n $2 rdamedia
200 1  $a L'extraordinaire aventure de la classe de Mlle Petsec $b Texte imprimé $f Christine Naumann-Villemin $g [illustrations], Grégoire Mabire
210    $a Namur $c Mijade $d DL 2021
214  0 $a Namur $c Mijade $d DL 2021
214  3 $a impr. en Belgique
215    $a 1 vol. (39 p.) $c ill. en coul. $d 21 cm
225    $a Passerelle
300    $a Diffusé en France
330    $a Aujourd'hui, Mlle Petsec demande à ses élèves de présenter un objet à la classe. Les enfants se réjouissent jusqu'au moment où une énorme araignée surgit sur le pied de l'institutrice. En faisant un bond en arrière, celle-ci renverse une pile de dictionnaires, ce qui entraîne tout le monde dans une folle aventure. ­Electre 2021
339    $a a
410  0 $0 46571476 $t Collection Passerelle (Namur) $d 2021
686    $a 809 $2 Cadre de classement de la Bibliographie nationale française
700    $3 14411727 $9 1373 $o ISNI0000000121239342 $a Naumann-Villemin $b Christine $f 1964-.... $4 070
702    $3 14401496 $9 68696 $o ISNI0000000041961140 $a Mabire $b Grégoire $f 1975-.... $4 440
801  0 $a FR $b FR-751131015 $c 20210427 $g AFNOR $h FRBNF467679440000001 $2 intermrc
999    $a FRBNF467679440000001
995    $0 0 $2 0 $4 0 $5 2021-06-30 $9 429058 $b MED $c MED $e MED2A $f C2500023647 $h JRORMZZ $k PRE R/NAU $o 0 $p 6.00 $r PRETLIV $s PRE_R_NAU $w 4 $y 2024-04-17
995    $0 0 $2 0 $4 0 $5 2021-07-20 $9 430003 $P 6.00 $b MED $c MED $e MED0A $f C3500013747 $h JRORMZZ $k EXT PRE R/NAU $n 2024-06-30 $o 0 $r PRETLIV $s EXT_PRE_R_NAU $w 2 $y 2022-08-26
995    $0 0 $2 0 $4 0 $5 2022-03-08 $9 440784 $P 6.00 $b BUS $c BUS $e BUS1A $f C3500015240 $h JRORMZZ $k BUS E PRE/MIJ $o 0 $r PRETLIV $s BUS_E_PRE_MIJ $w 7 $y 2023-11-10

