01458cam a2200397   4500
001 338513
003 http://www.mediathequederoubaix.fr/ark:/20179/KH338513
010    $a 978-2-8203-4097-9 $b br. $d 6,99 EUR
020    $a FR $b 02164130
033    $a http://catalogue.bnf.fr/ark:/12148/cb46809447m
035    $a FRBNF468094470000006
073  0 $a 9782820340979
090    $a 338513
091    $a 0 $b 20220302 $c 1
099    $t LI $x 31 $d 2024-05-12 $c 2021-06-30
100    $a 20210607d2021    m  y0frey50      ba
101 1  $a fre $c jpn
102    $a FR
105    $a ||||t   00|a|
106    $a r
200 1  $a Mashle $b Texte imprimé $f Hajime Komoto $h 3 $i Mash Burnedead et le sorcier masqué
210    $a Paris $c Kazé $d DL 2021
214  0 $a Paris $c Kazé $d DL 2021
214  3 $a impr. en Italie
215    $a 1 vol. (188 p.) $c ill. $d 18 cm
225 19 $a Mashle $v 3
225    $a Shōnen
300    $a Trad. du japonais
333    $a À partir de 11 ans
339    $a a
410  0 $0 40044331 $t Collection Shônen (Paris) $x 1776-6095 $d 2021
608    $a Bandes dessinées $2 CNLJ
686    $2 Cadre de classement de la Bibliographie nationale française
700    $3 17955326 $7 ba0yba0f $8 frejpn $a Komoto $b Hajime $4 070 $9 330645
801  0 $a FR $b FR-751131015 $c 20210607 $g AFNOR $h FRBNF468094470000006 $2 intermrc
995    $0 0 $2 0 $4 0 $5 2021-07-02 $9 429249 $b MED $c MED $e MED2A $f C2500023685 $h JBDMGZZ $k E BD/MANGAS $n 2024-06-23 $o 0 $p 6.99 $r PRETLIV $s E_BD_MANGAS $w 31 $y 2024-05-12 $7  $8  $A  $m  $z 

