03424cam1a2200601 i 4500
001 338616
003 http://www.mediathequederoubaix.fr/ark:/20179/KH338616
005 20240504070558.0
010    $a 978-2-940427-25-3 $b br. $d 23 EUR
073  0 $a 9782940427253
090    $a 338616
100    $a 20160120d2016    k  |0frey5003||||ba
101 1  $a fre $c eng
102    $a CH
105    $a         0||y|
106    $a r
181  0 $6 01 $a i  $b xxxe  
181    $6 02 $c txt $2 rdacontent
182  0 $6 01 $a n
182    $6 02 $c n $2 rdamedia
183    $6 01 $a nga
183    $6 02 $a nc $2 rdacarrier
200 1  $a Les horreurs du Sud $b Texte imprimé $e trois pamphlets $f Ida B. Wells-Barnett $g traduit de l'anglais par Alexandre Fachard $g préfaces Nicole Bacharan, Frederick Douglass
210    $a Genève (Suisse) $c Markus Haller $d 2016
211    $a 20160422
214  0 $a Genève (Suisse) $c Markus Haller $d 2016
215    $a 1 vol. (230 p.) $c illustrations en couleur $d 23 x 14 cm
225 2  $a Modus vivendi
300    $a Index
327 1  $a Les horreurs du Sud : la loi de Lynch dans toutes ses phases ;  $a Un rapport sanglant : statistiques et causes prétendues de lynchages dans les Etats-Unis d'Amérique, 1892-1894 : respectueusement soumis à la civilisation peuplant la terre de la liberté et la patrie des courageux au XIXe siècle ;  $a La loi de la foule à la Nouvelle-Orléans : Robert Charles et son combat à mort
330    $a La journaliste afro-américaine, activiste pour l'émancipation légale et sociale des Noirs à la fin du XIXe siècle, écrivit des pamphlets qui dénoncent l'injustice des exécutions, la cruauté des lynchages et la complicité des autorités, tout en analysant leurs motifs et leurs justifications. Elle décrypte la logique du racisme, qui assimile les Noirs à des animaux. ­Electre 2021
333    $a Public motivé
345    $b 9782940427253
410  0 $6 60260 $7 4521370000 $t Modus vivendi
464  0 $t Les horreurs du Sud $o la loi de Lynch dans toutes ses phases
464  0 $t Un rapport sanglant $o statistiques et causes prétendues de lynchages dans les Etats-Unis d'Amérique, 1892-1894 $o respectueusement soumis à la civilisation peuplant la terre de la liberté et la patrie des courageux au XIXe siècle
464  0 $t La loi de la foule à la Nouvelle-Orléans $o Robert Charles et son combat à mort
606    $3 12652423 $9 330492 $7 ba0yba0y $8 fre    $a Lynchage $3 11931371 $9 1344 $y Etats-Unis $3 11976062 $9 586 $z 1870-1914 $2 rameau $9 330492
606    $3 11980725 $9 27140 $7 ba0yba0y $8 fre    $a Noirs américains $x Conditions sociales $3 11976062 $9 586 $z 1870-1914 $2 rameau $9 27140
606    $3 13319756 $9 33158 $a Minorités $x Crimes contre $3 11931371 $9 1344 $y Etats-Unis $3 11976062 $9 586 $z 1870-1914 $2 rameau
676    $a 320.56 $v 23
686    $a T420904 $2 electre
686    $a GDOC005 $2 electre
686    $a PS0100 $2 electre
700  1 $3 15020587 $9 330493 $6 11095871 $a Wells-Barnett $b Ida B. $f 1862-1931 $4 070
702  1 $6 11356706 $a Fachard $b Alexandre $4 730
702    $3 12296411 $6 1175228 $7 ba0yba0y $8 fre    $a Bacharan $b Nicole $4 080 $9 27141
801  3 $a FR $b Electre $c 20191023 $g AFNOR
830    $a ELECTREMA/HSR/ASD/CdeSuggestionsJuin 20210703
099    $t LI $d 2024-05-04 $c 2021-07-03
339    $a m
091    $a 2 $b 20240504 $c 0
995    $0 0 $2 0 $4 0 $5 2021-08-13 $9 431161 $b MED $c MED $e MED3A $f C2400003544 $h ACFSSZZ $k Doc./305.8 WEL $o 0 $r PRETLIV $s DOC___305_800000000000000_WEL $w 0 $y 2021-08-13

