01909cam a2200445   4500
001 338831
003 http://www.mediathequederoubaix.fr/ark:/20179/KH338831
010    $a 978-2-01-704364-5 $b br. $d 5,90 EUR
020    $a FR $b 01850993
033    $a http://catalogue.bnf.fr/ark:/12148/cb45511197z
035    $a FRBNF455111970000009
073  0 $a 9782017043645
090    $a 338831
091    $a 2 $b 20240510 $c 1
099    $t LI $x 16 $d 2024-05-18 $c 2021-07-10
100    $a 20180528d2018    a  y0frey50      ba
101 1  $a fre $c eng
102    $a FR
105    $a ||||z   00|a|
106    $a r
181  0 $6 01 $a i  $b xxxe   $a b  $b xb2e  
181    $6 02 $c txt $c sti $2 rdacontent
182  0 $6 01 $a n
182    $6 02 $c n $2 rdamedia
200 1  $a Isadora Moon fait des bêtises $b Texte imprimé $f Harriet Muncaster $g traduit de l'anglais (Royaume-Uni) par Charlotte Faraday
210    $a Vanves $c le Livre de poche jeunesse $d DL 2018
214  0 $a Vanves $c le Livre de poche jeunesse $d DL 2018
214  3 $a impr. en Espagne
215    $a 1 vol. (117 p.) $c ill. $d 18 cm
225 19 $a Isadora Moon
330    $a Isadora est impatiente de pouvoir amener son animal de compagnie à l'école. Elle souhaite présenter son lapin à ses camarades. Mais sa cousine Mirabelle pense plutôt à faire venir un dragon. ­Electre 2021
339    $a a
454  1 $t Isadora Moon gets in trouble
461  0 $0 45323576 $t Isadora Moon
686    $a 809 $2 Cadre de classement de la Bibliographie nationale française
700    $3 17137138 $9 278400 $o ISNI0000000377922372 $a Muncaster $b Harriet $4 070
702    $3 16697473 $9 267315 $o ISNI0000000416453776 $a Faraday $b Charlotte $4 730
801  0 $a FR $b FR-751131015 $c 20180528 $g AFNOR $h FRBNF455111970000009 $2 intermrc
999    $a FRBNF455111970000009
995    $0 0 $2 0 $4 0 $5 2021-07-13 $9 429754 $b MED $c MED $e MED2A $f C2500023747 $h JROROZZ $k E R/MUN $n 2024-06-29 $o 0 $p 5.90 $r PRETLIV $s E_R_MUN $w 16 $y 2024-05-18

