02297cam2a2200529 i 4500
001 338969
003 http://www.mediathequederoubaix.fr/ark:/20179/KH338969
005 20240513041150.0
010    $a 978-2-203-10739-7 $b br. $d 4,95 EUR
073  0 $a 9782203107397
090    $a 338969
100    $a 20160113d2016    b  |0frey5003||||ba
101 0  $a fre
102    $a BE
105    $a         0||y|
106    $a r
181  0 $6 01 $a i  $b xxxe   $a b  $b xb2e  
181    $6 02 $c txt $c sti $2 rdacontent
182  0 $6 01 $a n
182    $6 02 $c n $2 rdamedia
183    $6 01 $a nga
183    $6 02 $a nc $2 rdacarrier
200 1  $a Martine et le cadeau d'anniversaire $b Texte imprimé $f d'après les albums de Gilbert Delahaye et Marcel Marlier
205    $a Nouvelle présentation
210    $a Bruxelles $c Casterman $d 2016
211    $a 20160302
214  0 $a Bruxelles $c Casterman $d 2016
215    $a 1 vol. (37 p.) $c illustrations en couleur $d 19 x 15 cm
225 1  $a Je commence à lire avec Martine $v 13
225 2  $a Martine
330    $a Martine accompagne sa maman dans une boutique d'antiquités. Elle aimerait recevoir une des poupées en porcelaine pour son anniversaire. Mais elles ont toutes été vendues à un collectionneur. Une histoire revue et simplifiée, avec une attention particulière portée à la forme (types d'alphabet, écriture...), fondée sur l'apprentissage de la lecture chez les 5-6 ans. ­Electre 2021
333    $a A partir de 5 ans
345    $b 9782203107397
410  0 $6 44971 $7 4343180000 $t Martine
461  0 $6 77642 $t Je commence à lire avec Martine $v 13
686    $a J000100 $2 electre
686    $a GJEU002 $2 electre
686    $a PJ0203 $2 electre
701    $3 11899181 $6 1212715 $7 ba0yba0y $8 fre    $a Delahaye $b Gilbert $f 1923-1997 $4 100 $9 107315
701    $3 11914643 $6 1276455 $7 ba0yba0y $8 fre    $a Marlier $b Marcel $f 1930-2011 $4 100 $9 107316
801  3 $a FR $b Electre $c 20210312 $g AFNOR
830    $a ELECTRERoman Tif 15072021 20210715
856 4  $u https://www.electre.com/GetBlob.ashx?Ean=9782203107397,0-3174576&Size=Original
099    $t LI $x 32 $d 2024-05-13 $c 2021-07-15
339    $a a
091    $a 2 $b 20240513 $c 0
995    $0 0 $2 0 $4 0 $5 2021-07-21 $9 430022 $P 4.95 $b MED $c MED $e MED2A $f C2500023878 $h JRORMZZ $k PRE R/MAR $o 0 $p 4.95 $r PRETLIV $s PRE_R_MAR $w 32 $y 2024-05-07

