02912njm0a2200445   4500
001 339074
003 http://www.mediathequederoubaix.fr/ark:/20179/KH339074
071 01 $a LB0097CD $b Luaka Bop
073  0 $a 0680899009720
090    $a 339074
091    $a 1 $b 20240510 $c 0
099    $t DC $x 12 $d 2024-05-10 $c 2021-07-21
100    $a 20210702d2021    u  y0frey5003    ba
101 0  $a zxx
127    $a 004700
200 1  $a Promises $b [enr. sonore] $f Floating Points, arr. $f Pharoah Sanders, saxo. ténor $g London Symphony Orchestra, ens. instr.
210    $a New York $c Luaka Bop $d 2021
215    $a 1 CD(47 min)
327 1  $a [Titre 1] $a [Titre 2] $a [Titre 3] $a [Titre 4] $a [Titre 5] $a [Titre 6] $a [Titre 7] $a [Titre 8] $a [Titre 9]
330    $a Promises est un album collaboratif entre l'artiste britannique Floating Points et le titan du saxophone Pharoah Sanders. Il met également en vedette The London Symphony Orchestra. La couverture de l'album est réalisée par l'artiste plasticienne américaine Julie Mehretu. Cinq ans après sa création, Promises sortira sur Luaka Bop, le label du new-yorkais David Byrne (leader du groupe Talking Heads). Il a été composé par Sam Shepherd alias Floating Points. Son disque Elaenia, sorti chez Luaka Bop, a été salué comme l'un des meilleurs projets électroniques de la décennie et a par ailleurs donné envie à Pharoah Sanders de travailler avec lui. Producteur en constante évolution, Shepherd est également titulaire d'un doctorat en neurosciences. Pour Pharoah Sanders, qui a eu 80 ans, il s'agit d'une sortie rare et de son premier album en quinze ans.
334    $a Télérama No.3718 p.46 du 16/04/2021 $b 4/4
334    $a RollingStone No.131 p.87 du 26/03/2021
334    $a Inrockuptibles No.1320 p.63 du 17/03/2021
334    $a Jazz Magazine No.737 p.56 du 04/05/2021 $b 1/1
334    $a Soul Bag No.243 p.85 du 22/06/2021 $b 5/5
334    $a Tsugi No.139 p.72 du 12/04/2021
345    $a GAM $b 0680899009720 $c disque compact $d 15,72 E
610    $a Free Jazz et filiations
679    $a 1
700  1 $a Floating Points $4 230
701  1 $a Sanders $b Pharoah $f 1940-.... $4 545
712 02 $a London Symphony Orchestra $4 545
801  0 $a FR $b GAM $c 20210702 $g AFNOR
856 4  $u https://www.gamannecy.com/upload/albums/202102/0680899009720_thumb.jpg
856 4  $u https://www.gamannecy.com/polysson/202103/01-0680899009720.mp3 $z [Titre 1]
856 4  $u https://www.gamannecy.com/polysson/202103/02-0680899009720.mp3 $z [Titre 2]
856 4  $u https://www.gamannecy.com/polysson/202103/03-0680899009720.mp3 $z [Titre 3]
856 4  $u https://www.gamannecy.com/polysson/202103/04-0680899009720.mp3 $z [Titre 4]
856 4  $u https://www.gamannecy.com/polysson/202103/05-0680899009720.mp3 $z [Titre 5]
995    $0 0 $2 0 $4 0 $5 2021-08-04 $9 430754 $b MED $c MED $e MED1A $f C3100009692 $h AMV13ZZ $k DC/1 FLO $n 2024-06-09 $o 0 $p 15.72 $r PRETSON $s DC_1_000000000000000_FLO $w 13 $y 2024-05-19

