01994nam a2200421   4500
001 339178
003 http://www.mediathequederoubaix.fr/ark:/20179/KH339178
010    $a 2-02-023930-2 $b br. $d 29 F
020    $a FR $b 09524636
033    $a http://catalogue.bnf.fr/ark:/12148/cb35766249v
035    $a FRBNF357662490000002
039    $o OPL $a 020040340
090    $a 339178
091    $a 2 $b 20240517 $c 1
099    $t LI $x 9 $d 2024-05-17 $c 2021-07-22
100    $a 19950725d1995    m  y0frey50      ba
101 1  $a fre $c spa
102    $a FR
105    $a ||||z   00|a|
106    $a r
181  0 $6 01 $a i  $b xxxe  
181    $6 02 $c txt $2 rdacontent
182  0 $6 01 $a n
182    $6 02 $c n $2 rdamedia
200 1  $a Le vieux qui lisait des romans d'amour $b Texte imprimé $e roman $f Luis Sepúlveda $g trad. de l'espagnol (Chili) par François Maspero
210    $a Paris $c Points $d 1995
215    $a 120 p. $c couv. ill. en coul. $d 18 cm
225    $a Points $v 70
330    $a Au bord de l'Amazone, le vieux, ami des Indiens Shuars, a appris à vivre et à chasser dans la forêt vierge en respectant les créatures qui la peuplent. Mais il a également découvert sur le tard l'antidote au venin de la vieillesse : sa passion pour les romans d'amour, ceux qui font souffrir. Au travers d'un conte, c'est un hymne à une population dont la survie est menacée. ­Electre 2021
339    $a m
410  0 $0 34234518 $t Points (Paris) $x 0768-0481 $v 70
454  1 $t Un viejo que leía novelas de amor
686    $a 823 $2 Cadre de classement de la Bibliographie nationale française
700    $3 12187184 $9 92 $o ISNI0000000122783761 $a Sepúlveda $b Luis $f 1949-2020 $4 070
702    $3 11914962 $9 93 $o ISNI0000000121426164 $a Maspero $b François $f 1932-2015 $4 730
801  0 $a FR $b FR-751131015 $c 19950725 $g AFNOR $h FRBNF357662490000002 $2 intermrc
999    $a FRBNF357662490000002
995    $0 0 $2 0 $4 0 $5 2021-07-27 $9 430400 $b MED $c MED $e MED1A $f C1400010776 $h ALTROZZ $k R/SEP $n 2024-06-01 $o 0 $p 5.90 $r PRETLIV $s R_SEP $w 9 $y 2024-04-20

