01802cam a2200397   4500
001 339289
003 http://www.mediathequederoubaix.fr/ark:/20179/KH339289
010    $a 978-2-234-08749-1 $b br. $d 19,50 EUR
020    $a FR $b 02148268
033    $a http://catalogue.bnf.fr/ark:/12148/cb46805045v
035    $a FRBNF468050450000001
073  0 $a 9782234087491
090    $a 339289
091    $a 2 $b 20240504 $c 1
099    $t LI $x 21 $d 2024-05-04 $c 2021-07-27
100    $a 20210602d2021    m  y0frey50      ba
101 0  $a fre
102    $a FR
105    $a ||||z   00|a|
106    $a r
181  0 $6 01 $a i  $b xxxe  
181    $6 02 $c txt $2 rdacontent
182  0 $6 01 $a n
182    $6 02 $c n $2 rdamedia
200 1  $a Le jour où ma mère m'a tout raconté $b Texte imprimé $e roman $f Philippa Motte
210    $a Paris $c Stock $d 2021
214  0 $a Paris $c Stock $d DL 2021
214  3 $a 72-La Flèche $c Impr. CPI Brodard & Taupin
215    $a 1 vol. (240 p.) $d 22 cm
330    $a A Montfavet, la vie de Lili bascule lorsque son mari la fait interner dans un hôpital psychiatrique. Elle n'a pas son mot à dire mais doit obéir à cet homme adulé et admiré de tous. Dans l'établissement, elle rencontre cependant des personnes attachantes et étonnantes dont Antonin et le Mage. Dans son journal intime, Lili consigne ses secrets et ses douleurs. Premier roman. ­Electre 2021
339    $a m
686    $a 803 $2 Cadre de classement de la Bibliographie nationale française
700    $3 17964356 $9 333619 $a Motte $b Philippa $4 070
801  0 $a FR $b FR-751131015 $c 20210602 $g AFNOR $h FRBNF468050450000001 $2 intermrc
999    $a FRBNF468050450000001
995    $0 0 $2 0 $4 0 $5 2021-07-27 $9 430351 $b MED $c MED $e MED1A $f C1400011081 $h ALTROZZ $k R/MOT $n 2024-06-05 $o 0 $p 19.50 $r PRETLIV $s R_MOT $u surprise $w 21 $y 2024-04-24 $7  $8  $A 0 $m  $z 

