01879cam1a22005171i 4500
001 339401
003 http://www.mediathequederoubaix.fr/ark:/20179/KH339401
005 20240510051614.0
010    $a 2-86943-075-2 $b br. $d 8,10 EUR
035    $a ELC811679 $z 9084000996
073  0 $a 9782869430754
090    $a 339401
100    $a 19940101d1990    |  |0frey5003||||ba
101 0  $a fre
102    $a FR
105    $a         0||b|
106    $a r
181  0 $6 01 $a i  $b xxxe  
181    $6 02 $c txt $2 rdacontent
182  0 $6 01 $a n
182    $6 02 $c n $2 rdamedia
183    $6 01 $a nga
183    $6 02 $a nc $2 rdacarrier
200 1  $a L'Homme prudent $b Texte imprimé $f Carlo Goldoni $g adaptation Gérard Savoisien
210    $a Arles (Bouches-du-Rhône) $c Actes Sud $d 1990
211    $a 19900101
214  0 $a Arles (Bouches-du-Rhône) $c Actes Sud $d 1990
215    $a 1 vol. (72 p.) $d 21 x 15 cm
222    $a 
225 2  $a Théâtre $x 0298-0592
330    $a Une création, le 12 novembre 1986 au Théâtre Firmin Gémier à Antony. ­Electre 2021
345    $b 9782869430754
410  0 $0 34230358 $6 15621 $7 0215020000 $t Théâtre $x 0298-0592
676    $a 852 $v 23 $a  $2 rameau
686    $a T320802 $2 electre
700    $3 11905320 $6 1237599 $7 ba0yba0y $8 fre    $a Goldoni $b Carlo $f 1707-1793 $4 070 $9 16969
701    $3 14135363 $6 1315675 $7 ba0yba0y $8 fre    $a Savoisien $b Gérard $f 1958-.... $4 010 $9 119584
801  3 $a FR $b Electre $c 20200204 $g AFNOR
830    $a ELECTREA/CI/2021 Notices Théâtre Lucie 20210729
903    $a Littérature moderne et contemporaine - Pièces de théâtre - Pièces de théâtre $b T320802
947    $c 7.37 $a 8.10
969    $h  1 $a 1 $d  900
099    $t LI $d 2024-05-10 $c 2021-07-29
339    $a m
091    $a 2 $b 20240510 $c 0
995    $0 0 $2 0 $4 0 $5 2021-07-29 $9 430617 $b MED $c MED $e MED1A $f C1400010886 $h AMVTHTX $k T/GOL $o 0 $r PRETLIV $s T_GOL $w 0 $y 2021-07-29 $A 1

