02905cam a2200565   4500
001 339506
003 http://www.mediathequederoubaix.fr/ark:/20179/KH339506
010    $a 978-2-408-01815-3 $b rel. $d 11,90 EUR
020    $a FR $b 02128153
033    $a http://catalogue.bnf.fr/ark:/12148/cb467821169
035    $a FRBNF467821160000008
039    $o OPP $a 46761125 $d 20210604
073  0 $a 9782408018153
090    $a 339506
091    $a 2 $b 20240513 $c 1
099    $t LI $x 15 $d 2024-05-13 $c 2021-08-10
100    $a 20210511d2021    a  y0frey50      ba
101 0  $a fre
102    $a FR
105    $a ||||z   00|y|
106    $a r
181  0 $6 01 $a i  $b xxxe   $a b  $b xb2e  
181    $6 02 $c txt $c sti $2 rdacontent
182  0 $6 01 $a n
182    $6 02 $c n $2 rdamedia
200 1  $a Brico écolos $b Texte imprimé $e un livre utile pour recycler malin $f texte de Myriam Dandine et Nicolas Martelle $g illlustrations de Thérèse Bonté
210    $a Toulouse $c Milan $d DL 2021
214  0 $a Toulouse $c Milan $d DL 2021
214  3 $a impr. en Roumanie
215    $a 1 vol. (109 p.) $c ill. en coul. $d 26 cm
225    $a Copain $i Activités
300    $a Index
330    $a 37 activités de bricolage avec des matériaux de récupération afin de donner une seconde vie aux objets devenus inutiles, dans un souci d'écologie et d'économie : guirlande, photophore, baby-foot, tawashi, vase, cadre, entre autres. ­Electre 2021
339    $a a
410  0 $0 45388246 $t Copain. Activités $x 2557-8731 $d 2021
410  0 $0 42670392 $t Copain (Toulouse) $x 2259-9959 $d 2021
606    $3 11939197 $9 5142 $a Objets usuels $3 11976259 $9 18548 $x Recyclage $2 rameau
606    $3 11935477 $9 17578 $a Activités créatrices et manuelles $2 rameau
608    $3 12042408 $9 314947 $a Ouvrages pour la jeunesse $2 rameau
608    $a Documentaires : activités, loisirs et divers $2 CNLJ $k Avis critique donné par le Centre national de la littérature pour la jeunesse
676    $a 745.584 083 $v 23
686    $a 740 $2 Cadre de classement de la Bibliographie nationale française
700    $3 16760365 $9 266000 $o ISNI0000000434297746 $a Dandine $b Myriam $4 070
701    $3 16537743 $9 266001 $o ISNI0000000356327590 $a Martelle $b Nicolas $4 070
702    $3 13208581 $9 84963 $o ISNI0000000121403309 $a Bonté $b Thérèse $f 1970-.... $4 440
801  0 $a FR $b FR-751131015 $c 20210511 $g AFNOR $h FRBNF467821160000008 $2 intermrc
999    $a FRBNF467821160000008
995    $0 0 $2 0 $4 0 $5 2021-08-13 $9 431131 $P 11.90 $b MED $c MED $e MED2A $f C2500024115 $h JDT70ZZ $k E/707 NAT $o 0 $p 11.90 $r PRETLIV $s E_707_000000000000000_NAT $w 10 $y 2024-05-11 $A 0
995    $0 0 $2 0 $4 0 $5 2021-09-01 $9 431518 $P 11.90 $b MED $c MED $e MED0A $f C3500013790 $h JDT50ZZ $k EXT E/577 REC $n 2024-07-12 $o 0 $r PRETLIV $s EXT_E_577_000000000000000_REC $w 4 $y 2023-09-02 $A 0
995    $0 0 $2 0 $4 0 $5 2022-03-17 $9 441260 $P 11.90 $b BUS $c BUS $e BUS1A $f C3500015378 $h JDT50ZZ $k BUS E/577 REC $o 0 $r PRETLIV $s BUS_E_577_000000000000000_REC $w 1 $y 2022-11-19 $A 0

