02559cam a2200493   4500
001 339610
003 http://www.mediathequederoubaix.fr/ark:/20179/KH339610
010    $a 978-2-7089-2857-2 $b br. $d 9,80 EUR
020    $a FR $b 02140042
033    $a http://catalogue.bnf.fr/ark:/12148/cb46788807q
035    $a FRBNF467888070000004
073  0 $a 9782708928572
090    $a 339610
091    $a 2 $b 20240510 $c 1
099    $t LI $x 3 $d 2024-05-10 $c 2021-08-21
100    $a 20210518d2021    k  y0frey50      ba
101 0  $a fre
102    $a FR
105    $a ||||||||10|y|
106    $a r
181  0 $6 01 $a i  $b xxxe  
181    $6 02 $c txt $2 rdacontent
182  0 $6 01 $a n
182    $6 02 $c n $2 rdamedia
200 1  $a Laïcité, l'avenir ensemble $b Texte imprimé $f Fatiha Agag-Boudjahlat, Frédérique de La Morena, Georges Bringuier
210    $a Toulouse $c Privat $d DL 2021
214  0 $a Toulouse $c Privat $d DL 2021
214  3 $a 27-Mesnil-sur-l'Estrée $c Impr. CPI Firmin-Didot
215    $a 1 vol. (114 p.) $d 18 cm
300    $a Texte issu des Rencontres de la laïcité organisées par le Conseil départemental de la Haute-Garonne en partenariat avec la librarie Ombres blanches de Toulouse en décembre 2020
330    $a Les contributeurs débattent sur la laïcité, principe spécifiquement français, en abordant notamment la question des intégrismes religieux dans la société contemporaine et leurs conséquences au niveau scolaire, juridique et politique. Ils répondent aussi aux questions du public sur la violence et l'extrémisme au quotidien. ­Electre 2021
339    $a m
512 1  $a Les Rencontres de la laïcité $e laïcité et l'avenir ensemble
606    $3 11934400 $9 11444 $a Laïcité $3 11931476 $9 109 $y France $3 12432924 $9 2858 $z 1990-2020 $2 rameau
608    $3 12061148 $9 2096 $a Actes de congrès $2 rameau
676    $a 322.109 4409051 $v 23
686    $a 320 $2 Cadre de classement de la Bibliographie nationale française
700    $3 17726478 $9 306891 $o ISNI0000000464747832 $a Agag-Boudjahlat $b Fatiha $4 070
701    $3 14640802 $9 330834 $o ISNI0000000001990051 $a La Morena $b Frédérique de $4 070
701    $3 12167483 $9 330835 $o ISNI0000000000275355 $a Bringuier $b Georges $f 1952-.... $4 070
711    $3 17959287 $9 330836 $a Rencontres de la laïcité $f 2020 $e Toulouse $4 070
801  0 $a FR $b FR-751131015 $c 20210518 $g AFNOR $h FRBNF467888070000004 $2 intermrc
999    $a FRBNF467888070000004
995    $0 0 $2 0 $4 0 $5 2021-09-17 $9 432325 $b MED $c MED $e MED3A $f C2400003563 $h ACFSSZZ $k Doc./322.1 AGA $o 0 $r PRETLIV $s DOC___322_100000000000000_AGA $w 3 $y 2022-06-03

