02385cam1a2200589 i 4500
001 339720
003 http://www.mediathequederoubaix.fr/ark:/20179/KH339720
005 20240510052354.0
010    $a 978-2-84466-549-2 $b br. $d 10 EUR
033    $a http://catalogue.bnf.fr/ark:/12148/cb46820446h
073  0 $a 9782844665492
090    $a 339720
100    $a 20210310d2021    m  |0frey5003||||ba
101 0  $a fre
102    $a FR
105    $a         0||y|
106    $a r
181  0 $6 01 $a i  $b xxxe  
181    $6 02 $c txt $2 rdacontent
182  0 $6 01 $a n
182    $6 02 $c n $2 rdamedia
183    $6 01 $a nga
183    $6 02 $a nc $2 rdacarrier
200 1  $a Le petit guide pratique Chamina de la cani-randonnée $b Texte imprimé $f Roxanne Laval
210    $a Paris $c Chamina édition $d 2021
211    $a 20210601
214  0 $a Paris $c Chamina édition $d 2021
215    $a 1 vol. (95 p.) $c illustrations en couleur $d 17 x 12 cm
222    $a 
330    $a Un guide des bonnes pratiques pour randonner avec son chien. La réglementation applicable en France, le matériel, la préparation et les dangers sont expliqués. ­Electre 2021
333    $a Tout public
345    $b 9782844665492
606    $3 13162685 $7 ba0yba0y $8 fre    $a Randonnée pédestre $2 rameau $9 12795
606    $3 13622428 $9 330884 $a Animaux familiers et voyages $2 rameau
608  0 $3 11975688 $7 ba0yba0y $8 fre    $a Guides pratiques $2 rameau $9 1606
676    $a 796.51 $v 23 $a  $2 rameau
686    $a T340104 $2 electre
686    $a GGUI008 $2 electre
686    $a PG0100 $2 electre
700  1 $6 12201475 $a Laval $b Roxanne $4 070
801  3 $a FR $b Electre $c 20210629 $g AFNOR
830    $a ELECTREA/CI/2021 juillet Août Loisirs Vie Pratique 20210826
856 4  $u https://www.electre.com/GetBlob.ashx?Ean=9782844665492,0-7312022&Size=Original
902    $a Grand public - Tout public $b PG0100
903    $a Loisirs et temps libre (nature, plein air) - Activités de plein air - Balades et randonnées pédestres $b T340104
903    $a Guides (Tourisme, loisirs) - Guides thématiques $b GGUI008
947    $c 9.10 $a 10.00
969    $h  1 $a 1 $d  900
099    $t VD $x 3 $d 2024-05-10 $c 2021-08-26
339    $a m
091    $a 1 $b 20240510 $c 0
995    $0 0 $2 0 $4 0 $5 2021-09-01 $9 431581 $b MED $c MED $e MED1A $f C1400011243 $h AAPPLFF $k Doc./592 CHI $n 2024-05-31 $o 0 $p 10.00 $r PRETLIV $s DOC___592_000000000000000_CHI $w 3 $y 2024-04-19

