02375cim1a2200613 i 4500
001 339830
003 http://www.mediathequederoubaix.fr/ark:/20179/KH339830
005 20240513041246.0
010    $a 9791035406417 $d 21,90 EUR
073  0 $a 9791035406417
090    $a 339830
100    $a 20210423d2021    m  |0frey5003||||ba
101 0  $a fre
102    $a FR
105    $a         0||y|
106    $a r
181  0 $6 01 $a h  $b xxxa  
181    $6 02 $c spw $2 rdacontent
182  0 $6 01 $a a
182    $6 02 $c s $2 rdamedia
183    $6 01 $a sea
183    $6 02 $a sd $2 rdacarrier
200 1  $a Vivre avec nos morts $b Enregistrement sonore $e petit traité de consolation $f Delphine Horvilleur $g lu par l'autrice
210    $a Paris $c Audiolib $d 2021
211    $a 20210811
214  0 $a Paris $c Audiolib $d 2021
215    $a 1 disque compact audio (5 h 23 min)
307    $a Format MP3
330    $a Entre récit, réflexion et confession, l'auteure aborde la question du deuil et de la mort du point de vue du rabbin, dans l'accompagnement de cette douleur intime. ­Electre 2021
333    $a Tout public
345    $b 9791035406417
606    $3 13186016 $7 ba0yba0y $8 fre    $a Deuil $x Aspect religieux $3 13318429 $2 rameau $9 71609
676    $a 296.7 $v 23
686    $a T450804 $2 electre
686    $a GDOC005 $2 electre
686    $a GDOS001 $2 electre
686    $a PG0100 $2 electre
700    $3 16687120 $6 11363329 $7 ba0yba0y $8 fre    $a Horvilleur $b Delphine $f 1974-.... $4 070 $9 264816
702    $3 16687120 $6 11363329 $7 ba0yba0y $8 fre    $a Horvilleur $b Delphine $f 1974-.... $4 550 $9 264816
801  3 $a FR $b Electre $c 20210806 $g AFNOR
830    $a ELECTREX-MA/Lit/JL/2108/LA 20210901
856 4  $u https://www.electre.com/GetBlob.ashx?Ean=9791035406417,0-7430054&Size=Original
902    $a Grand public - Tout public $b PG0100
903    $a Religions et spiritualité - Judaïsme - Culte et vie religieuse $b T450804
903    $a Documents, essais - Essais $b GDOC005
903    $a Documents sonores - Livres lus $b GDOS001
921    $a 
939    $a surprise
947    $c 19.93 $a 21.90
969    $h  1 $a 1 $d  900
099    $t LS $x 15 $d 2024-05-13 $c 2021-09-01
339    $a m
091    $a 2 $b 20240513 $c 0
995    $0 0 $2 0 $4 0 $5 2021-09-01 $9 431521 $b MED $c MED $e MED1A $f C1400011281 $h ALTLSZZ $k LA 240/JUD $n 2024-06-08 $o 0 $p 21.90 $r PRETLS $s LA_240_000000000000000_JUD $w 15 $y 2024-04-27 $A 0

