01586cam a2200385   4500
001 339936
003 http://www.mediathequederoubaix.fr/ark:/20179/KH339936
010    $a 979-10-255-0200-6 $b br. $d 4,95 EUR
020    $a FR $b 02024051
033    $a http://catalogue.bnf.fr/ark:/12148/cb456730262
035    $a FRBNF456730260000005
073  0 $a 9791025502006
090    $a 339936
091    $a 2 $b 20240513 $c 1
099    $t LI $x 23 $d 2024-05-14 $c 2021-09-07
100    $a 20190218d2016    a  y0frey50      ba
101 0  $a fre
102    $a FR
105    $a ||||z   00|a|
106    $a r
181  0 $6 01 $a i  $b xxxe   $a b  $b xb2e  
181    $6 02 $c txt $c sti $2 rdacontent
182  0 $6 01 $a n
182    $6 02 $c n $2 rdamedia
200 1  $a Les héros maudits $b Texte imprimé $f Elsa Faure-Pompey
210    $a Rémilly $c Éditions la Plume de l'Argilète $d DL 2016
214  0 $a Rémilly $c Éditions la Plume de l'Argilète $d DL 2016
215    $a 1 vol. (non paginé [17] p.) $c ill. en coul. $d 21 cm
330    $a Une série de récits légendaires mettant en scène des héros sombres. Avec une police de caractères adaptée pour les lecteurs dyslexiques. ­Electre 2021
339    $a a
686    $a 809 $2 Cadre de classement de la Bibliographie nationale française
700    $3 16910898 $9 330941 $a Faure-Pompey $b Elsa $f 1985-.... $4 070
801  0 $a FR $b FR-751131015 $c 20190218 $g AFNOR $h FRBNF456730260000005 $2 intermrc
999    $a FRBNF456730260000005
995    $0 0 $2 0 $4 0 $5 2021-09-07 $9 431912 $P 4.95 $b MED $c MED $e MED2A $f C2500024344 $h JDTDYZZ $k E DYS $n 2024-06-04 $o 0 $p 4.95 $r PRETLIV $s E_DYS $w 23 $y 2024-05-14

