02723njm0a2200445   4500
001 340052
003 http://www.mediathequederoubaix.fr/ark:/20179/KH340052
071 01 $a 4797545 $b Deutsche Grammophon
073  0 $a 0028947975458
090    $a 340052
091    $a 1 $b 20240517 $c 0
099    $t DC $x 13 $d 2024-05-17 $c 2021-09-14
100    $a 20210903d2018    u  y0frey5003    ba
101 0  $a zxx
127    $a 011800
200 1  $a Baïka $b [enr. sonore] $f Nemanja Radulovic, vl. $f Aram Khachaturian, comp. $f Nikolaï Rimski-Korsakov, comp.... [et al.] $g Andreas Ottensamer, clar. $g Sascha Goetzel, dir. $g Laure Favre-Kahn, p.... [et al.]
210    $a Berlin $c Deutsche Grammophon $d 2018
215    $a 1 CD(78 min) $e 1 livret
327 1  $a Concerto for violin and orchestra $g Aram Khachaturian $a Scheherazade $g Aleksandar Sedlar $g Nikolaï Rimski-Korsakov $a Trio for clarinet, violin and piano $g Aram Khachaturian $a Savcho 3 $g Aleksandar Sedlar
330    $a Avec cet album Baïka ("conte" ou "conte de fée" en serbe), Nemanja Radulovic embarque sur un voyage musical à travers l'Orient. Il réunit le très virtuose concerto pour violon du compositeur arménien Aram Khatchatourian et le sublime poème symphonique Shéhérazade de Rimsky-Korsakov d'après les contes des Mille et une nuits, dans un nouvel arrangement pour violon, piano et orchestre de chambre du compositeur et arrangeur serbe Aleksandar Sedlar, plein de poésie et d'émotion.
334    $a Classica No.209 p.112 du 20/02/2019 $b 1/5
345    $a GAM $b 0028947975458 $c disque compact $d 7,34 E
610    $a Récital de violon
679    $a 3.41
700  1 $a Radulovic $b Nemanja $f 1985-.... $4 545
701  1 $a Khachaturian $b Aram $f 1903-1978 $4 230
701  1 $a Rimski-Korsakov $b Nikolaï $f 1844-1908 $4 230
701  1 $a Sedlar $b Aleksandar $4 230
702  1 $a Ottensamer $b Andreas $4 545
702  1 $a Goetzel $b Sascha $4 250
702  1 $a Favre-Kahn $b Laure $f 1976-.... $4 545
712 02 $a Borusan Istanbul Philharmonic Orchestra $4 545
712 02 $a Double Sens $4 545
801  0 $a FR $b GAM $c 20210903 $g AFNOR
856 4  $u https://www.gamannecy.com/upload/albums/201810/0028947975458_thumb.jpg
856 4  $u https://www.gamannecy.com/polysson/201811/01-0028947975458.mp3 $z Concerto for violin and orchestra
856 4  $u https://www.gamannecy.com/polysson/201811/02-0028947975458.mp3 $z Scheherazade
856 4  $u https://www.gamannecy.com/polysson/201811/03-0028947975458.mp3 $z Trio for clarinet, violin and piano
856 4  $u https://www.gamannecy.com/polysson/201811/04-0028947975458.mp3 $z Savcho 3
995    $0 0 $2 0 $4 0 $5 2021-09-14 $9 432101 $b MED $c MED $e MED1A $f C3100009759 $h AMV30ZZ $k DC/3.40 RAD Violon $o 0 $p 7.34 $r PRETSON $s DC_3_400000000000000_RAD_VIOLON $w 13 $y 2023-01-07 $7  $8  $A  $m  $z 

