02102cam1a2200493 i 4500
001 340156
003 http://www.mediathequederoubaix.fr/ark:/20179/KH340156
005 20240507212020.0
010    $a 9782266287999 $b br. $d 7,95 EUR
073  0 $a 9782266287999
090    $a 340156
091    $a 2 $b 20240504 $c 0
099    $t LI $x 50 $d 2024-05-07 $c 2021-09-18
100    $a 20200103d2020    |  |0frey5003||||ba
101 0  $a fre
102    $a FR
105    $a         0||a|
106    $a r
181  0 $6 01 $a i  $b xxxe  
181    $6 02 $c txt $2 rdacontent
182  0 $6 01 $a n
182    $6 02 $2 rdamedia
183    $6 01 $a nga
183    $6 02 $2 rdacarrier
200 1  $a Surface $b Texte imprimé $f Olivier Norek
210    $a Paris $c Pocket $d 2020
211    $a 20200312
214  0 $a Paris $c Pocket $d 2020
215    $a 1 vol. (393 p.) $d 18 x 11 cm
225 2  $a Pocket $x 0244-6405 $i Thriller $x 1290-676X $v 17309
305    $a A reçu également le prix de l'Embouchure 2019 et le prix Babelio 2019 (polar et thriller)
330    $a Après un grave accident, Noémie Chastain, une capitaine de la police judiciaire parisienne, est envoyée dans le petit village d'Avalone bien malgré elle. C'est alors que le cadavre d'un enfant disparu vingt-cinq ans auparavant est découvert. L'enquête bouleverse à la fois le quotidien des villageois et la reconstruction de la policière. Prix Maison de la presse 2019, prix Relay 2019. ­Electre 2021
339    $a m
345    $b 9782266287999
410  0 $0 37123455 $t Pocket. Thriller $x 1290-676X $v 17309
676    $a 843 $v 23
686    $2 electre
686    $2 electre
686    $2 electre
700    $3 16616993 $7 ba0yba0y $8 fre    $a Norek $b Olivier $f 1975-.... $4 070 $9 119111
801  3 $a FR $b Electre $c 20210423 $g AFNOR
830    $a ELECTREX-MA/Lit/JL/2109/Lit16 20210918
995    $0 0 $2 0 $4 0 $5 2021-09-18 $9 432450 $b MED $c MED $e MED1A $f C1400011740 $h ALTROPL $k RP/NOR $n 2024-06-08 $o 0 $p 7.95 $r PRETLIV $s RP_NOR $w 28 $y 2024-04-27 $7  $8  $A 0 $m  $z 
995    $0 0 $2 0 $4 0 $5 2022-05-06 $9 443517 $b MED $c MED $e MED1A $f C1400013170 $h ALTROPL $k RP/NOR $o 0 $p 7.95 $r PRETLIV $s RP_NOR $w 22 $y 2024-05-18 $A 0

