02166cam1a2200493 i 4500
001 340258
003 http://www.mediathequederoubaix.fr/ark:/20179/KH340258
005 20240510052440.0
010    $a 978-2-35480-230-1 $b br. $d 29 EUR
073  0 $a 9782354802301
090    $a 340258
100    $a 20210518d2021    k  |0frey5003||||ba
101 0  $a fre
102    $a FR
105    $a         0||y|
106    $a r
181  0 $6 01 $a i  $b xxxe  
181    $6 02 $c txt $2 rdacontent
182  0 $6 01 $a n
182    $6 02 $c n $2 rdamedia
183    $6 01 $a nga
183    $6 02 $a nc $2 rdacarrier
200 1  $a Le nouveau monde $b Texte imprimé $e tableau de la France néolibérale $f ouvrage dirigé par Antony Burlaud, Allan Popelard et Grégory Rzepski
210    $a Paris $c Amsterdam $d 2021
211    $a 20210910
214  0 $a Paris $c Amsterdam $d 2021
215    $a 1 vol. (1043 p.) $c illustrations en noir et blanc $d 22 x 15 cm
330    $a Une centaine d'auteurs font le bilan de trente années de réformes néolibérales en France. Les contributeurs abordent des sujets tels que la bureaucratisation et l'ubérisation du pays, la destruction du modèle social, le mépris de la France périphérique ou la société de la surveillance. Ils interrogent également la fin de cette hégémonie néolibérale. ­Electre 2021
333    $a Public motivé
345    $b 9782354802301
606    $3 12150115 $9 24971 $7 ba0yba0y $8 fre    $a Libéralisme économique $3 11931476 $9 109 $y France $3 12062368 $9 294 $z 1970-.... $2 rameau $9 24971
676    $a 320.944 $v 23
686    $a T420901 $2 electre
686    $a GTUE003 $2 electre
686    $a PS0100 $2 electre
702  1 $3 16920501 $9 331031 $6 11410233 $a Burlaud $b Antony $4 651
702  1 $6 11987690 $a Popelard $b Allan $4 651
702  1 $3 15664050 $9 331032 $6 1122218 $7 2007520509 $a Rzepski $b Grégory $4 651
801  3 $a FR $b Electre $c 20210913 $g AFNOR
830    $a ELECTREA/AS/OfficeSeptembre 20210923
099    $t LI $x 3 $d 2024-05-10 $c 2021-09-23
339    $a m
091    $a 2 $b 20240510 $c 0
995    $0 0 $2 0 $4 0 $5 2021-10-14 $9 433645 $b MED $c MED $e MED3A $f C2400003596 $h ACFSSZZ $k Doc./320.944 NOU $o 0 $r PRETLIV $s DOC___320_944000000000000_NOU $w 3 $y 2022-08-31

