02009cam1a2200469 i 4500
001 340362
003 http://www.mediathequederoubaix.fr/ark:/20179/KH340362
005 20240514031939.0
010    $a 978-2-01-629112-2 $b rel. $d 22 EUR
073  0 $a 9782016291122
090    $a 340362
099 00 $x 18 $t LI $d 2024-05-14 $c 2021-09-23
100    $a 20210504d2021    |  |0frey5003||||ba
101 1  $a fre $c eng
102    $a FR
105    $a     t   0||y|
106    $a r
181  0 $6 01 $a i  $b xxxe   $a b  $b xb2e  
181    $6 02 $c txt $c sti $2 rdacontent
182  0 $6 01 $a n
182    $6 02 $c n $2 rdamedia
183    $6 01 $a nga
183    $6 02 $a nc $2 rdacarrier
200 1  $a Meadowlark $b Texte imprimé $e un récit noir et initiatique $f scénario Ethan Hawke $g dessin Greg Ruth $g traduction Jim Browsky
210    $a Vanves $c Robinson $d 2021
211    $a 20210825
214  0 $a Vanves $c Robinson $d 2021
215    $a 1 vol. (251 p.) $c illustrations en couleur $d 27 x 20 cm
300    $a Traduit de l'américain
330    $a A Huntsville, une petite ville texane tranquille, Cooper, un jeune garçon, est confronté aux choix calamiteux de son père Jack Meadowlark Johnson. Emportés dans un tourbillon de violence, les deux hommes, soudés, font face à l'adversité et nouent une relation aussi dysfonctionnelle qu'émouvante. Un récit sur la relation entre père et fils ainsi que le passage à l'âge adulte. ­Electre 2021
345    $b 9782016291122
676    $a 741.56 $v 23
686    $a T090500 $2 electre
700    $3 13990813 $6 139987 $7 ba0yba0y $8 fre    $a Hawke $b Ethan $f 1970-.... $4 070 $9 76998
701  1 $3 14644569 $9 278267 $6 176016 $7 2005130124 $a Ruth $b Greg $4 440
702  1 $6 12245309 $a Browsky $b Jim $4 730
801  3 $a FR $b Electre $c 20210827 $g AFNOR
903    $a Bandes dessinées - Romans graphiques $b T090500
947    $a 22.00
339    $a m
091    $a 2 $b 20240514 $c 0
995    $0 0 $2 0 $4 0 $5 2021-10-01 $9 432922 $b MED $c MED $e MED0C $f C2300012005 $h AAPBDZZ $k BD/HAW $o 0 $p 22.00 $r PRETLIV $s BD_HAW $w 18 $y 2024-04-20

