02181cam a2200445   4500
001 340473
003 http://www.mediathequederoubaix.fr/ark:/20179/KH340473
010    $a 979-10-210-4736-5 $b rel. $d 32 EUR
020    $a FR $b 02154127
033    $a http://catalogue.bnf.fr/ark:/12148/cb46863201j
035    $a FRBNF468632010000000
073  0 $a 9791021047365
090    $a 340473
091    $a 2 $b 20240514 $c 1
099    $t LI $x 7 $d 2024-05-14 $c 2021-09-28
100    $a 20210907d2021    m  y0frey50      ba
101 0  $a fre
102    $a FR
105    $a ||||z   00|y|
106    $a r
181  0 $6 01 $a i  $b xxxe   $a b  $b xb2e  
181    $6 02 $c txt $c sti $2 rdacontent
182  0 $6 01 $a n
182    $6 02 $c n $2 rdamedia
200 1  $a La Shoah $b Texte imprimé $e au coeur de l'anéantissement $f sous la direction d'Olivier Lalieu $g avec Philippe Boukara, Tal Bruttmann, Johann Chapoutot... [et al.] $g postface de Serge Klarsfeld
210    $a Paris $c Tallandier $d DL 2021
214  0 $a Paris $c Tallandier $d DL 2021
214  3 $a 91-Palaiseau $c Impr. Graphius
215    $a 1 vol. (303 p.) $c ill. en coul. $d 25 cm
300    $a Contient des textes traduits de l'anglais et de l'allemand
300    $a Bibliogr. p. 300-301
330    $a Présentation contextualisée et commentée par des spécialistes de 300 documents inédits sur l'histoire de la Shoah provenant d'Israël, d'Allemagne, de France et des Etats-Unis : pièces d'archives, photographies, dessins, lettres, rapports et témoignages. Cet ensemble éclaire le système d'extermination mis en place par l'Allemagne nazie dans ses évolutions et ses différentes échelles géographiques. ­Electre 2021
339    $a m
606    $3 11941579 $9 3743 $a Shoah $2 rameau
676    $a 940.531 8 $v 23
686    $a 940 $2 Cadre de classement de la Bibliographie nationale française
702    $3 13008822 $9 76936 $o ISNI000000003011910X $a Lalieu $b Olivier $f 1972-.... $4 651
801  0 $a FR $b FR-751131015 $c 20210907 $g AFNOR $h FRBNF468632010000000 $2 intermrc
999    $a FRBNF468632010000000
995    $0 0 $2 0 $4 0 $5 2021-10-27 $9 434111 $b MED $c MED $e MED3A $f C2400003632 $h ACFHSZZ $k Doc./939 SHO $o 0 $r PRETLIV $s DOC___939_000000000000000_SHO $w 7 $y 2023-11-04

