01935cam a2200433   4500
001 340619
003 http://www.mediathequederoubaix.fr/ark:/20179/KH340619
010    $a 978-2-7338-9394-4 $b br. $d 5,95 EUR
020    $a FR $b 02202686
033    $a http://catalogue.bnf.fr/ark:/12148/cb46867494w
035    $a FRBNF468674940000009
073  0 $a 9782733893944
090    $a 340619
091    $a 2 $b 20240514 $c 1
099    $t LI $x 15 $d 2024-05-14 $c 2021-10-02
100    $a 20210913d2021    a  y0frey50      ba
101 0  $a fre
102    $a FR
105    $a ||||z   00|a|
106    $a r
181  0 $6 01 $a i  $b xxxe   $a b  $b xb2e  
181    $6 02 $c txt $c sti $2 rdacontent
182  0 $6 01 $a n
182    $6 02 $c n $2 rdamedia
200 1  $a Lâche ton portable, papa ! $b Texte imprimé $f écrit par Luc Blanvillain $g illustré par Alice Morentorn
210    $a Paris $c Auzou  $d 2021
214  0 $a Paris $c Auzou $d DL 2021
214  3 $a impr. en Serbie
215    $a 1 vol. (62 p.) $c ill. en coul. $d 19 cm
225    $a Pas à pas $x 2610-2943
330    $a Depuis que le père du narrateur a un portable, il ne rigole plus qu'avec lui, l'emmène au cinéma, met de la moutarde sur ses tartines et ne connaît même plus les copains de son fils. Avec l'aide de sa copine Emi et de son fidèle Tibert, ce dernier décide de venir à bout de ce nouvel ennemi. ­Electre 2021
339    $a a
410  0 $0 43777623 $t Pas à pas (Auzou) $x 2610-2943 $d 2021
686    $a 809 $2 Cadre de classement de la Bibliographie nationale française
700    $3 12949794 $9 20088 $o ISNI0000000007842383 $a Blanvillain $b Luc $f 1967-.... $4 070
702    $3 16967820 $9 121080 $o ISNI0000000453226353 $a Morentorn $b Alice A. $4 440
801  0 $a FR $b FR-751131015 $c 20210913 $g AFNOR $h FRBNF468674940000009 $2 intermrc
999    $a FRBNF468674940000009
995    $0 0 $2 0 $4 0 $5 2021-10-07 $9 433276 $b MED $c MED $e MED2A $f C2500024756 $h JRORMZZ $k PRE R/BLA $o 0 $p 5.95 $r PRETLIV $s PRE_R_BLA $w 15 $y 2024-03-19

