02038cam a2200433   4500
001 340724
003 http://www.mediathequederoubaix.fr/ark:/20179/KH340724
010    $a 978-2-8098-4140-4 $b br. $d 22 EUR
020    $a FR $b 02208894
033    $a http://catalogue.bnf.fr/ark:/12148/cb468738889
035    $a FRBNF468738880000009
073  0 $a 9782809841404
090    $a 340724
091    $a 2 $b 20240517 $c 1
099    $t LI $x 10 $d 2024-05-17 $c 2021-10-05
100    $a 20210921d2021    m  y0frey50      ba
101 1  $a fre $c ger
102    $a FR
105    $a ||||z   00|a|
106    $a r
181  0 $6 01 $a i  $b xxxe  
181    $6 02 $c txt $2 rdacontent
182  0 $6 01 $a n
182    $6 02 $c n $2 rdamedia
200 1  $a Jusqu'au bout du monde $b Texte imprimé $f Nicole Vosseler $g traduit de l'allemand par Anne-Judith Descombey
210    $a Paris $c Archipel $d 2021
214  0 $a Paris $c l'Archipel $d DL 2021
214  3 $a 72-La Flèche $c Impr. CPI Brodard et Taupin
215    $a 1 vol. (364 p.) $d 23 cm
225 19 $a La baronne des glaces $v 1
330    $a En 1822, Grischa, jeune orphelin, fuit la Russie et la misère avec sa petite soeur Katya. Pendant un voyage vers Hambourg sur la mer Baltique, ils font la connaissance de Thilo et Christian. Ensemble, ils ont l'idée de monter une société marchande pour faire fortune avec une idée audacieuse, exporter de la glace du Nord vers les tropiques. Mais la voie du succès est semée d'embûches. ­Electre 2021
339    $a m
454  1 $t Bis ans Ende der Welt
686    $a 803 $2 Cadre de classement de la Bibliographie nationale française
700    $3 17807132 $9 335066 $o ISNI0000000055380873 $a Vosseler $b Nicole $f 1972-.... $4 070
702    $3 12490368 $9 9535 $o ISNI0000000116752889 $a Descombey $b Anne-Judith $f 1967-.... $4 730
801  0 $a FR $b FR-751131015 $c 20210921 $g AFNOR $h FRBNF468738880000009 $2 intermrc
999    $a FRBNF468738880000009
995    $0 0 $2 0 $4 0 $5 2021-10-05 $9 433051 $b MED $c MED $e MED1A $f C1400011733 $h ALTROZZ $k R/VOS $n 2024-06-01 $o 0 $p 22.00 $r PRETLIV $s R_VOS $w 10 $y 2024-04-20 $A 0

