03472cam a2200493   4500
001 340826
003 http://www.mediathequederoubaix.fr/ark:/20179/KH340826
010    $a 978-2-211-31578-4 $b rel. $d 9,50 EUR
020    $a FR $b 02205973
033    $a http://catalogue.bnf.fr/ark:/12148/cb468533813
035    $a FRBNF468533810000003
073  0 $a 9782211315784
090    $a 340826
091    $a 2 $b 20240517 $c 1
099    $t LI $x 30 $d 2024-05-17 $c 2021-10-05
100    $a 20210813d2021    a  y0frey50      ba
101 0  $a fre
102    $a FR
105    $a ||||z   00|a|
106    $a r
181  0 $6 01 $a i  $b xxxe   $a b  $b xb2e  
181    $6 02 $c txt $c sti $2 rdacontent
182  0 $6 01 $a n
182    $6 02 $c n $2 rdamedia
200 1  $a 10 escargots font la course $b Texte imprimé $f Isabelle Gil
210    $a Paris $c Loulou & Cie-l'École des loisirs $d DL 2021
214  0 $a Paris $c Loulou & Cie-l'École des loisirs $d DL 2021
214  3 $a impr. en Pologne
215    $a 1 vol. (non paginé [22] p.) $c ill. en coul. $d 16 x 21 cm
300    $a Notice réd. d'après la couv.
321    $a La Revue des livres pour enfants $x 0398-8384 $c 322
321    $a La Revue des livres pour enfants. Sélection annuelle $c 327
329    $c Intéressant $a Comme le titre l'indique, cet album cartonné représente une course d'escargots : mais rien ne se passe comme prévu. L'un s'arrête pour téléphoner à sa mère, l'autre fait la sieste, un troisième préfère faire une pause lecture, un quatrième creuse un trou... Quant au plus motivé, il arrive au bout, salue la coupe destinée au vainqueur mais fait demi-tour pour retrouver ses copains ! Grâce à des mises en scène soignées, l'autrice propose aux jeunes lecteurs, souvent fascinés par les escargots, de suivre cette compétition de gastéropodes fantaisiste et drôle. $d 20211201 $f ABE $2 CNLJ $k Avis critique donné par le Centre national de la littérature pour la jeunesse
329    $a Cet album cartonné met en scène une course d'escargots qui ne se déroule pas comme prévu. L'un s'arrête pour téléphoner à sa mère, l'autre fait la sieste, un troisième préfère faire une pause lecture, un quatrième creuse un trou... Quant au plus motivé, il arrive au bout, salue la coupe destinée au vainqueur mais fait demi-tour pour retrouver ses copains ! Grâce à des mises en scène soignées, l'autrice propose aux jeunes lecteurs, souvent fascinés par les escargots, de suivre cette compétition de gastéropodes fantaisiste et drôle. $d 20221101 $2 CNLJ $k Avis critique donné par le Centre national de la littérature pour la jeunesse
330    $a Dix escargots font la course, mais le premier s'arrête pour déjeuner, le second s'endort et le sixième se trompe de route. ­Electre 2021
333    $a De 0 à 3 ans $2 CNLJ $k Avis critique donné par le Centre national de la littérature pour la jeunesse
339    $a a
517 1  $a Dix escargots font la course
608    $a Albums $2 CNLJ $k Avis critique donné par le Centre national de la littérature pour la jeunesse
686    $a 809 $2 Cadre de classement de la Bibliographie nationale française
700    $3 15502602 $9 105457 $o ISNI0000000010758107 $a Gil $b Isabelle $f 1964-.... $4 070
801  0 $a FR $b FR-751131015 $c 20210813 $g AFNOR $h FRBNF468533810000003 $2 intermrc
999    $a FRBNF468533810000003
995    $0 0 $2 0 $4 0 $5 2021-10-09 $9 433457 $b MED $c MED $e MED2A $f C2500024945 $h JABPFEV $k PE A/GIL $n 2024-06-07 $o 0 $p 9.50 $r PRETLIV $s PE_A_GIL $w 30 $y 2024-05-17

