01900nam a2200397   4500
001 340944
003 http://www.mediathequederoubaix.fr/ark:/20179/KH340944
010    $a 2-7073-0055-1 $b Br. $d 10 F
020    $a FR $b 07508733
033    $a http://catalogue.bnf.fr/ark:/12148/cb34567812x
035    $a FRBNF345678120000002
039    $o OPL $a 000213354
090    $a 340944
091    $a 2 $b 20240504 $c 1
099    $t LI $d 2024-05-04 $c 2021-10-09
100    $a 19750625d1975    m  y0frey50      ba
101 1  $a fre $c eng
102    $a FR
105    $a ||||z   00|a|
106    $a r
181  0 $6 01 $a i  $b xxxe  
181    $6 02 $c txt $2 rdacontent
182  0 $6 01 $a n
182    $6 02 $c n $2 rdamedia
200 1  $a Oh les beaux jours $b Texte imprimé $e [Paris, Odéon-Théâtre de France, 21 octobre 1963] $a (suivi de) Pas moi $e [Paris, Théâtre d'Orsay, 8 avril 1975] $f Samuel Beckett
210    $a Paris $c Minuit $d 1975
215    $a 95 p. $c couv. ill. $d 18 cm
330    $a Winnie, la cinquantaine, vaque à ses occupations sous le soleil d'un désert en feignant d'ignorer son ensablement jusqu'au cou. Elle ne manque jamais une occasion de remercier le bon Dieu de ses bienfaits. Son ami, Willie, daigne à peine l'écouter. Pas moi, un acte pour une bouche, c'est le refus du dire, une spirale de mots qui semble aspirer l'existence toute entière... ­Electre 2021
339    $a m
454  1 $t Happy days
500 11 $3 13186245 $9 320295 $a Happy days $m français $2 lien automatique
686    $a 82  $2 Cadre de classement de la Bibliographie nationale française
700    $3 11890895 $9 308483 $o ISNI0000000121192038 $a Beckett $b Samuel $4 070
801  0 $a FR $b FR-751131015 $c 19750625 $g AFNOR $h FRBNF345678120000002 $2 intermrc
999    $a FRBNF345678120000002
995    $0 0 $2 0 $4 0 $5 2023-03-22 $9 458201 $b MED $c MED $e MED3E $f c1400011619 $h AMVTHTX $k Mag 8/46663 $o 0 $r PRETLIV $s MAG_8_466630000000000 $w 0 $y 2023-03-22 $7  $8  $A  $m  $z 

