01128nam a22003133n 4500
001 341077
003 http://www.mediathequederoubaix.fr/ark:/20179/KH341077
033    $a http://catalogue.bnf.fr/ark:/12148/cb321580254
035    $a FRBNF321580250000003
039    $o CRI $a SU048809130001P  
090    $a 341077
091    $a 2 $b 20240514 $c 1
099    $t LI $d 2024-05-14 $c 2021-10-20
100    $a 19970701d1952    m  y0frey50      ba
101 0  $a fre
102    $a FR
105    $a ||||z   00|||
106    $a r
181  0 $6 01 $a i  $b xxxe  
181    $6 02 $c txt $2 rdacontent
182  0 $6 01 $a n
182    $6 02 $c n $2 rdamedia
200 1  $a Tragédies légères. II . Robert et Marianne. Duo $b Texte imprimé
210    $a Paris $c René Julliard $d 1952
327    $a Robert et Marianne ; Duo
700    $3 11904665 $9 283880 $o ISNI0000000120990046 $a Géraldy $b Paul $4 070
801  0 $a FR $b FR-751131015 $c 19970701 $g AFNOR $h FRBNF321580250000003 $2 intermrc
999    $a FRBNF321580250000003
995    $0 0 $2 0 $4 0 $5 2021-10-20 $9 433829 $b MED $c MED $e MED3E $f C1400011656 $h AMVTHTX $k Mag 8/46670 $o 0 $r PRETLIV $s MAG_8_466700000000000 $w 0 $y 2021-10-20 $7  $8  $A  $m  $z 

