01904cam a2200445   4500
001 341178
003 http://www.mediathequederoubaix.fr/ark:/20179/KH341178
010    $a 978-2-36877-918-7 $b br. $d 6,95 EUR
020    $a FR $b 02139127
033    $a http://catalogue.bnf.fr/ark:/12148/cb46679703x
035    $a FRBNF466797030000008
073  0 $a 9782368779187
090    $a 341178
091    $a 2 $b 20240516 $c 1
099    $t LI $x 27 $d 2024-05-16 $c 2021-10-23
100    $a 20210108d2020    m  y0frey50      ba
101 1  $a fre $c jpn
102    $a FR
105    $a ||||t   00|a|
106    $a r
181  0 $6 01 $a i  $b xxxe   $a b  $b xb2e  
181    $6 02 $c txt $c sti $2 rdacontent
182  0 $6 01 $a n
182    $6 02 $c n $2 rdamedia
200 1  $a Konosuba $e sois béni monde merveilleux ! $h 4 $b Texte imprimé $f dessin, Masahito Watari $g histoire originale, Natsume Akatsuki...
210    $a [Brignoles] $c Meian $d C 2020
214  0 $a [Brignoles] $c Meian
214  4 $d C 2020
214  3 $a impr. en République tchèque
215    $a 1 vol. (153 p.) $c ill. $d 19 cm
330    $a Kazuma et son équipe se sont installés dans la ville d'Axel. Une mission urgente leur demande d'affronter un destroyer mobile de défense. Les aventuriers mettent au point une stratégie de défense de la cité. ­Electre 2021
339    $a a
454  1 $t Kono subarashii sekai ni shukufuku wo ! $h Vol. 4
461  0 $0 46790822 $t Konosuba $v 4
686    $a 805 $2 Cadre de classement de la Bibliographie nationale française
700    $3 17945574 $9 331364 $o ISNI0000000502623567 $a Watari $b Masahito $4 440
702    $3 17945579 $9 331365 $o ISNI0000000424297523 $a Akatsuki $b Natsume $4 070
801  0 $a FR $b FR-751131015 $c 20210108 $g AFNOR $h FRBNF466797030000008 $2 intermrc
999    $a FRBNF466797030000008
995    $0 0 $2 0 $4 0 $5 2021-11-12 $9 434882 $b MED $c MED $e MED2A $f C2500025233 $h JBDMGZZ $k E BD/MANGAS $o 0 $p 6.95 $r PRETLIV $s E_BD_MANGAS $w 27 $y 2024-05-02

