02653cam1a2200577 i 4500
001 341281
003 http://www.mediathequederoubaix.fr/ark:/20179/KH341281
005 20240516212020.0
010    $a 978-2-7498-1485-8 $b br. $d 14 EUR
011    $a 0045-1169
073  0 $a 9782749814858
090    $a 341281
100    $a 20200915d2020    |  |0frey5003||||ba
101 1  $a fre $c ita
102    $a FR
105    $a         0||b|
106    $a r
181  0 $6 01 $a i  $b xxxe  
181    $6 02 $c txt $2 rdacontent
182  0 $6 01 $a n
182    $6 02 $c n $2 rdamedia
183    $6 01 $a nga
183    $6 02 $a nc $2 rdacarrier
200 1  $a Avant-scène théâtre (L').  $b Texte imprimé $h 1487 $i Le conte des contes $f d'après Giambattista Basile $g conception et mise en scène d'Omar Porras $g adaptation et traduction Marco Sabbatini et Omar Porras
207  1 $a 1487
210    $a Paris $c Avant-scène théâtre $d 2020
211    $a 20201120
214  0 $a Paris $c Avant-scène théâtre $d 2020
215    $a 1 vol. (77 p.) $c illustrations en noir et en couleur $d 19 x 14 cm
300    $a Traduit de l'italien
308    $a ISSN 0045-1169. Abonnement : 170 euros (20 numéros)
330    $a Pour tenter de guérir leur fils atteint d'asthénie, des parents font appel à un raconteur qui met en scène des contes, avec la complicité de la famille. Ces histoires font référence à certains contes classiques comme Cendrillon et Le Petit Chaperon rouge. Pièce inspirée d'une oeuvre classique de la littérature italienne. ­Electre 2021
345    $b 9782749814858
461  0 $6 23166 $7 3821900000 $t Avant-scène théâtre (L') $v 1487 $x 0045-1169
676    $a 842 $v 23
686    $a T320802 $2 electre
686    $a GLFC001 $2 electre
700  1 $3 14695806 $9 331419 $6 176088 $7 2005130213 $a Porras $b Omar $f 1963-.... $4 070
701    $3 12051936 $6 1178110 $7 ba0yba0y $8 fre    $a Basile $b Giambattista $f 1575-1632 $4 100 $9 5473
702  1 $3 13482823 $9 331420 $6 137171 $7 2002330196 $a Sabbatini $b Marco $f 1962-.... $4 730
702  1 $3 14695806 $9 331419 $6 176088 $7 2005130213 $a Porras $b Omar $f 1963-.... $4 730
801  3 $a FR $b Electre $c 20201204 $g AFNOR
830    $a ELECTREA/CI/2021 Avant-scène Théatre 20211029
903    $a Littérature moderne et contemporaine - Pièces de théâtre - Pièces de théâtre $b T320802
903    $a Littérature française contemporaine - Texte en langue originale $b GLFC001
947    $c 14.00 $a 14.00
969    $a  1 $h 1
099    $t LI $d 2024-05-16 $c 2021-10-29 $x 1
339    $a m
091    $a 2 $b 20240504 $c 0
995    $0 0 $2 0 $4 0 $5 2021-10-29 $9 434223 $b MED $c MED $e MED1A $f C1400011674 $h AMVTHTX $k T/BAS $n 2024-06-06 $o 0 $r PRETLIV $s T_BAS $w 1 $y 2024-05-16

