01981cam a2200445   4500
001 341382
003 http://www.mediathequederoubaix.fr/ark:/20179/KH341382
010    $a 978-2-7556-2354-3 $b br. $d 17 EUR
020    $a FR $b 01861329
033    $a http://catalogue.bnf.fr/ark:/12148/cb45513895p
035    $a FRBNF455138950000001
073  0 $a 9782755623543
090    $a 341382
091    $a 2 $b 20240504 $c 1
099    $t LI $x 17 $d 2024-05-04 $c 2021-10-29
100    $a 20180530d2016    m  y0frey50      ba
101 1  $a fre $c eng
102    $a FR
105    $a ||||z   00|a|
106    $a r
181  0 $6 01 $a i  $b xxxe  
181    $6 02 $c txt $2 rdacontent
182  0 $6 01 $a n
182    $6 02 $c n $2 rdamedia
200 1  $a Le pacte $b Texte imprimé $e roman $f Karina Halle $g traduit de l'américain par Caroline de Hugo
210    $a Paris $c Hugo Roman $d 2016
214  0 $a Paris $c Hugo roman $d DL 2016
214  3 $a 14-Condé-sur-Noireau $c Impr. Corlet
215    $a 1 vol. (356 p.) $d 21 cm
225    $a New romance
330    $a Linden, Stéphanie et James sont les meilleurs amis du monde. Un soir, ils font un pacte : si Stéphanie et un des deux garçons n'ont pas de relation sérieuse à 30 ans, ils se marieront. Au fil des années et des relations instables qu'ils vivent chacun de leur côté, le pacte prend de plus en plus d'importance dans leur vie et menace leur amitié. ­Electre 2021
339    $a m
410  0 $0 43885194 $t New romance $x 2275-6345 $d 2016
454  1 $t The pact
686    $a 803 $2 Cadre de classement de la Bibliographie nationale française
700    $3 17078388 $9 331447 $o ISNI0000000459745728 $a Halle $b Karina $4 070
702    $3 14517289 $9 73723 $o ISNI0000000140353984 $a Hugo $b Caroline de $f 1956-.... $4 730
801  0 $a FR $b FR-751131015 $c 20180530 $g AFNOR $h FRBNF455138950000001 $2 intermrc
999    $a FRBNF455138950000001
995    $0 0 $2 0 $4 0 $5 2021-10-29 $9 434323 $b MED $c MED $e MED1A $f C1400011681 $h ALTROAM $k RS/HAL $o 0 $p 17.00 $r PRETLIV $s RS_HAL $w 17 $y 2024-04-26 $A 0

