01889ngm0a22003611i 4500
001 341490
003 http://www.mediathequederoubaix.fr/ark:/20179/KH341490
010    $d 39,81 EUR TTC
073  0 $a 3545020073520 $d 60,32 EUR TTC
090    $a 341490
091    $a 1 $b 20240511 $c 0
099    $t VD $x 26 $d 2024-05-11 $c 2021-11-09
100    $a 20211109d2021    u  y0frey5003    ba
101    $a fre
102    $a FR
200 1  $a Playlist $b DVD $f Nine Antico, réal. $g Nine Antico, Marc Syrigas, scénario $g Sara Forestier, Laetitia Dosch, Bertrand Belin... [et al.], act.
210    $c KMBO Films $d 2021
215    $a 1 DVD (80 min) PAL $c 16/9, Noir et blanc, Dolby Digital 2.0, 5.1
300    $a Entretiens avec Nine Antico et Laetitia Dosch, Vidéos de casting.
300    $a Prêt + Consultation
330    $a Sophie a 28 ans. Elle aimerait être dessinatrice, mais ce serait tellement plus facile si elle avait fait une école d'art. Elle aimerait aussi trouver l'amour, mais ce serait tellement plus facile s'il vous sautait aux yeux. Elle multiplie les expériences amoureuses et professionnelles. Prendre des coups, beaucoup, en donner, un peu : c'est ça, l'apprentissage. Dans sa tête tourne en boucle Daniel Johnston, qui chante que "l'amour véritable finit bien par vous tomber dessus" ; mais Sophie se demande s'il dit vrai. 
339    $a m
606    $a Comédies dramatiques (cinéma) $x DVD $y France $2 rameau
700  1 $a Antico $b Nine $4 370 $4 690
702  1 $a Forestier $b Sara $4 005
702  1 $a Dosch $b Laetitia $4 005
702  1 $a Belin $b Bertrand $4 005
702  1 $a Lottin $b Pierre $4 005
702  1 $a Chanti $b Inas $4 005
702  1 $a Manet $b Andranic $4 005
702  1 $a Syrigas $b Marc $4 690
801  0 $a FR $b COLACO $c 20211109 $g AFNOR
995    $0 0 $2 0 $4 0 $5 2021-12-09 $9 436353 $b MED $c MED $e MED1A $f C1400012067 $h AAPCIFI $k DVD/F ANT $o 0 $p 39.00 $r PRETDVD $s DVD_F_ANT $u coup de coeur $w 26 $y 2024-05-11

