02447cam1a2200565 i 4500
001 341594
003 http://www.mediathequederoubaix.fr/ark:/20179/KH341594
005 20240516051047.0
010    $a 978-2-02-147876-1 $b br. $d 25 EUR
073  0 $a 9782021478761
090    $a 341594
100    $a 20210607d2021    m  |0frey5003||||ba
101 1  $a fre $c eng
102    $a FR
105    $a         0||y|
106    $a r
181  0 $6 01 $a i  $b xxxe   $a b  $b xb2e  
181    $6 02 $c txt $c sti $2 rdacontent
182  0 $6 01 $a n
182    $6 02 $c n $2 rdamedia
183    $6 01 $a nga
183    $6 02 $a nc $2 rdacarrier
200 1  $a La franc-maçonnerie $b Texte imprimé $e symboles, secrets et significations $f W. Kirk MacNulty $g traduit de l'anglais par Marie-France de Paloméra
205    $a Nouvelle édition
210    $a Paris $c Seuil $d 2021
211    $a 20211028
214  0 $a Paris $c Seuil $d 2021
215    $a 1 vol. (320 p.) $c illustrations en noir et en couleur $d 22 x 20 cm
225 2  $a Beaux livres
300    $a Bibliogr. Index
330    $a Puisant dans plusieurs collections majeures d'art maçonnique et présentant de nombreux objets, l'ouvrage couvre les origines et l'histoire de la franc-maçonnerie. L'auteur décrit la philosophie qui inspire les rituels de ses degrés et hauts grades, les rapports en perpétuelle mutation de la franc-maçonnerie et de la société ainsi que les énigmes et les mystères relatifs aux francs-maçons. ­Electre 2021
333    $a Tout public
345    $b 9782021478761
410  0 $6 47527 $7 4372470000 $t Beaux livres
606    $3 11941193 $7 ba0yba0y $8 fre    $a Franc-maçonnerie $2 rameau $9 7547
606    $3 15038838 $9 331580 $a Art et franc-maçonnerie $2 rameau
608  0 $3 11975813 $7 ba0yba0y $8 fre    $a Ouvrages illustrés $2 rameau $9 580
676    $a 366.1 $v 23
686    $a T500502 $2 electre
686    $a GDOC002 $2 electre
686    $a GDOC007 $2 electre
686    $a PG0100 $2 electre
700  1 $6 1273133 $7 9401128614 $a MacNulty $b W. Kirk $4 070
702    $3 11918495 $6 1357383 $7 ba0yba0y $8 fre    $a Paloméra $b Marie-France de $4 730 $9 2329
801  3 $a FR $b Electre $c 20211109 $g AFNOR
830    $a ELECTREMA/HSR/ASD/Office Novembre 20211112
099    $t LI $x 4 $d 2024-05-16 $c 2021-11-12
339    $a m
091    $a 2 $b 20240516 $c 0
995    $0 0 $2 0 $4 0 $5 2021-11-24 $9 435454 $b MED $c MED $e MED3A $f C2400003694 $h ACFREZZ $k Doc./293 ESO $o 0 $r PRETLIV $s DOC___293_000000000000000_ESO $w 4 $y 2023-05-03 $7  $8  $A  $m  $z 

