01870cam a2200445   4500
001 341719
003 http://www.mediathequederoubaix.fr/ark:/20179/KH341719
010    $a 978-2-7485-3018-6 $b br. $d 5,90 EUR
020    $a FR $b 02215674
033    $a http://catalogue.bnf.fr/ark:/12148/cb46899478r
035    $a FRBNF468994780000005
073  0 $a 9782748530186
090    $a 341719
091    $a 2 $b 20240517 $c 1
099    $t LI $d 2024-05-17 $x 9 $c 2021-11-19
100    $a 20211025d2021    a  y0frey50      ba
101 0  $a fre $a eng
102    $a FR
105    $a ||||z   00|a|
106    $a r
181  0 $6 01 $a i  $b xxxe   $a b  $b xb2e  
181    $6 02 $c txt $c sti $2 rdacontent
182  0 $6 01 $a n
182    $6 02 $c n $2 rdamedia
200 1  $a N'aie pas peur, it's Halloween ! $b Texte imprimé $e Jia éclaircit le mystère $f Stéphanie Benson $g illustrations, Zelda Zonk
210    $a PARIS $c Syros Jeunesse $d 2021
214  0 $a Paris $c Syros $d DL 2021
214  3 $a 85-Luçon $c Impr. Pollina
215    $a 1 vol. (43 p.) $c ill. en coul. $d 21 cm
225    $a Tip tongue $i Kids
300    $a Textes en anglais et en français
330    $a La maîtresse annonce à Jia et à ses camarades qu'ils vont effectuer un voyage sous la mer pour Halloween. Un QR code permet d'accéder à la session audio. ­Electre 2021
339    $a a
410  0 $0 43875470 $t Tip tongue $x 2491-8199 $d 2021
686    $a 809 $2 Cadre de classement de la Bibliographie nationale française
700    $3 12516565 $9 44941 $o ISNI0000000122825431 $a Benson $b Stéphanie $f 1959-.... $4 070
702    $3 14593083 $9 2158 $o ISNI0000000118777473 $a Zonk $b Zelda $f 1973-.... $4 440
801  0 $a FR $b FR-751131015 $c 20211025 $g AFNOR $h FRBNF468994780000005 $2 intermrc
999    $a FRBNF468994780000005
995    $0 0 $2 0 $4 0 $5 2021-12-01 $9 435808 $b MED $c MED $e MED2A $f C2500025240 $h JABLAFI $k E ANG R $o 0 $p 5.90 $r PRETLIV $s E_ANG_R $w 9 $y 2024-04-02

