02435cam a2200493   4500
001 341824
003 http://www.mediathequederoubaix.fr/ark:/20179/KH341824
010    $a 978-2-203-19472-4 $b br. $d 14,95 EUR
020    $a FR $b 02171566
033    $a http://catalogue.bnf.fr/ark:/12148/cb46786809x
035    $a FRBNF46786809000000X
073  0 $a 9782203194724
090    $a 341824
091    $a 2 $b 20240517 $c 1
099    $t LI $x 2 $d 2024-05-17 $c 2021-11-20
100    $a 20210517d2021    a  y0frey50      ba
101 1  $a fre $c eng
102    $a BE
105    $a ||||z   00|a|
106    $a r
181  0 $6 01 $a i  $b xxxe  
181    $6 02 $c txt $2 rdacontent
182  0 $6 01 $a n
182    $6 02 $c n $2 rdamedia
200 1  $a Violette Dupin et le souvenir oublié $b Texte imprimé $f Dominique Valente $g traduit de l'anglais (Grande-Bretagne) par Anne Guitton
210    $a Bruxelles $c Casterman $d 2021
214  0 $a Bruxelles $a [Paris] $c Casterman $d DL 2021
214  3 $a impr. en Espagne
215    $a 1 vol. (285 p.) $d 21 cm
225 19 $a Starfell $v 2
329    $c Intéressant $2 CNLJ $k Avis critique donné par le Centre national de la littérature pour la jeunesse
330    $a Violette a sauvé le monde mais sa famille ne la croit pas. De plus, ses pouvoirs magiques ne fonctionnent plus correctement. Des objets ou des personnes disparaissent lorsqu'elle éternue. Quand son ami Nolin Tantôt est enlevé par la reine maléfique d'Outrefell, Violette lui vient en aide, épaulée par Holloway, un marin magicien qui les conduit dans son étrange embarcation. ­Electre 2021
333    $a À partir de 9 ans $2 CNLJ $k Avis critique donné par le Centre national de la littérature pour la jeunesse
339    $a a
454  1 $t Willow Moss and the forgotten tale
461  0 $t Starfell $v 2
608    $a Romans $2 CNLJ $k Avis critique donné par le Centre national de la littérature pour la jeunesse
609    $2 rbxRomJ $a Fantastique / Fantasy
686    $a 809 $2 Cadre de classement de la Bibliographie nationale française
700    $3 17875673 $9 325420 $o ISNI0000000501105020 $a Valente $b Dominique $4 070
702    $3 15593364 $9 96153 $o ISNI0000000002214599 $a Guitton $b Anne $4 730
801  0 $a FR $b FR-751131015 $c 20210517 $g AFNOR $h FRBNF46786809000000X $2 intermrc
999    $a FRBNF46786809000000X
995    $0 0 $2 0 $4 0 $5 2021-11-30 $9 435676 $P 14.95 $b MED $c MED $e MED2A $f C2500025352 $h JROROZZ $k E R/VAL $o 0 $p 14.95 $r PRETLIV $s E_R_VAL $w 2 $y 2022-10-15

