02953cam a2200493   4500
001 341928
003 http://www.mediathequederoubaix.fr/ark:/20179/KH341928
010    $a 978-2-09-249059-4 $b br. $d 5,95 EUR
020    $a FR $b 02202959
033    $a http://catalogue.bnf.fr/ark:/12148/cb46821125z
035    $a FRBNF468211250000003
073  0 $a 9782092490594
090    $a 341928
091    $a 2 $b 20240517 $c 1
099    $t LI $x 11 $d 2024-05-17 $c 2021-11-20
100    $a 20210623d2021    a  y0frey50      ba
101 0  $a fre
102    $a FR
105    $a ||||z   00|a|
106    $a r
181  0 $6 01 $a i  $b xxxe  
181    $6 02 $c txt $2 rdacontent
182  0 $6 01 $a n
182    $6 02 $c n $2 rdamedia
200 1  $a L'horloge de la mort $b Texte imprimé $f Vincent Villeminot $g illustré par Joëlle Dreidemy
210    $a Paris $c Nathan Jeunesse $d 2021
214  0 $a Paris $c Nathan $d 2021
215    $a 1 vol. (71 p.) $c ill. en coul. $d 20 cm
225 19 $a Hôtel des frissons $v 9
321    $a La Revue des livres pour enfants $x 0398-8384 $c 323
329    $c Bravo ! $a Un matin, Margot, fille du directeur et Tristan, fils du cuisinier, se réveillent en se sentant très fatigués, essoufflés. Leur ami Jean sans tête est tout rouillé. Le trio amical parcourt l'hôtel devenu très silencieux et recouvert de poussière. En une nuit, à cause d'un mauvais sort, ils sont devenus des vieillards !! Ce neuvième tome, basé sur des références de légendes celtiques, aux nombreuses illustrations de deux couleurs, avec un bon dosage d'angoisse et d'humour, fera frissonner de peur et de plaisir les jeunes lecteurs. $d 20220201 $f ABE $2 CNLJ $k Avis critique donné par le Centre national de la littérature pour la jeunesse
330    $a Tristan et Margot se réveillent tout courbaturés et fatigués. En se regardant dans le miroir, ils se rendent compte qu'ils ont désormais près de 80 ans. Un client mécontent leur a jeté un sortilège. ­Electre 2021
333    $a À partir de 9 ans $2 CNLJ $k Avis critique donné par le Centre national de la littérature pour la jeunesse
339    $a a
461  0 $t Hôtel des frissons $v 9
608    $a Romans $2 CNLJ $k Avis critique donné par le Centre national de la littérature pour la jeunesse
609    $2 rbxRomJ $a Fantastique / Fantasy
686    $a 809 $2 Cadre de classement de la Bibliographie nationale française
700    $3 13332558 $9 86132 $o ISNI0000000000573790 $a Villeminot $b Vincent $f 1972-.... $4 070
702    $3 14629189 $9 112922 $o ISNI0000000080194300 $a Dreidemy $b Joëlle $f 1980-.... $4 440
801  0 $a FR $b FR-751131015 $c 20210623 $g AFNOR $h FRBNF468211250000003 $2 intermrc
999    $a FRBNF468211250000003
995    $0 0 $2 0 $4 0 $5 2021-12-01 $9 435820 $P 5.95 $b MED $c MED $e MED2A $f C2500025383 $h JROROZZ $k E R/VIL $o 0 $p 5.95 $r PRETLIV $s E_R_VIL $w 9 $y 2024-01-24
995    $0 0 $2 0 $4 0 $5 2022-06-29 $9 446071 $P 5.95 $b MED $c MED $e MED0A $f C3500016208 $h JROROZZ $k EXT E R/VIL $n 2024-07-11 $o 0 $r PRETLIV $s EXT_E_R_VIL $w 2 $y 2023-08-30

