02055cam a2200457   4500
001 342034
003 http://www.mediathequederoubaix.fr/ark:/20179/KH342034
010    $a 978-2-226-46083-7 $b br. $d 20 EUR
020    $a FR $b 02154476
033    $a http://catalogue.bnf.fr/ark:/12148/cb46876656v
035    $a FRBNF468766560000008
073  0 $a 9782226460837
090    $a 342034
091    $a 2 $b 20240504 $c 1
099    $t LI $x 8 $d 2024-05-04 $c 2021-11-24
100    $a 20210924d2021    m  y0frey50      ba
101 0  $a fre
102    $a FR
105    $a ||||z   00|y|
106    $a r
181  0 $6 01 $a i  $b xxxe  
181    $6 02 $c txt $2 rdacontent
182  0 $6 01 $a n
182    $6 02 $c n $2 rdamedia
200 1  $a Meurtre à la mosquée $b Texte imprimé $f Hela Ouardi
210    $a Paris $c Albin Michel $d DL 2021
214  0 $a Paris $c Albin Michel $d DL 2021
214  3 $a 18-Saint-Amand-Montrond $c Impr. CPI Bussière
215    $a 1 vol. (364 p.) $d 23 cm
225 19 $a Les califes maudits $v tome 3
300    $a Bibliogr. p. 351-361
330    $a Fidèle à sa méthode, l'auteure confronte les différentes sources premières de la tradition musulmane pour reconstituer l'épisode de l'assassinat de 'Umar, le deuxième calife à succéder au prophète Muhammad, au cours de la dixième année de son règne, que le récit officiel occulte sans l'effacer totalement. Ce faisant, elle formule une explication sur les raisons de cet événement décisif. ­Electre 2021
339    $a m
461  0 $0 45688036 $t Les califes maudits $v 3
606    $3 15907604 $9 309650 $a Califes Bien Guidés $2 rameau
676    $a 297.648 $v 23
686    $a 290 $2 Cadre de classement de la Bibliographie nationale française
700    $3 15598552 $9 271781 $o ISNI000000038552688X $a Ouardi $b Hela $f 1973-.... $4 070
801  0 $a FR $b FR-751131015 $c 20210924 $g AFNOR $h FRBNF468766560000008 $2 intermrc
999    $a FRBNF468766560000008
995    $0 0 $2 0 $4 0 $5 2021-12-01 $9 435842 $b MED $c MED $e MED3A $f C2400003712 $h ACFREZZ $k Doc./250 HIS $o 0 $r PRETLIV $s DOC___250_000000000000000_HIS $w 8 $y 2024-03-28

