02248cam a2200481   4500
001 342163
003 http://www.mediathequederoubaix.fr/ark:/20179/KH342163
010    $a 978-2-03-600189-3 $b rel. $d 14,95 EUR
020    $a FR $b 02175900
033    $a http://catalogue.bnf.fr/ark:/12148/cb46893269s
035    $a FRBNF468932690000008
073  0 $a 9782036001893
090    $a 342163
091    $a 2 $b 20240508 $c 1
099    $t LI $x 13 $d 2024-05-08 $c 2021-11-26
100    $a 20211015d2021    a  y0frey50      ba
101 0  $a fre
102    $a FR
105    $a ||||z   00|y|
106    $a r
181  0 $6 01 $a i  $b xxxe   $a b  $b xb2e  
181    $6 02 $c txt $c sti $2 rdacontent
182  0 $6 01 $a n
182    $6 02 $c n $2 rdamedia
200 1  $a La nature $b Texte imprimé $e mon Larousse illustré $f Caroline Pellissier, Virginie Aladjidi, Marie Paruit
210    $a PARIS $c Larousse $d 2021
214  0 $a Paris $c Larousse jeunesse $d DL 2021
214  3 $a impr. en Espagne
215    $a 1 vol. (45 p.) $c ill. en coul. $d 28 cm
330    $a Une découverte de la faune et de la flore (fleurs, champignons, insectes), ainsi que des grands milieux naturels. Des planches documentaires permettent à l'enfant d'apprendre les noms des espèces rencontrées. ­Electre 2021
339    $a a
606    $3 11933145 $9 16215 $a Plantes $2 rameau
606    $3 11932869 $9 17630 $a Animaux $2 rameau
608    $3 12042408 $9 314947 $a Ouvrages pour la jeunesse $2 rameau
676    $a 577.083 $v 23
686    $a 570 $2 Cadre de classement de la Bibliographie nationale française
700    $3 14560244 $9 3052 $o ISNI0000000001436069 $a Pellissier $b Caroline $f 1971-.... $4 070
701    $3 14547183 $9 73736 $o ISNI000000007843140X $a Aladjidi $b Virginie $f 1971-.... $4 070
701    $3 14588316 $9 75871 $o ISNI0000000003401337 $a Paruit $b Marie $4 070
801  0 $a FR $b FR-751131015 $c 20211015 $g AFNOR $h FRBNF468932690000008 $2 intermrc
999    $a FRBNF468932690000008
995    $0 0 $2 0 $4 0 $5 2021-12-28 $9 437635 $P 14.95 $b MED $c MED $e MED2A $f C2500026123 $h JDT50ZZ $k E/500 NAT $o 0 $p 14.95 $r PRETLIV $s E_500_000000000000000_NAT $w 11 $y 2024-05-18 $A 0
995    $0 0 $2 0 $4 0 $5 2022-04-27 $9 443070 $P 14.95 $b MED $c MED $e MED0A $f C3500015810 $h JDT50ZZ $k EXT E/500 NAT $n 2024-07-13 $o 0 $r PRETLIV $s EXT_E_500_000000000000000_NAT $w 2 $y 2023-09-15

