01936cam a2200421   4500
001 342275
003 http://www.mediathequederoubaix.fr/ark:/20179/KH342275
010    $a 978-2-258-19713-8 $b br. $d 21 EUR
020    $a FR $b 02208198
033    $a http://catalogue.bnf.fr/ark:/12148/cb469057480
035    $a FRBNF469057480000004
073  0 $a 9782258197138
090    $a 342275
091    $a 2 $b 20240508 $c 1
099    $t LI $x 10 $d 2024-05-18 $c 2021-11-26
100    $a 20211104d2021    m  y0frey50      ba
101 0  $a fre
102    $a FR
105    $a ||||z   00|a|
106    $a r
181  0 $6 01 $a i  $b xxxe  
181    $6 02 $c txt $2 rdacontent
182  0 $6 01 $a n
182    $6 02 $c n $2 rdamedia
200 1  $a La fille du maître brasseur $b Texte imprimé $e roman $f Marie-Paul Armand
210    $a Paris $c Presses de la Cité $d 2021
214  0 $a Paris $c les Presses de la Cité $d DL 2021
214  3 $a 91-Villejust $c Impr. Tirage
215    $a 1 vol. (155 p.) $d 23 cm
225    $a Terres de France
330    $a Inachevé, ce roman décrit le quotidien d'un village de la région de Douai, dans le Nord, à la fin des années 1930, à travers le regard de Marianne, 11 ans. Fille du maître brasseur et orpheline de mère, elle souffre de la complicité qui unit son frère à son père, soudés par la passion de leur métier. La guerre l'oblige à partir dans la baie de Somme, un territoire non occupé. ­Electre 2021
339    $a m
410  0 $0 43824813 $t Terres de France (Paris. 2006) $x 2273-8169 $d 2021
686    $a 803 $2 Cadre de classement de la Bibliographie nationale française
700    $3 12041864 $9 102996 $o ISNI0000000059552804 $a Armand $b Marie-Paul $4 070
801  0 $a FR $b FR-751131015 $c 20211104 $g AFNOR $h FRBNF469057480000004 $2 intermrc
999    $a FRBNF469057480000004
995    $0 0 $2 0 $4 0 $5 2021-12-22 $9 437417 $b MED $c MED $e MED0C $f C3200027362 $h PRRRGZZ $k FR/R ARM $n 2024-06-08 $o 0 $p 21.00 $r PRETLIV $s FR_R_ARM $w 10 $y 2024-05-18

