02303njm0a2200337   4500
001 342385
003 http://www.mediathequederoubaix.fr/ark:/20179/KH342385
071 01 $a 3566769 $b Think Zik!
073  0 $a 0602435667690
090    $a 342385
091    $a 1 $b 20240516 $c 0
099    $t DC $x 35 $d 2024-05-16 $c 2021-12-01
100    $a 20211126d2021    u  y0frey5003    ba
101 0  $a eng
127    $a 005600
200 1  $a Voodoo cello $b [enr. sonore] $f Imany, chant
210    $a France $c Think Zik! $d 2021
215    $a 1 CD (56 min) $e 1 livret
327 1  $a If you go away $a Believer $a Wonderful life $a I'm still standing $a Les voleurs d'eau $a The A team $a All the things she said $a Like a prayer $a Total eclipse of the heart $a Take me to church $a Little black angels (Angelitos negros) $a Wild world $a Wonderful life (Stream Jockey rework)
330    $a Pour son troisième album studio, Imany a choisi de réunir huit violoncelles autour d'elle pour un album de reprises qui deviennent, sans oublier leurs racines, des chansons d'Imany au service de ses convictions. Depuis dix ans, la voix grave de l'artiste séduit le public français au rythme de compositions nourries de ses inspirations soul, folk et blues. Après le triomphe de ses deux premiers albums, de la BO du film Sous Les Jupes des filles et des deux singles, Don't Be So Shy et You Will Never Know, Imany enchaîne les succès à travers le monde.
345    $a GAM $b 0602435667690 $c disque compact $d 16,31 E
679    $a 2 $c 30
700  1 $a Imany $f 1979-.... $4 721
801  0 $a FR $b GAM $c 20211126 $g AFNOR
856 4  $u https://www.gamannecy.com/upload/albums/202111/0602435667690_thumb.jpg
856 4  $u https://www.gamannecy.com/polysson/202109/01-0602435667690.mp3 $z If you go away
856 4  $u https://www.gamannecy.com/polysson/202109/02-0602435667690.mp3 $z Believer
856 4  $u https://www.gamannecy.com/polysson/202109/03-0602435667690.mp3 $z Wonderful life
856 4  $u https://www.gamannecy.com/polysson/202109/04-0602435667690.mp3 $z I'm still standing
856 4  $u https://www.gamannecy.com/polysson/202109/05-0602435667690.mp3 $z Les voleurs d'eau
995    $0 0 $2 0 $4 0 $5 2021-12-07 $9 436119 $b MED $c MED $e MED1A $f C3100010017 $h AMV20ZZ $k DC/2 IMA 30 $l contient 1 DC + 1 livret $o 0 $p 16.81 $r PRETSON $s DC_2_000000000000000_IMA_30 $u Coup de coeur $w 35 $y 2024-05-17

