02164cam1a2200541 i 4500
001 342488
003 http://www.mediathequederoubaix.fr/ark:/20179/KH342488
005 20240511043220.0
010    $a 978-2-88957-099-7 $b br. $d 9,90 EUR
073  0 $a 9782889570997
090    $a 342488
100    $a 20200314d2020    b  |0frey5003||||ba
101 1  $a fre $c eng $c kor
102    $a CH
105    $a         0||y|
106    $a r
181  0 $6 01 $a i  $b xxxe  
181    $6 02 $c txt $2 rdacontent
182  0 $6 01 $a n
182    $6 02 $c n $2 rdamedia
183    $6 01 $a nga
183    $6 02 $a nc $2 rdacarrier
200 1  $a 100 jeux en papier $b Texte imprimé $f Kim Young-man $g traduction en anglais Irina Oryshkevich $g traduction en français Marie Kastner
210    $a Chermignon (Suisse) $c Nuinui jeunesse $d 2020
211    $a 20200611
214  0 $a Chermignon (Suisse) $c Nuinui jeunesse $d 2020
215    $a 1 vol. (160 p.) $c illustrations en couleur $d 22 x 19 cm
225 2  $a Loisirs créatifs
330    $a Des animaux, des robots, des fusées ou encore des couronnes, cent modèles à réaliser grâce à différentes techniques de pliage du papier. ­Electre 2021
333    $a A partir de 5 ans
345    $b 9782889570997
410  0 $6 362454 $t Loisirs créatifs
606    $3 11936484 $7 ba0yba0y $8 fre    $a Travail du papier $2 rameau $9 18269
608  0 $3 12042408 $7 ba0yba0y $8 fre    $a Ouvrages pour la jeunesse $2 rameau $9 314947
676    $a 736.98 $v 23
686    $a J010708 $2 electre
686    $a GJEU011 $2 electre
686    $a PJ0203 $2 electre
700  1 $6 11454966 $a Kim $b Young-man $4 070
702  1 $6 11935831 $a Oryshkevich $b Irina $4 730
702    $3 13172785 $6 146031 $7 ba0yba0y $8 fre    $a Kastner-Uomini $b Marie $4 730 $9 58244
801  3 $a FR $b Electre $c 20210811 $g AFNOR
830    $a ELECTREJEU/CdeSeptembre 20211202
856 4  $u https://www.electre.com/GetBlob.ashx?Ean=9782889570997,0-6613685&Size=Original
099    $t LI $x 6 $d 2024-05-11 $c 2021-12-02
339    $a a
091    $a 2 $b 20240511 $c 0
995    $0 0 $2 2 $4 0 $5 2021-12-28 $9 437608 $P 9.90 $b MED $c MED $e MED2A $f C2500026106 $h JDT70ZZ $k E/706 PLI $o 4 $p 9.90 $r PRETLIV $s E_706_000000000000000_PLI $w 6 $y 2023-06-18 $A 0

