02021cam a2200457   4500
001 342597
003 http://www.mediathequederoubaix.fr/ark:/20179/KH342597
010    $a 978-2-505-08988-9 $b br. $d 6,85 EUR
020    $a FR $b 02223715
033    $a http://catalogue.bnf.fr/ark:/12148/cb46855339s
035    $a FRBNF468553390000009
073  0 $a 9782505089889
090    $a 342597
091    $a 2 $b 20240514 $c 1
099    $t LI $x 18 $d 2024-05-14 $c 2021-12-04
100    $a 20210817d2021    m  y0frey50      ba
101 1  $a fre $c jpn
102    $a BE
105    $a ||||t   00|a|
106    $a r
181  0 $6 01 $a i  $b xxxe   $a b  $b xb2e  
181    $6 02 $c txt $c sti $2 rdacontent
182  0 $6 01 $a n
182    $6 02 $c n $2 rdamedia
200 1  $a Shy $h 5 $b Texte imprimé $f Bukimi Miki
210    $a Bruxelles $c Kana $d 2021
214  0 $a Bruxelles $a [Paris] $c Kana $d DL 2021
214  3 $a impr. en Italie
215    $a 1 vol. (183 p.) $c ill. $d 18 cm
300    $a Trad. du japonais
329    $c Bravo ! $2 CNLJ $k Avis critique donné par le Centre national de la littérature pour la jeunesse
330    $a Après s'être enfuie de chez elle, la mystérieuse Ai Tennôji fait la connaissance de Teru et d'Iko. Pendant ce temps, l'état d'urgence est déclaré car Amalarilk vient de lancer une nouvelle attaque. ­Electre 2021
333    $a À partir de 11 ans $2 CNLJ $k Avis critique donné par le Centre national de la littérature pour la jeunesse
339    $a m
461  0 $6 365630 $t Shy $v 5
608    $a Bandes dessinées $2 CNLJ $k Avis critique donné par le Centre national de la littérature pour la jeunesse
686    $a 805 $2 Cadre de classement de la Bibliographie nationale française
700    $3 17923460 $9 332780 $o ISNI0000000493456292 $a Miki $b Bukimi $4 070
801  0 $a FR $b FR-751131015 $c 20210817 $g AFNOR $h FRBNF468553390000009 $2 intermrc
999    $a FRBNF468553390000009
995    $0 0 $2 0 $4 0 $5 2021-12-14 $9 436704 $P 6.85 $b MED $c MED $e MED0C $f C2300012429 $h AAPBDMG $k BD MANGA/MIK $o 0 $p 6.85 $r PRETLIV $s BD_MANGA_MIK $w 18 $y 2024-04-17

