02061cam2a2200505 i 4500
001 342712
003 http://www.mediathequederoubaix.fr/ark:/20179/KH342712
005 20240514032728.0
010    $a 978-2-38071-025-0 $b br. sous jaquette $d 6,90 EUR
073  0 $a 9782380710250
090    $a 342712
100    $a 20201026d2020    |  |0frey5003||||ba
101 1  $a fre $c jpn
102    $a FR
105    $a     t   0||y|
106    $a r
181  0 $6 01 $a i  $b xxxe   $a b  $b xb2e  
181    $6 02 $c txt $c sti $2 rdacontent
182  0 $6 01 $a n
182    $6 02 $c n $2 rdamedia
183    $6 01 $a nga
183    $6 02 $a nc $2 rdacarrier
200 1  $a Spy x Family $b Texte imprimé $h 2 $f Tatsuya Endo $g traduction Satoko Fujimoto
210    $a Paris $c Kurokawa $d 2020
211    $a 20201112
214  0 $a Paris $c Kurokawa $d 2020
215    $a 1 vol. (159 p.) $c illustrations en noir et blanc $d 18 x 12 cm
300    $a Traduit du japonais
307    $a Sens de lecture japonais
330    $a L'espion Twilight, accompagné d'Anya et de Yor, tente d'approcher le chef du parti Nation Unifiée. Sa mission consiste à faire admettre Anya à Eden, prestigieuse école qui réunit les enfants de l'élite d'Ostania, puis de la faire figurer parmi les meilleurs élèves, un objectif qui s'avère difficile. ­Electre 2021
345    $b 9782380710250
461  0 $6 363602 $t Spy x Family $v 2
676    $a 741.56 $v 23
686    $a T090401 $2 electre
686    $a GRPO000 $2 electre
700    $3 16237891 $6 1166849 $7 ba0yba0f $8 fre    $a Endō $b Tatsuya $f 1980-.... $4 070 $9 327223
702    $3 14583852 $6 173616 $7 ba0yba0f $8 fre    $a Fujimoto $b Satoko $4 730 $9 76737
801  3 $a FR $b Electre $c 20211106 $g AFNOR
903    $a Bandes dessinées - Manga-Manhwa - Shonen (garçons) $b T090401
903    $a Rayon poche $b GRPO000
947    $a 6.90
099    $t LI $x 33 $d 2024-05-14 $c 2021-12-04
339    $a m
091    $a 2 $b 20240514 $c 0
995    $0 0 $2 0 $4 0 $5 2021-12-15 $9 436866 $P 6.90 $b MED $c MED $e MED0C $f C2300012468 $h AAPBDMG $k BD MANGA/END $n 2024-05-07 $o 0 $p 6.90 $r PRETLIV $s BD_MANGA_END $w 33 $y 2024-04-16

