01773cam a2200445   4500
001 342823
003 http://www.mediathequederoubaix.fr/ark:/20179/KH342823
010    $a 978-2-37506-166-4 $b br. $d 7,99 EUR
020    $a FR $b 02007300
033    $a http://catalogue.bnf.fr/ark:/12148/cb45853325g
035    $a FRBNF458533250000002
073  0 $a 9782375061664
090    $a 342823
091    $a 2 $b 20240514 $c 1
099    $t LI $x 13 $d 2024-05-14 $c 2021-12-04
100    $a 20191204d2019    m  y0frey50      ba
101 1  $a fre $c jpn
102    $a FR
105    $a ||||t   00|a|
106    $a r
181  0 $6 01 $a i  $b xxxe   $a b  $b xb2e  
181    $6 02 $c txt $c sti $2 rdacontent
182  0 $6 01 $a n
182    $6 02 $c n $2 rdamedia
200 1  $a Kase-san & le shortcake $b Texte imprimé $f Hiromi Takashima
210    $a Chennevières-sur-Marne (Val-de-Marne) $c Taifu comics $d 2019
214  0 $a [Chennevières-sur-Marne] $c Taifu comics $d impr. 2019
214  3 $a 86-Ligugé $c Aubin impr.
215    $a 1 vol. (non paginé [ca 160] p.) $c ill. $d 18 cm
225 19 $a Kase-san $v 3
330    $a Alors que le tournoi inter-lycées approche, Yamada encourage Kase mais se soucie également de son orientation scolaire. ­Electre 2021
339    $a m
454  1 $t Shortcake to Kase san
461  0 $6 355864 $t Kase-san &... $v 3
517 1  $a Kase-san et le shortcake
686    $a 805 $2 Cadre de classement de la Bibliographie nationale française
700    $3 17848349 $9 331892 $o ISNI0000000398884360 $a Takashima $b Hiromi $4 070
801  0 $a FR $b FR-751131015 $c 20191204 $g AFNOR $h FRBNF458533250000002 $2 intermrc
999    $a FRBNF458533250000002
995    $0 0 $2 0 $4 0 $5 2021-12-14 $9 436657 $P 7.99 $b MED $c MED $e MED0C $f C2300012387 $h AAPBDMG $k BD MANGA/TAK $o 0 $p 7.99 $r PRETLIV $s BD_MANGA_TAK $w 13 $y 2024-03-13

