02162cam a2200457   4500
001 342958
003 http://www.mediathequederoubaix.fr/ark:/20179/KH342958
010    $a 978-2-505-00840-8 $b br. $d 6,50 EUR
020    $a FR $b 01056303
033    $a http://catalogue.bnf.fr/ark:/12148/cb42280595n
035    $a FRBNF422805950000003
073  0 $a 9782505008408
090    $a 342958
091    $a 2 $b 20240511 $c 1
099    $t LI $x 15 $d 2024-05-11 $c 2021-12-04
100    $a 20100929d2010    m  y0frey50      ba
101 1  $a fre $c jpn
102    $a BE
105    $a ||||t   00|a|
106    $a r
181  0 $6 01 $a i  $b xxxe   $a b  $b xb2e  
181    $6 02 $c txt $c sti $2 rdacontent
182  0 $6 01 $a n
182    $6 02 $c n $2 rdamedia
200 1  $a Deadman wonderland $h 2 $b Texte imprimé $f Jinsei Kataoka, Kazuma Kondou
210    $a Bruxelles $c Kana $d 2010
215    $a 1 vol. (180 p.) $c ill., couv. ill., jaquette ill. en coul. $d 18 cm
225    $a Dark Kana
300    $a Trad. du japonais
329    $d 20101027 $f OP
330    $a Après son combat avec l'homme en rouge, Ganta se remet de ses blessures. Il découvre par la suite que l'homme en rouge se trouve dans le secteur G et décide de s'y rendre pour venger ses amis avec l'aide des détenus Yô et Shiro. De son côté, la redoutable surveillante de cellules, Makina, fait appel au robot Necro Macro afin de capturer Ganta dont on dit qu'il possède une puissance extraordinaire. ­Electre 2021
339    $a m
410  0 $0 37141834 $t Dark Kana $d 2010
461  0 $6 290367 $t Deadman wonderland $v 2
608    $a Bandes dessinées $2 CNLJ $k Avis critique donné par le Centre national de la littérature pour la jeunesse
686    $a 805 $2 Cadre de classement de la Bibliographie nationale française
700    $3 15649490 $9 96055 $o ISNI000000005523303X $a Kataoka $b Jinsei $4 070
701    $3 15649492 $9 308876 $o ISNI0000000119304133 $a Kondō $b Kazuma $4 070
801  0 $a FR $b FR-751131015 $c 20100929 $g AFNOR $h FRBNF422805950000003 $2 intermrc
999    $a FRBNF422805950000003
995    $0 0 $2 0 $4 0 $5 2021-12-09 $9 436319 $b MED $c MED $e MED0C $f C2300012109 $h AAPBDMG $k BD MANGA/KAT $o 0 $p 6.85 $r PRETLIV $s BD_MANGA_KAT $w 15 $y 2024-03-19

