01970cam2a22004331i 4500
001 343072
003 http://www.mediathequederoubaix.fr/ark:/20179/KH343072
005 20240515212047.0
010    $a 978-2-38075-402-5 $b cart. $d 12,90 EUR
073  0 $a 9782380754025
090    $a 343072
091    $a 0 $b 20220416 $c 0
099    $t LI $x 40 $d 2024-05-15 $c 2021-12-11
100    $a 20210521d2021    d  |0frey5003||||ba
101 0  $a fre
102    $a BE
105    $a     t   0||y|
106    $a r
200 1  $a La vie compliquée de Léa Olivier $b Texte imprimé $f scénario Alcante $g dessin Borecki $g d'après Catherine Girard-Audet $h 10 $i Reine des donuts
210    $a Loverval (Belgique) $c Kennes Editions $d 2021
211    $a 20211027
214  0 $a Loverval (Belgique) $c Kennes Editions $d 2021
215    $a 1 vol. (48 p.) $c illustrations en couleur $d 30 x 22 cm
225 1  $a La vie compliquée de Léa Olivier $v 10
330    $a A la recherche d'un job d'étudiant, Léa est engagée comme serveuse dans un magasin de beignets. De son côté JP rompt avec Marilou quand celle-ci lui annonce qu'elle a embrassé Félix à la soirée d'anniversaire de Léa. ­Electre 2021
333    $a A partir de 10 ans
339    $a a
345    $b 9782380754025
461  0 $t La vie compliquée de Léa Olivier $v 10
676    $a 741.56 $v 23
686    $2 electre
686    $2 electre
700    $3 14599762 $7 ba0yba0y $8 fre    $a Alcante $b Didier $f 1970-.... $4 070 $9 76723
701    $3 14528479 $7 ba0yba0y $8 fre    $a Borecki $b Ludo $f 1973-.... $4 440 $9 69356
701    $3 16591290 $7 ba0yba0y $8 fre    $a Girard-Audet $b Catherine $f 1981-.... $4 100 $9 70050
801  3 $a FR $b Electre $c 20211106 $g AFNOR
830    $a ELECTREJ/panier off déc BD 20211211
856 4  $u https://www.electre.com/GetBlob.ashx?Ean=9782380754025,0-7488518&Size=Original
995    $0 0 $2 0 $4 0 $5 2021-12-15 $9 436837 $P 12.90 $b MED $c MED $e MED2A $f C2500025611 $h JBDSRZZ $k E BD/SERIES $n 2024-06-26 $o 0 $p 12.90 $r PRETLIV $s E_BD_SERIES $w 40 $y 2024-05-15

