01910cam1a2200469 i 4500
001 343354
003 http://www.mediathequederoubaix.fr/ark:/20179/KH343354
005 20240517052513.0
010    $a 978-2-38122-053-6 $b br. $d 19,50 EUR
073  0 $a 9782381220536
090    $a 343354
100    $a 20210525d2021    |  |0frey5003||||ba
101 1  $a fre $c eng
102    $a FR
105    $a         0||a|
106    $a r
181  0 $6 01 $a i  $b xxxe  
181    $6 02 $c txt $2 rdacontent
182  0 $6 01 $a n
182    $6 02 $c n $2 rdamedia
183    $6 01 $a nga
183    $6 02 $a nc $2 rdacarrier
200 1  $a La baie des baleines $b Texte imprimé $f Jojo Moyes $g traduit de l'anglais (Grande-Bretagne) par Hortense de Chabaneix
210    $a Paris $c Hauteville $d 2021
211    $a 20210929
214  0 $a Paris $c Hauteville $d 2021
215    $a 1 vol. (445 p.) $d 22 x 15 cm
225 2  $a Hauteville romans
330    $a Au sud de Sydney, Liza McCullen mène une vie paisible avec sa fille Hannah et sa communauté soudée de Silver Bay. Un jour, Mike Dormer arrive dans l'hôtel de sa tante et bouleverse sa tranquillité. Cet Anglais élégant ne laisse pas Liza indifférente, mais ses ambitions immobilières déplaisent aux villageois. ­Electre 2021
345    $b 9782381220536
410  0 $6 362679 $t Hauteville romans
676    $a 823 $v 23
686    $a T321002 $2 electre
686    $a GLEC001 $2 electre
700    $3 14534361 $6 147342 $7 ba0yba0y $8 fre    $a Moyes $b Jojo $f 1969-.... $4 070 $9 71664
702    $3 13761622 $6 11029 $7 ba0yba0y $8 fre    $a Chabaneix $b Hortense de $4 730 $9 54125
801  3 $a FR $b Electre $c 20211022 $g AFNOR
830    $a ELECTREXMA/Lit/JLCH/2112/Lit21 20211214
099    $t LI $x 17 $d 2024-05-17 $c 2021-12-14
339    $a m
091    $a 2 $b 20240517 $c 0
995    $0 0 $2 0 $4 0 $5 2021-12-14 $9 436520 $b MED $c MED $e MED1A $f C1400012001 $h ALTROZZ $k R/MOY $n 2024-05-30 $o 0 $p 19.50 $r PRETLIV $s R_MOY $w 17 $y 2024-04-17

