02416cam1a2200589 i 4500
001 343461
003 http://www.mediathequederoubaix.fr/ark:/20179/KH343461
005 20240517053035.0
010    $a 978-2-7556-9069-9 $b rel. $d 24,95 EUR
073  0 $a 9782755690699
090    $a 343461
100    $a 20210723d2021    m  |0frey5003||||ba
101 0  $a fre
102    $a FR
105    $a         0||y|
106    $a r
181  0 $6 01 $a i  $b xxxe   $a b  $b xb2e  
181    $6 02 $c txt $c sti $2 rdacontent
182  0 $6 01 $a n
182    $6 02 $c n $2 rdamedia
183    $6 01 $a nga
183    $6 02 $a nc $2 rdacarrier
200 1  $a Clint Eastwood $b Texte imprimé $e le dernier des géants $f Guillaume Evin
210    $a Paris $c Hugo Image $d 2021
211    $a 20211104
214  0 $a Paris $c Hugo Image $d 2021
215    $a 1 vol. (191 p.) $c illustrations en noir et en couleur $d 30 x 22 cm
222    $a 
330    $a Une présentation de la carrière prolifique de l'acteur-réalisateur, célèbre pour ses rôles de l'Homme sans nom et de l'inspecteur Harry dans les années 1960 et 1970 ainsi que pour ses films Sur la route de Madison, Mystic river ou encore Gran Torino. ­Electre 2021
333    $a Tout public
345    $b 9782755690699
600    $3 12543077 $7 ba0yba0y $8 fre    $a Eastwood $b Clint $f 1930-.... $2 rameau $9 39837
608  0 $3 11935764 $7 ba0yba0y $8 fre    $a Biographie $2 rameau $9 107
608  0 $3 11975813 $7 ba0yba0y $8 fre    $a Ouvrages illustrés $2 rameau $9 580
676    $a 791.430 92 $v 23 $a  $2 rameau
686    $a T110602 $2 electre
686    $a GDOC001 $2 electre
686    $a GDOC007 $2 electre
686    $a PG0100 $2 electre
700    $3 14459963 $6 138797 $7 ba0yba0y $8 fre    $a Evin $b Guillaume $f 1971-.... $4 070 $9 111202
801  3 $a FR $b Electre $c 20211112 $g AFNOR
830    $a ELECTREA/CI/2021 Décembre Arts Théâtre 20211214
902    $a Grand public - Tout public $b PG0100
903    $a Cinéma - Métiers et techniques du cinéma - Réalisateurs, scénaristes $b T110602
903    $a Documents, essais - Biographies $b GDOC001
903    $a Documents, essais - Beaux livres illustrés $b GDOC007
947    $c 22.70 $a 24.95
969    $h  1 $a 1 $d  900
099    $t LI $d 2024-05-17 $x 9 $c 2021-12-14
339    $a m
091    $a 2 $b 20240517 $c 0
995    $0 0 $2 0 $4 0 $5 2021-12-31 $9 437711 $b MED $c MED $e MED1A $f C1400012160 $h AAPCIDC $k Doc./794 EAS $o 0 $p 24.95 $r PRETLIV $s DOC___794_000000000000000_EAS $w 9 $y 2024-01-23

