00829ncm a22002173  4500
001 343575
003 http://www.mediathequederoubaix.fr/ark:/20179/KH343575
073    $a 9788850727872 $d 29.50
090    $a 343575
091    $a 0
099    $t PA $x 7 $d 2023-11-28 $c 2021-12-15
100    $a 20211215d2014    u||y0frey50      ba
101    $a fre
200    $a Tout sur les gammes $b Musique imprimée $e pour guitare électrique et acoustique $f Christophe Rime
210    $c Carisch $d 2014
215    $a 111 p. $c couv. ill. $d 30 cm $e 1 d.c.
606    $9 248304 $a Guitare $x Méthodes $x Partitions
679    $a 841
700    $9 332087 $a Rime $b Christophe
801    $a FR $b 595126101 $c 20211215 $g AFNOR
995    $0 0 $2 0 $4 0 $5 2021-12-15 $9 436941 $b MED $c MED $e MED1A $f C3100010004 $h AMV00MM $k PA/841 GUI $l 1 d.c. $o 0 $p 29.50 $r PRETPAR $s PA_841_000000000000000_GUI $w 7 $y 2023-12-20

