02112cam a2200433   4500
001 343688
003 http://www.mediathequederoubaix.fr/ark:/20179/KH343688
010    $a 978-2-330-15521-6 $b rel. $d 16,50 EUR
020    $a FR $b 02218355
033    $a http://catalogue.bnf.fr/ark:/12148/cb468921814
035    $a FRBNF468921810000002
073  0 $a 9782330155216
090    $a 343688
091    $a 2 $b 20240508 $c 1
099    $t LI $x 13 $d 2024-05-08 $c 2021-12-21
100    $a 20211014d2021    a  y0frey50      ba
101 0  $a fre
102    $a FR
105    $a ||||z   00|a|
106    $a r
181  0 $6 01 $a i  $b xxxe   $a b  $b xb2e  
181    $6 02 $c txt $c sti $2 rdacontent
182  0 $6 01 $a n
182    $6 02 $c n $2 rdamedia
200 1  $a Le secret des parents $b Texte imprimé $f Nicolas Mathieu, Pierre-Henry Gomont
210    $a Arles $c Actes Sud junior $d DL 2021
214  0 $a Arles $c Actes Sud junior $d DL 2021
214  3 $a impr. en Lettonie
215    $a 1 vol. (non paginé [25] p.) $c ill. en coul. $d 33 cm
330    $a Le petit Kleber se demande pourquoi les grandes personnes sont parfois si méchantes avec les enfants. Sa grand-mère lui révèle un jour que c'est parce qu'ils ont oublié qu'ils ont été eux-mêmes des enfants autrefois. Fort de ce savoir, il se jure de ne jamais oublier. ­Electre 2021
339    $a a
608    $a Albums $2 CNLJ $k Avis critique donné par le Centre national de la littérature pour la jeunesse
686    $a 809 $2 Cadre de classement de la Bibliographie nationale française
700    $3 16752779 $9 294016 $o ISNI0000000428549935 $a Mathieu $b Nicolas $f 1978-.... $4 070
701    $3 16269178 $9 107103 $o ISNI0000000118994187 $a Gomont $b Pierre-Henry $f 1978-.... $4 070
801  0 $a FR $b FR-751131015 $c 20211014 $g AFNOR $h FRBNF468921810000002 $2 intermrc
999    $a FRBNF468921810000002
995    $0 0 $2 0 $4 0 $5 2022-01-05 $9 437785 $P 16.50 $b MED $c MED $e MED2A $f C2500026019 $h JABEFAE $k E A/GOM $o 0 $p 16.50 $r PRETLIV $s E_A_GOM $w 11 $y 2024-04-03 $A 0
995    $0 0 $2 0 $4 0 $5 2022-04-14 $9 442578 $P 16.50 $b MED $c MED $e MED0A $f C3500015620 $h JABEFAE $k EXT E A/MAT $n 2024-07-11 $o 0 $r PRETLIV $s EXT_E_A_MAT $w 2 $y 2023-09-23

