03163cam a2200469   4500
001 343788
003 http://www.mediathequederoubaix.fr/ark:/20179/KH343788
010    $a 978-2-0812-1978-6 $b br. $d 12 EUR
020    $a FR $b 00905285
033    $a http://catalogue.bnf.fr/ark:/12148/cb414071337
035    $a FRBNF414071330000005
073  0 $a 9782081219786
090    $a 343788
091    $a 2 $b 20240508 $c 1
099    $t LI $d 2024-05-08 $x 2 $c 2021-12-21
100    $a 20090108d2009    a  y0frey50      ba
101 0  $a fre
102    $a FR
105    $a ||||z   00|a|
106    $a r
181  0 $6 01 $a i  $b xxxe  
181    $6 02 $c txt $2 rdacontent
182  0 $6 01 $a n
182    $6 02 $c n $2 rdamedia
200 1  $a Gertrude et le Nouveau Monde $b Texte imprimé $f Anne-Marie Desplat-Duc
210    $a Paris $c Flammarion $d DL 2009 $e 59-Villeneuve-d'Ascq $g Impr. Nord compo
215    $a 1 vol. (373 p.) $c couv. ill. en coul. $d 21 cm
225 19 $a Les colombes du Roi-Soleil $v 8
321    $a La Revue des livres pour enfants $x 0398-8384
329    $c Intéressant $a On suit le parcours de Gertrude, l'une des pensionnaires de St-Cyr - où Mme de Maintenon rassemblait desjeunes filles nobles pour leur donner une bonne éducation. Gertrude avait tenté (cf. t.5, Le Rêve d'Isabeau) d'empoisonner à la ciguë un professeur qui voulait interdire son amitié avec Anne. Retour sur l'affaire, selon le point de vue de Gertrude et celui d'Anne, en chapitres alternés. Gertrude est emprisonnée aux Madelonnettes, une prison pour femmes, puis bénéficie d'un transfert au Québec - la politique de peuplement du Nouveau Monde incite à y envoyer des femmes pauvres ou condamnées. Anne, quant à elle, est restée à St-Cyr où la vie est bien monotone. Un intérêt documentaire (les conditions de vie au Canada), une histoire bien construite, même si les personnages manquent de finesse psychologique : au total un roman intéressant et agréable à lire. $d 20090204 $f MA $2 CNLJ $k Avis critique donné par le Centre national de la littérature pour la jeunesse
330    $a Après avoir été renvoyée de Saint-Cyr, Gertrude part s'installer en Nouvelle-France pour épouser un colon. Mais une fois là-bas, la dureté de la vie se fait vite sentir d'autant que son mari est violent. Elle s'éprend alors d'un Iroquois qui lui fait découvrir sa culture. ­Electre 2021
333    $a À partir de 11 ans $2 CNLJ $k Avis critique donné par le Centre national de la littérature pour la jeunesse
339    $a a
461  0 $0 40121145 $t Les colombes du Roi-Soleil $v 8
608    $a Romans $2 CNLJ $k Avis critique donné par le Centre national de la littérature pour la jeunesse
609    $2 rbxRomJ $a Romans historiques
676    $a 811.5 $v 23
686    $a 809 $2 Cadre de classement de la Bibliographie nationale française
700    $3 12057311 $9 12017 $o ISNI0000000073588838 $a Desplat-Duc $b Anne-Marie $f 1948-.... $4 070
801  0 $a FR $b FR-751131015 $c 20090108 $g AFNOR $h FRBNF414071330000005 $2 intermrc
999    $a FRBNF414071330000005
995    $0 0 $2 0 $4 0 $5 2021-12-22 $9 437422 $P 12.00 $b MED $c MED $e MED2A $f C2500025947 $h JROROZZ $k E R/DES $o 0 $p 12.00 $r PRETLIV $s E_R_DES $w 2 $y 2024-02-23

