02080cam a2200469   4500
001 343900
003 http://www.mediathequederoubaix.fr/ark:/20179/KH343900
010    $a 978-2-215-17183-6 $b rel. $d 7,95 EUR
020    $a FR $b 02173059
033    $a http://catalogue.bnf.fr/ark:/12148/cb468683100
035    $a FRBNF468683100000008
073  0 $a 9782215171836
090    $a 343900
091    $a 2 $b 20240510 $c 1
099    $t LI $d 2024-05-10 $x 7 $c 2021-12-23
100    $a 20210914d2020    a  y0frey50      ba
101 0  $a fre
102    $a FR
105    $a ||||z   00|y|
106    $a r
181  0 $6 01 $a i  $b xxxe   $a b  $b xb2e  
181    $6 02 $c txt $c sti $2 rdacontent
182  0 $6 01 $a n
182    $6 02 $c n $2 rdamedia
200 1  $a Le hip-hop $b Texte imprimé $f textes, Thomas Blondeau
210    $a Paris $c Fleurus $d DL 2020
214  0 $a Paris $c Fleurus $d DL 2020
214  3 $a impr. en Italie
215    $a 1 vol. (21 p.-[2] f. de pl. dépl.) $c ill. en coul. $d 30 cm
225    $a La grande imagerie
330    $a Un documentaire illustré pour découvrir les artistes de rap, le graffiti et la danse hip-hop. Avec un poster présentant les albums du Top 30 du rap français et du rap américain. ­Electre 2021
339    $a a
410  0 $0 34287052 $t La Grande imagerie $x 1264-1790 $d 2020
606    $3 12500324 $9 48977 $a Hip-hop $3 11934444 $9 494 $x Histoire $2 rameau
608    $3 12042408 $9 314947 $a Ouvrages pour la jeunesse $2 rameau
676    $a 781.649 $v 23
686    $a 780 $2 Cadre de classement de la Bibliographie nationale française
700    $3 15567874 $9 103164 $o ISNI0000000035345798 $a Blondeau $b Thomas $f 1977-.... $4 070
801  0 $a FR $b FR-751131015 $c 20210914 $g AFNOR $h FRBNF468683100000008 $2 intermrc
999    $a FRBNF468683100000008
995    $0 0 $2 0 $4 0 $5 2022-01-21 $9 438791 $P 7.95 $b MED $c MED $e MED2A $f C2500026326 $h JDT70ZZ $k E/785.2 ABC $o 0 $p 7.95 $r PRETLIV $s E_785_200000000000000_ABC $w 6 $y 2023-11-18
995    $0 0 $2 0 $4 0 $5 2022-05-07 $9 443616 $P 7.95 $b MED $c MED $e MED0A $f C3500015711 $h JDT70ZZ $k EXT E/788.1 ABC $n 2024-06-29 $o 0 $r PRETLIV $s EXT_E_788_100000000000000_ABC $w 1 $y 2022-08-25

