02372cam1a2200577 i 4500
001 344012
003 http://www.mediathequederoubaix.fr/ark:/20179/KH344012
005 20240516051211.0
010    $a 978-2-212-57283-4 $b br. $d 24,90 EUR
073  0 $a 9782212572834
090    $a 344012
100    $a 20190627d2019    m  |0frey5003||||ba
101 0  $a fre
102    $a FR
105    $a         0||y|
106    $a r
181  0 $6 01 $a i  $b xxxe   $a b  $b xb2e  
181    $6 02 $c txt $c sti $2 rdacontent
182  0 $6 01 $a n
182    $6 02 $c n $2 rdamedia
183    $6 01 $a nga
183    $6 02 $a nc $2 rdacarrier
200 1  $a Le grand livre de la longévité $b Texte imprimé $f sous la direction de Nicolas Menet $g Ghislaine Bottero, Clément Boxebeld, Alexandre Faure et al.
210    $a Paris $c Eyrolles $d 2019
211    $a 20191114
214  0 $a Paris $c Eyrolles $d 2019
215    $a 1 vol. (196 p.) $c illustrations en noir et blanc $d 23 x 19 cm
222    $a 
300    $a Bibliogr. Index
330    $a Des conseils de psychologues, sexologues ou encore gérontologues pour vivre plus longtemps tout en restant en bonne santé et en étant intégré dans la société. ­Electre 2022
333    $a Tout public
345    $b 9782212572834
606    $3 11965226 $7 ba0yba0y $8 fre    $a Vieillissement $x Aspect psychologique $3 11975688 $2 rameau $9 517
606    $3 12152422 $7 ba0yba0y $8 fre    $a Personnes âgées $x Santé et hygiène $3 11975688 $2 rameau $9 111655
606    $3 11947018 $7 ba0yba0y $8 fre    $a Vieillissement $x Prévention $3 11975688 $2 rameau $9 47729
676    $a 613.043 $v 23 $a Lucie $2 rameau
686    $a T100401 $2 electre
686    $a GOPV001 $2 electre
686    $a PG0100 $2 electre
702  1 $3 17735907 $9 333256 $6 11938719 $a Menet $b Nicolas $4 651
801  3 $a FR $b Electre $c 20210310 $g AFNOR
830    $a ELECTREA/CI/2021 Novembre bis Vie Quot etc 20220104
902    $a Grand public - Tout public $b PG0100
903    $a Bien-être et santé - Santé et hygiène - Santé $b T100401
903    $a Ouvrages pratiques - Conseils pratiques $b GOPV001
947    $c 24.90 $a 24.90
969    $h  1 $a 1 $d  000
099    $t LI $x 13 $d 2024-05-16 $c 2022-01-04
339    $a m
091    $a 2 $b 20240516 $c 0
995    $0 0 $2 0 $4 0 $5 2022-01-11 $9 438240 $b MED $c MED $e MED1A $f C1400012355 $h AAPPLMS $k Doc./618 GER $n 2024-06-07 $o 0 $p 24.90 $r PRETLIV $s DOC___618_000000000000000_GER $w 13 $y 2024-04-26

