01674cam a2200385   4500
001 344118
003 http://www.mediathequederoubaix.fr/ark:/20179/KH344118
010    $a 978-2-87142-696-7 $b rel. $d 10,90 EUR
020    $a FR $b 01011534
033    $a http://catalogue.bnf.fr/ark:/12148/cb421382183
035    $a FRBNF421382180000003
073  0 $a 9782871426967
090    $a 344118
091    $a 2 $b 20240516 $c 1
099    $t LI $x 29 $d 2024-05-16 $c 2022-01-04
100    $a 20100204d2010    a  y0frey50      ba
101 0  $a fre
102    $a BE
105    $a ||||z   00|a|
106    $a r
181  0 $6 01 $a i  $b xxxe  
181    $6 02 $c txt $2 rdacontent
182  0 $6 01 $a n
182    $6 02 $c n $2 rdamedia
200 1  $a La chasse au monstre $b Texte imprimé $f Norbert Landa, Tim Warnes
210    $a Namur (Belgique) $c Mijade $a [Lagny-sur-Marne] $c [diff. Sodis] $d cop. 2010 $e impr. à Singapour
215    $a 1 vol. (non paginé [24] p.) $c ill. en coul., couv. ill. en coul. $d 29 cm
330    $a Petite Cane entend des cris monstrueux sous son lit. Tous ses amis l'aident à découvrir et à démasquer le monstre qui se cache dans sa chambre. ­Electre 2022
339    $a a
686    $a 809 $2 Cadre de classement de la Bibliographie nationale française
700    $3 11910903 $9 14020 $o ISNI0000000122824893 $a Landa $b Norbert $f 1952-.... $4 070
701    $3 13015872 $9 41939 $o ISNI0000000073634398 $a Warnes $b Tim $4 070
801  0 $a FR $b FR-751131015 $c 20100204 $g AFNOR $h FRBNF421382180000003 $2 intermrc
999    $a FRBNF421382180000003
995    $0 0 $2 0 $4 0 $5 2022-01-12 $9 438357 $P 12.00 $b MED $c MED $e MED2A $f C2500026203 $h JABPFAF $k PE A/WAR $n 2024-05-31 $o 0 $p 12.00 $r PRETLIV $s PE_A_WAR $w 29 $y 2024-04-19 $A 0

