02484cam a2200493   4500
001 344236
003 http://www.mediathequederoubaix.fr/ark:/20179/KH344236
010    $a 978-2-36836-249-5 $b rel. $d 14,00 EUR
020    $a FR $b 02221096
033    $a http://catalogue.bnf.fr/ark:/12148/cb46911379d
035    $a FRBNF469113790000004
073  0 $a 9782368362495
090    $a 344236
091    $a 2 $b 20240504 $c 1
099    $t LI $x 20 $d 2024-05-04 $c 2022-01-11
100    $a 20211115d2021    a  y0frey50      ba
101 0  $a fre
102    $a FR
105    $a ||||z   00|a|
106    $a r
181  0 $6 01 $a i  $b xxxe   $a b  $b xb2e  
181    $6 02 $c txt $c sti $2 rdacontent
182  0 $6 01 $a n
182    $6 02 $c n $2 rdamedia
200 1  $a Noah de Montréal $b Texte imprimé $f Stéphane Husar, Mylène Rigaudie
210  0 $a Paris $c ABC melody $d DL 2021
214  0 $a Paris $c ABC melody $d DL 2021
214  3 $a impr. en Pologne
215    $a 1 vol. (31 p.) $c ill. en coul. $d 23 cm
225    $a Viens voir ma ville
300    $a Lexique québécois-français
329    $c Pourquoi pas ? $2 CNLJ $k Avis critique donné par le Centre national de la littérature pour la jeunesse
330    $a Noah, un jeune Québécois de 8 ans, invite le lecteur à une visite de Montréal et de ses monuments tout en racontant sa vie quotidienne. Avec un bonus audio MP3 pour écouter l'histoire et des sons de la ville. ­Electre 2022
333    $a À partir de 6 ans $2 CNLJ $k Avis critique donné par le Centre national de la littérature pour la jeunesse
339    $a a
410  0 $0 42385632 $t Viens voir ma ville $d 2021
608    $a Documentaires : sciences humaines $2 CNLJ $k Avis critique donné par le Centre national de la littérature pour la jeunesse
686    $a 809 $2 Cadre de classement de la Bibliographie nationale française
700    $3 15540367 $9 116270 $o ISNI0000000106556104 $a Husar $b Stéphane $f 1963-.... $4 070
701    $3 15973684 $9 23562 $o ISNI0000000057115520 $a Rigaudie $b Mylène $f 1983-.... $4 070
801  0 $a FR $b FR-751131015 $c 20211115 $g AFNOR $h FRBNF469113790000004 $2 intermrc
999    $a FRBNF469113790000004
995    $0 0 $2 0 $4 0 $5 2022-01-21 $9 438794 $b MED $c MED $e MED2A $f C2500026364 $h JABEFDT $k E A Doc./GEO $o 0 $p 14.00 $r PRETLIV $s E_A_DOC__GEO $u Sélection Québec. Gribouillé sur la page de garde $w 18 $y 2024-05-14 $7  $8  $A  $m  $z 
995    $0 0 $2 0 $4 0 $5 2022-04-14 $9 442537 $P 14.00 $b MED $c MED $e MED0A $f C3500015651 $h JDT90ZZ $k EXT E/908 CAN $o 0 $r PRETLIV $s EXT_E_908_000000000000000_CAN $w 2 $y 2024-04-20

