02537cam a2200505   4500
001 344341
003 http://www.mediathequederoubaix.fr/ark:/20179/KH344341
010    $a 978-2-8116-6465-7 $b br. $d 7,20 EUR
020    $a FR $b 02174559
033    $a http://catalogue.bnf.fr/ark:/12148/cb468324524
035    $a FRBNF468324520000005
073  0 $a 9782811664657
090    $a 344341
091    $a 2 $b 20240511 $c 1
099    $t LI $x 12 $d 2024-05-11 $c 2022-01-20
100    $a 20210709d2021    m  y0frey50      ba
101 1  $a fre $c jpn
102    $a FR
105    $a ||||t   00|a|
106    $a r
181  0 $6 01 $a i  $b xxxe   $a b  $b xb2e  
181    $6 02 $c txt $c sti $2 rdacontent
182  0 $6 01 $a n
182    $6 02 $c n $2 rdamedia
200 1  $a Carole & Tuesday $h 3 $b Texte imprimé $f Morito Yamataka $g oeuvre originale, Bones, Shinichiro Watanabe
210  0 $a [Vanves] $c Nobi nobi ! $d DL 2021
214  0 $a [Vanves] $c Nobi nobi ! $d DL 2021
214  3 $a 53-Mayenne $c Impr. Jouve
215    $a 1 vol. (205 p.) $c ill. $d 18 cm
225    $a Shônen $e 11 ans et plus $x 2677-5239
300    $a Trad. du japonais
329    $2 CNLJ $k Avis critique donné par le Centre national de la littérature pour la jeunesse
330    $a Carole et Tuesday ont réalisé leur rêve de devenir des musiciennes reconnues en participant au télécrochet Mars brightest. Mais la méthodique Angela et la mystérieuse Cybelle, deux rivales, leur donnent du fil à retordre. De plus, Ertegun, l'un des juges de l'émission, ne voit pas la présence de Tuesday d'un bon oeil, étant de la même famille que la jeune fille. ­Electre 2022
333    $a À partir de 11 ans $2 CNLJ $k Avis critique donné par le Centre national de la littérature pour la jeunesse
339    $a m
410  0 $0 45712912 $t Shônen (Vanves) $x 2677-5239 $d 2021
461  0 $0 46713781 $t Carole & Tuesday $v 3
608    $a Bandes dessinées $2 CNLJ $k Avis critique donné par le Centre national de la littérature pour la jeunesse
686    $a 805 $2 Cadre de classement de la Bibliographie nationale française
700    $3 17928737 $9 330696 $o ISNI0000000494109428 $a Yamataka $b Morito $4 070
702    $3 14033335 $9 330697 $o ISNI0000000119445761 $a Watanabe $b Shin'ichirō $f 1965-.... $4 100
712 11 $3 14502433 $9 96058 $a Bones $c Firme $4 100
801  0 $a FR $b FR-751131015 $c 20210709 $g AFNOR $h FRBNF468324520000005 $2 intermrc
999    $a FRBNF468324520000005
995    $0 0 $2 0 $4 0 $5 2022-01-25 $9 438949 $P 7.20 $b MED $c MED $e MED0C $f C2300012652 $h AAPBDMG $k BD MANGA/YAM $o 0 $p 7.20 $r PRETLIV $s BD_MANGA_YAM $w 12 $y 2024-04-05

