02090cam1a2200529 i 4500
001 344454
003 http://www.mediathequederoubaix.fr/ark:/20179/KH344454
005 20240504072613.0
010    $a 9782234088863 $b br. $d 19,90 EUR
073  0 $a 9782234088863
090    $a 344454
100    $a 20211021d2022    |  |0frey5003||||ba
101 0  $a fre
102    $a FR
105    $a         0||a|
106    $a r
181  0 $6 01 $a i  $b xxxe  
181    $6 02 $c txt $2 rdacontent
182  0 $6 01 $a n
182    $6 02 $c n $2 rdamedia
183    $6 01 $a nga $2 rdafrcarrier
183    $6 02 $a nc $2 rdacarrier
200 1  $a Presque le silence $b Texte imprimé $e roman $f Julie Estève
210    $a Paris $c Stock $d 2022
211    $a 20220112
214  0 $a Paris $c Stock $d 2022
215    $a 1 vol. (279 p.) $d 22 x 14 cm
225 2  $a Bleue
330    $a Mal dans sa peau, Cassandre est victime de brimades à cause de ses cheveux roux et frisés. Un jour, elle se rend chez un voyant pour connaître son avenir. Celui-ci lui révèle alors cinq prophéties effrayantes. A mesure que Cassandre grandit, ces révélations ne cessent de la hanter. Un roman d'apprentissage, écologique et tragique, qui raconte la vie d'une femme de son enfance à sa mort. ­Electre 2022
345    $b 9782234088863
410  0 $6 43087 $7 4321190000 $t Bleue
676    $a 843 $v 23
686    $a T321002 $2 electre
686    $a GLFC001 $2 electre
700    $3 16166704 $6 11276284 $7 ba0yba0y $8 fre    $a Estève $b Julie $f 1979-.... $4 070 $9 266317
801  3 $a FR $b Electre $c 20220119 $g AFNOR
830    $a ELECTREXMA/Lit/JLCH/2202/Lit2 20220205
903    $a Littérature moderne et contemporaine - Romans - Romans $b T321002
903    $a Littérature française contemporaine - Texte en langue originale $b GLFC001
921    $a Inès
939    $a 
947    $c 18.11 $a 19.90
969    $h  1 $a 1 $d  900
099    $t LI $x 3 $d 2024-05-04 $c 2022-02-05
339    $a m
091    $a 2 $b 20240504 $c 0
995    $0 0 $2 0 $4 0 $5 2022-02-05 $9 439463 $b MED $c MED $e MED1A $f C1400012679 $h ALTROZZ $k R/EST $o 0 $p 19.90 $r PRETLIV $s R_EST $w 3 $y 2023-04-04 $A 0

