01622ngm0a22003491i 4500
001 344561
003 http://www.mediathequederoubaix.fr/ark:/20179/KH344561
010    $d 39,26 EUR TTC
073  0 $a 5051889668619 $d 59,48 EUR TTC
090    $a 344561
091    $a 1 $b 20240508 $c 0
099    $t VD $x 21 $d 2024-05-08 $c 2022-02-08
100    $a 20220208d2020    u  y0frey5003    ba
101    $a fre
102    $a FR
200 1  $a Cette musique ne joue pour personne $b DVD $f Samuel Benchetrit, réal. $g Gabor Rassov, Samuel Benchetrit, scénario $g Gabor Rassov, Samuel Benchetrit, dial. $g François Damiens, Ramzy Bedia, Vanessa Paradis... [et al.], act.
210    $c UGC Vidéo $d 2022
215    $a 1 DVD (103 min) PAL $c 16/9, Couleur, Dolby Digital 5.1
300    $a Prêt + Consultation
330    $a Dans une ville portuaire, des êtres isolés, habitués à la violence, vont soudain voir leurs vies bouleversées par le théâtre, la poésie et l'art. Et leurs quotidiens, transformés par l'amour... 
339    $a m
606    $a Comédies dramatiques (cinéma) $x DVD $y France $2 rameau
700  1 $a Benchetrit $b Samuel $f 1973-.... $4 370 $4 690 $4 090
702  1 $a Damiens $b François $f 1973-.... $4 005
702  1 $a Bedia $b Ramzy $4 005
702  1 $a Paradis $b Vanessa $f 1972-.... $4 005
702  1 $a Kervern $b Gustave $f 0000-.... $4 005
702  1 $a Lanners $b Bouli $f 1965-.... $4 005
702  1 $a Bruni Tedeschi $b Valeria $4 005
702  1 $a Rassov $b Gabor $4 690 $4 090
801  0 $a FR $b COLACO $c 20220208 $g AFNOR
995    $0 0 $2 0 $4 0 $5 2022-02-26 $9 440269 $b MED $c MED $e MED1A $f C1400012805 $h AAPCIFI $k DVD/F BEN $o 0 $p 39.00 $r PRETDVD $s DVD_F_BEN $w 21 $y 2023-11-04

