02052njm0a2200337   4500
001 344670
003 http://www.mediathequederoubaix.fr/ark:/20179/KH344670
071 01 $a 9029575790 $b Parlophone
073  0 $a 0190295757908
090    $a 344670
091    $a 1 $b 20240516 $c 0
099    $t DC $x 13 $d 2024-05-16 $c 2022-02-18
100    $a 20220204d2018    u  y0frey5003    ba
101 0  $a eng
127    $a 011700
200 1  $a Heavy horses $b [enr. sonore] $f Jethro Tull, ens. voc. & instr.
210    $a Londres $c Parlophone Records $d 2018
215    $a 1 CD (77 min)
327 1  $a ...And the mouse police never sleeps $a Acres wild $a No lullaby $a Moths $a Journeyman $a Rover $a One brown mouse $a Heavy horses $a Weathercock $a Living in these hard times (Version 2) (Previously unreleased) $a Everything in our lives (Previously unreleased) $a Jack-a-Lynn (Early version) (Previously unreleased) $a Quatrain (Studio version) (Previously unreleased) $a Horse-hoeing husbandry (Previously unreleased) $a Beltane $a Botanic man (Previously unreleased) $a Living in these hard times (Version 1) $a Botanic man theme (Previously unreleased)
345    $a GAM $b 0190295757908 $c disque compact $d 18,44 E
610    $a Rock progressif
679    $a 2 $c 40
710 02 $a Jethro Tull $4 590 $4 ens. voc. & instr.
801  0 $a FR $b GAM $c 20220204 $g AFNOR
856 4  $u https://www.gamannecy.com/upload/albums/201803/0190295757908_thumb.jpg
856 4  $u https://gam.hosting-media.net/partners/10000001/0190295757908-01_01.mp3 $z ...And the mouse police never sleeps
856 4  $u https://gam.hosting-media.net/partners/10000001/0190295757908-01_02.mp3 $z Acres wild
856 4  $u https://gam.hosting-media.net/partners/10000001/0190295757908-01_03.mp3 $z No lullaby
856 4  $u https://gam.hosting-media.net/partners/10000001/0190295757908-01_04.mp3 $z Moths
856 4  $u https://gam.hosting-media.net/partners/10000001/0190295757908-01_05.mp3 $z Journeyman
995    $0 0 $2 0 $4 0 $5 2022-02-22 $9 439957 $b MED $c MED $e MED1A $f C3100010240 $h AMV20ZZ $k DC/2 JET 40 $o 0 $p 17.05 $r PRETSON $s DC_2_000000000000000_JET_40 $w 13 $y 2024-01-05

