02163cam1a2200553 i 4500
001 344779
003 http://www.mediathequederoubaix.fr/ark:/20179/KH344779
005 20240504073116.0
010    $a 978-2-01-945784-6 $b cart. $d 12,90 EUR
073  0 $a 9782019457846
090    $a 344779
100    $a 20201001d2021    b  |0frey5003||||ba
101 1  $a fre $c eng
102    $a FR
105    $a         0||y|
106    $a r
181  0 $6 01 $a i  $b xxxe   $a b  $b xb2e  
181    $6 02 $c txt $c sti $2 rdacontent
182  0 $6 01 $a n
182    $6 02 $c n $2 rdamedia
183    $6 01 $a nga $2 rdafrcarrier
183    $6 02 $a nc $2 rdacarrier
200 1  $a Peut-être $b Texte imprimé $e une histoire sur les talents infinis de chacun d'entre nous $f textes de Kobi Yamada $g illustrations de Gabriella Barouch $g traduction Anne-Laure Estèves
210    $a Paris $c Le Lotus et l'éléphant $d 2021
211    $a 20210908
214  0 $a Paris $c Le Lotus et l'éléphant $d 2021
215    $a 1 vol. (48 p.) $c illustrations en couleur $d 32 x 23 cm
225 2  $a Le lotus & le petit éléphant
225 2  $a Beaux livres
300    $a Traduit de l'américain
330    $a Une histoire dont l'enfant peut s'inspirer afin de se découvrir lui-même et de prendre la mesure de son potentiel illimité. ­Electre 2022
333    $a A partir de 4 ans
345    $b 9782019457846
410  0 $6 372198 $t Le lotus & le petit éléphant
410  0 $6 365197 $t Beaux livres
686    $a J000107 $2 electre
686    $a GJEU002 $2 electre
686    $a GJEU015 $2 electre
686    $a PJ0202 $2 electre
700  1 $6 12171487 $a Yamada $b Kobi $4 070
702  1 $6 12171489 $a Barouch $b Gabriella $4 440
702    $3 14607671 $6 1128479 $7 ba0yba0y $8 fre    $a Estèves $b Anne-Laure $4 730 $9 110768
801  3 $a FR $b Electre $c 20220121 $g AFNOR
830    $a ELECTREpanier J 20220224
856 4  $u https://www.electre.com/GetBlob.ashx?Ean=9782019457846,0-6974386&Size=Original
099    $t LI $x 19 $d 2024-05-04 $c 2022-02-24
339    $a a
091    $a 2 $b 20240504 $c 0
995    $0 0 $2 0 $4 0 $5 2022-02-25 $9 440246 $P 12.90 $b MED $c MED $e MED2A $f C2500026716 $h JABPFAF $k PE A/BAR $o 0 $p 12.90 $r PRETLIV $s PE_A_BAR $w 19 $y 2024-05-14

