02085cam1a2200529 i 4500
001 344883
003 http://www.mediathequederoubaix.fr/ark:/20179/KH344883
005 20240504073158.0
010    $a 9782070135349 $b br. $d 17 EUR
073  0 $a 9782070135349
090    $a 344883
100    $a 20211027d2022    |  |0frey5003||||ba
101 0  $a fre
102    $a FR
105    $a         0||a|
106    $a r
181  0 $6 01 $a i  $b xxxe  
181    $6 02 $c txt $2 rdacontent
182  0 $6 01 $a n
182    $6 02 $c n $2 rdamedia
183    $6 01 $a nga $2 rdafrcarrier
183    $6 02 $a nc $2 rdacarrier
200 1  $a Antarctique $b Texte imprimé $e roman $f Olivier Bleys
210    $a Paris $c Gallimard $d 2022
211    $a 20220210
214  0 $a Paris $c Gallimard $d 2022
215    $a 1 vol. (190 p.) $d 21 x 14 cm
225 2  $a Blanche
330    $a En janvier 1961, dans la station polaire soviétique de Daleko, cinq hommes sont chargés par le Parti d'affirmer la présence russe dans la région. Vadim, l'un d'eux, convaincu que Nikolaï a triché durant leur partie d'échecs, le tue d'un coup de hache. A son réveil, leur chef Anton découvre le cadavre et enferme Vadim dans le cellier où la température culmine à -15 ÊC. ­Electre 2022
345    $b 9782070135349
410  0 $6 6461 $7 0094450000 $t Blanche
676    $a 843 $v 23
686    $a T321016 $2 electre
686    $a GLFC001 $2 electre
700    $3 12322694 $6 1185266 $7 ba0yba0y $8 fre    $a Bleys $b Olivier $f 1970-.... $4 070 $9 18166
801  3 $a FR $b Electre $c 20220223 $g AFNOR
830    $a ELECTREXMA/Lit/JLCH/2202/Lit3 20220226
903    $a Littérature moderne et contemporaine - Romans - Romans d'aventures $b T321016
903    $a Littérature française contemporaine - Texte en langue originale $b GLFC001
921    $a Steph
939    $a 
947    $c 15.47 $a 17.00
969    $h  1 $a 1 $d  900
099    $t LI $x 6 $d 2024-05-04 $c 2022-02-26
339    $a m
091    $a 2 $b 20240504 $c 0
995    $0 0 $2 0 $4 0 $5 2022-02-26 $9 440350 $b MED $c MED $e MED1A $f C1400012981 $h ALTROZZ $k R/BLE $o 0 $p 17.00 $r PRETLIV $s R_BLE $w 6 $y 2023-09-10 $A 0

