01091nam a2200241   4500
001 344990
003 http://www.mediathequederoubaix.fr/ark:/20179/KH344990
090    $a 344990
091    $a 0
099    $t PA $d 2022-06-08
100    $a 20220211d1952    m||y0frey50      ba
101    $a fre
200    $a Pistaches, olives, cacahuettes $b Musique imprimée $f musique et paroles anglaises de Paddy Roberts $g paroles françaises de Roger Lucchesi $g interprété par Verlor & Davril, Raymond Legrand 
210    $a Paris $c Ed. Jacques Plante $d cop. 1952
215    $a 1 partition [2] f. $c couv. ill. $d 27 cm
300    $a Don de Mr Francis Rappart, novembre 2021 
701    $4 230 $4 520 $9 335133 $a Roberts $b Paddy
701    $4 520 $7 ba0yba0y $8 fre    $a Lucchesi $b Roger $f 1912-1983 $9 286736
702    $4 320 $9 334905 $a Rappart $b Francis 
702    $4 590 $9 39607 $a Verlor $b Gaby $f 1921-2005 $c roubaisien
702    $4 590 $9 280805 $a Davril $b Jan
801    $a FR $b 595126101 $c 20220211 $g AFNOR
995    $0 0 $2 0 $4 0 $5 2022-03-09 $9 440859 $b MED $c MED $e MED3N $f C0006070519 $h PPEFGZZ $k BR 4/3550 $o 2 $r PRETLIV $s BR_4_355000000000000 $w 0 $y 2022-03-09

