02351cam1a2200589 i 4500
001 345103
003 http://www.mediathequederoubaix.fr/ark:/20179/KH345103
005 20240516051820.0
010    $a 9782081342460 $b br. $d 5,90 EUR
073  0 $a 9782081342460
090    $a 345103
100    $a 20140527d2014    |  |0frey5003||||ba
101 0  $a fre
102    $a FR
105    $a         0||a|
106    $a r
181  0 $6 01 $a i  $b xxxe  
181    $6 02 $c txt $2 rdacontent
182  0 $6 01 $a n
182    $6 02 $c n $2 rdamedia
183    $6 01 $a nga $2 rdafrcarrier
183    $6 02 $a nc $2 rdacarrier
200 1  $a Les chouans $b Texte imprimé $f Honoré de Balzac $g présentation par Maurice Ménard
205    $a Nouvelle édition mise à jour
210    $a Paris $c Flammarion $d 2014
211    $a 20141015
214  0 $a Paris $c Flammarion $d 2014
215    $a 1 vol. (447 p.) $d 18 x 11 cm
225 2  $a GF $x 0768-0465 $v 459
300    $a Bibliogr.
330    $a En 1799, les chouans reprennent les armes en Bretagne pour combattre la République. Fouché, ministre de la Police, connaît le point faible de leur nouveau chef : les femmes. Marie de Verneuil est chargée de le séduire, mais une passion destructrice et interdite finit par naître entre eux. ­Electre 2022
345    $b 9782081342460
410  0 $0 34234516 $6 5784 $7 0085570000 $t GF $x 0768-0465 $v 459
676    $a 843 $v 23
686    $a T321003 $2 electre
686    $a GLFT001 $2 electre
686    $a GRPO000 $2 electre
700    $3 11890041 $6 1176352 $7 ba0yba0y $8 fre    $a Balzac $b Honoré de $f 1799-1850 $4 070 $9 422
702  1 $3 11915545 $9 335167 $6 1280382 $7 9401137116 $a Ménard $b Maurice $f 1925?-2010 $4 340
801  3 $a FR $b Electre $c 20211222 $g AFNOR
830    $a ELECTREMA/Lit/JL/2203/Lit4 20220316
903    $a Littérature moderne et contemporaine - Romans - Romans historiques $b T321003
903    $a Littérature et textes français classiques - Texte en langue originale $b GLFT001
903    $a Rayon poche $b GRPO000
921    $a Réassort
939    $a Dispo dans Anthologie mais &quot;Classique&quot;
947    $c 5.37 $a 5.90
969    $h  1 $a 1 $d  900
099    $t LI $d 2024-05-16 $x 7 $c 2022-03-16
339    $a m
091    $a 2 $b 20240516 $c 0
995    $0 0 $2 0 $4 0 $5 2022-03-16 $9 441048 $b MED $c MED $e MED1A $f C1400012952 $h ALTROZZ $k R/BAL $o 0 $p 5.90 $r PRETLIV $s R_BAL $w 7 $y 2024-02-09 $A 0

