02174cam a2200457   4500
001 345207
003 http://www.mediathequederoubaix.fr/ark:/20179/KH345207
010    $a 978-2-348-07227-7 $b br. $d 20 EUR
020    $a FR $b 02210415
033    $a http://catalogue.bnf.fr/ark:/12148/cb46965271c
035    $a FRBNF469652710000007
073  0 $a 9782348072277
090    $a 345207
091    $a 2 $b 20240516 $c 1
099    $t LI $d 2024-05-16 $c 2022-03-16 $x 2
100    $a 20220209d2022    m  y0frey50      ba
101 1  $a fre $c heb
102    $a FR
105    $a ||||z   00|y|
106    $a r
181  0 $6 01 $a i  $b xxxe  
181    $6 02 $c txt $2 rdacontent
182  0 $6 01 $a n
182    $6 02 $c n $2 rdamedia
200 1  $a Une brève histoire mondiale de la gauche $b Texte imprimé $f Shlomo Sand $g traduit de l'hébreu par Michel Bilis
210  0 $a Paris $c la Découverte $d DL 2022
214  0 $a Paris $c la Découverte $d DL 2022
214  3 $a 18-Saint-Amand-Montrond $c Impr. CPI Bussière
215    $a 1 vol. (307 p.) $d 21 cm
225    $a Cahiers libres
330    $a Depuis sa naissance au XVIIIe siècle, l'imaginaire de l'égalité est le pilier de la gauche. L'auteur en étudie l'origine, les mutations, les dynamiques globales et transnationales ainsi que les principaux penseurs jusqu'à l'époque contemporaine. Il constate que les mouvements de la gauche organisée s'essoufflent partout dans le monde et en cherche les raisons dans les leçons du passé. ­Electre 2022
339    $a m
410  0 $0 34232074 $t Cahiers libres $x 0526-8370 $d 2022
606    $3 11934200 $9 794 $a Partis de gauche $3 11934444 $9 494 $x Histoire $2 rameau
676    $a 324.217 $v 23
686    $a 320 $2 Cadre de classement de la Bibliographie nationale française
700    $3 12691882 $9 69636 $o ISNI0000000081540199 $a Sand $b Shlomo $f 1946-.... $4 070
702    $3 12590345 $9 72456 $o ISNI000000008166559X $a Bilis $b Michel $4 730
801  0 $a FR $b FR-751131015 $c 20220209 $g AFNOR $h FRBNF469652710000007 $2 intermrc
999    $a FRBNF469652710000007
995    $0 0 $2 0 $4 0 $5 2022-05-07 $9 443624 $b MED $c MED $e MED3A $f C2400003910 $h ACFHSZZ $k Doc./916 ABC $n 2024-06-01 $o 0 $r PRETLIV $s DOC___916_000000000000000_ABC $w 2 $y 2024-04-20

