01097nam a2200241   4500
001 345307
003 http://www.mediathequederoubaix.fr/ark:/20179/KH345307
090    $a 345307
091    $a 0
099    $t PA $d 2022-09-27
100    $a 20220305d1950    m||y0frey50      ba
101    $a frd
200    $a Te peux rev'nir, Alphonse $b Musique imprimée $e chanson en patois de Lille $e le grand succès de la revue "Cha, ch'est des jus !" $f musique de Gaby Verlor $g paroles de Simons $g créée par Line Dariel
210    $a Lille $d [ca 195-?]  $c Eden éd.
215    $a 1 partition [2] f. $c couv. ill. $d 28 cm
300    $a Don de Mr Francis Rappart, novembre 2021 
701    $4 230 $9 39607 $a Verlor $b Gaby $c roubaisien $f 1921-2005
701    $4 520 $4 440 $9 15091 $a Simons $f 1901-1979
702    $4 320 $9 334905 $a Rappart $b Francis 
702    $4 590 $7 ba0yba0y $8 fre    $a Dariel $b Line $f 1888-1956 $9 30033
712    $4 590 $9 335223 $a Cha, ch'est des jus
801    $a FR $b 595126101 $c 20220305 $g AFNOR
995    $0 0 $2 0 $4 0 $5 2022-03-22 $9 441310 $b MED $c MED $e MED3N $f c0005987009 $h PPEFGZZ $k BR 4/3576 $o 2 $r PRETLIV $s BR_4_357600000000000 $w 0 $y 2022-03-22

