02132cam a2200457   4500
001 345514
003 http://www.mediathequederoubaix.fr/ark:/20179/KH345514
010    $a 978-2-210-96544-7 $b br. $d 5,90 EUR
020    $a FR $b 01913571
033    $a http://catalogue.bnf.fr/ark:/12148/cb45656513d
035    $a FRBNF456565130000000
073  0 $a 9782210965447
090    $a 345514
091    $a 2 $b 20240504 $c 1
099    $t LI $d 2024-05-04 $x 13 $c 2022-03-25
100    $a 20190124d2018    a  y0frey50      ba
101 0  $a fre
102    $a FR
105    $a ||||z   00|a|
106    $a r
181  0 $6 01 $a i  $b xxxe   $a b  $b xb2e  
181    $6 02 $c txt $c sti $2 rdacontent
182  0 $6 01 $a n
182    $6 02 $c n $2 rdamedia
200 1  $a Élixir pour être le meilleur $b Texte imprimé $f écrit par Éric Chevreau $g illustré par Thomas Baas
210  0 $a Paris $c Magnard jeunesse $d DL 2018
214  0 $a Paris $c Magnard jeunesse $d DL 2018
214  3 $a impr. en Italie
215    $a 1 vol. (44 p.) $c ill. en coul. $d 20 cm
225 19 $a Mordicus, apprenti sorcier $v 9
225    $a Mes premiers romans
330    $a A l'approche d'une compétition sportive organisée dans son école, où deux classes rivales doivent s'affronter devant tous les parents réunis, Mordicus est sous pression. Pour couronner le tout, trois brutes de la classe adverse, certains de gagner, ont décidé de l'humilier publiquement avec ses copains. Une potion magique pourrait bien le tirer d'affaire. ­Electre 2022
339    $a a
410  0 $0 44324274 $t Mes premiers romans (Paris) $x 2492-9190 $d 2018
461  0 $0 44391799 $t Mordicus, apprenti sorcier $v 9
686    $a 809 $2 Cadre de classement de la Bibliographie nationale française
700    $3 13055838 $9 119666 $o ISNI0000000051682954 $a Chevreau $b Éric $4 070
702    $3 13629086 $9 75199 $o ISNI000000012123885X $a Baas $b Thomas $f 1975-.... $4 440
801  0 $a FR $b FR-751131015 $c 20190124 $g AFNOR $h FRBNF456565130000000 $2 intermrc
999    $a FRBNF456565130000000
995    $0 0 $2 0 $4 0 $5 2022-04-12 $9 442357 $P 5.90 $b MED $c MED $e MED2A $f C2500027150 $h JRORMZZ $k PRE R/CHE $o 0 $p 5.90 $r PRETLIV $s PRE_R_CHE $w 13 $y 2024-01-24 $A 0

