02344cam a2200481   4500
001 345620
003 http://www.mediathequederoubaix.fr/ark:/20179/KH345620
010    $a 978-2-84016-374-9 $b br. $d 19 EUR
020    $a FR $b 02248022
033    $a http://catalogue.bnf.fr/ark:/12148/cb46967099p
035    $a FRBNF469670990000006
073  0 $a 9782840163749
090    $a 345620
091    $a 2 $b 20240508 $c 1
099    $t LI $d 2024-05-08 $c 2022-03-26
100    $a 20220211d2021    m  h0frey50      ba
101 0  $a fre
102    $a FR
105    $a ||||z   00|y|
106    $a r
181  0 $6 01 $a i  $b xxxe  
181    $6 02 $c txt $2 rdacontent
182  0 $6 01 $a n
182    $6 02 $c n $2 rdamedia
200 1  $a Rire à l'Exposition universelle de 1900 $b Texte imprimé $e la fin d'un mythe $f Marie-Ange Fougère
210  0 $a Nanterre $c Presses universitaires de Paris Nanterre $d 2021
214  0 $a [Nanterre] $c Presses universitaires de Paris Nanterre $d 2021
214  3 $a Paris $c Impr. Le Révérend
215    $a 1 vol. (161 p.) $c ill. en coul. $d 25 cm
225    $a Les arts en correspondance
300    $a Bibliogr. p. 153-161
330    $a Lors de l'Exposition universelle de 1900, le journal Le Rire conçoit une maison du rire dans la rue de Paris, espace de l'exposition dédié aux théâtres et à d'autres attractions, placé sous le signe de la gaieté nationale et plus particulièrement parisienne. L'auteure analyse l'échec de ce projet comme la faillite d'un esprit caricatural et nostalgique. ­Electre 2022
339    $a m
410  0 $0 42553831 $t Les Arts en correspondance $x 2119-9418 $d 2021
601    $3 12236011 $9 63336 $a Exposition internationale $f 1900 $e Paris $2 rameau
605    $3 11949367 $9 336083 $a Le Rire $n périodique $2 rameau
606    $3 13318614 $9 24576 $a Spectacles et divertissements $3 11931476 $9 109 $y France $3 11976062 $9 586 $z 1870-1914 $2 rameau
676    $a 907.444 361 $v 23
686    $a 790 $2 Cadre de classement de la Bibliographie nationale française
700    $3 12517011 $9 114273 $o ISNI000000011571272X $a Fougère $b Marie-Ange $4 070
801  0 $a FR $b FR-751131015 $c 20220211 $g AFNOR $h FRBNF469670990000006 $2 intermrc
999    $a FRBNF469670990000006
995    $0 0 $2 0 $4 0 $5 2022-04-21 $9 442862 $b MED $c MED $e MED3J $f C0006069957 $h PPEFGZZ $k MAG L/P 4/212 017 $o 2 $p 19.00 $r PRETLIV $s MAG_L_P_4_212000000000000_017 $w 0 $y 2022-04-21

