02388cam1a2200589 i 4500
001 345727
003 http://www.mediathequederoubaix.fr/ark:/20179/KH345727
005 20240510053941.0
010    $a 978-2-87763-557-8 $b br. $d 12 EUR
035    $a ELC570827 $z 2009520340
073  0 $a 9782877635578
090    $a 345727
100    $a 20091228d2010    m  |0frey5003||||ba
101 0  $a fre
102    $a FR
105    $a         0||y|
106    $a r
181  0 $6 01 $a i  $b xxxe   $a b  $b xb2e  
181    $6 02 $c txt $c sti $2 rdacontent
182  0 $6 01 $a n
182    $6 02 $c n $2 rdamedia
183    $6 01 $a nga $2 rdafrcarrier
183    $6 02 $a nc $2 rdacarrier
200 1  $a Guyane $b Texte imprimé $e la cuisine de Gaby $f Gabriel Laborieux $g préface Marie-Paule Jean-Loujs
210    $a Saint-Denis (La Réunion) $c Orphie $d 2010
211    $a 20101102
214  0 $a Saint-Denis (La Réunion) $c Orphie $d 2010
215    $a 1 vol. (129 p.) $c illustrations en noir et blanc $d 21 x 15 cm
222    $a 
225 2  $a Retour aux sources $x 1769-2482
330    $a Pour découvrir le patrimoine culinaire guyanais, des recettes mêlant tradition et originalité : soupe z'habitants, fabrication de petits pains maisons, purée de papaye verte, pata-pata d'aubergines, viande de bois à l'huile d'awara, poisson au bleu, confiture d'ananas, etc. ­Electre 2022
333    $a Tout public
345    $b 9782877635578
410  0 $6 41860 $7 4306350000 $t Retour aux sources $x 1769-2482
606    $3 12110189 $9 335362 $a Cuisine guyanaise $2 rameau
676    $a 641.598 8 $v 23 $a  $2 rameau
686    $a T040103 $2 electre
686    $a GOPV001 $2 electre
686    $a PG0100 $2 electre
700  1 $6 1159543 $7 2009520063 $a Laborieux $b Gabriel $4 070
702  1 $6 11313898 $a Jean-Loujs $b Marie-Paule $4 080
801  3 $a FR $b Electre $c 20160905 $g AFNOR
830    $a ELECTREA/CI/2022 Mars Vie Pratique 20220331
902    $a Grand public - Tout public $b PG0100
903    $a Art de vivre - Cuisine et recettes - Cuisine des pays et des peuples $b T040103
903    $a Ouvrages pratiques - Conseils pratiques $b GOPV001
947    $c 10.92 $a 12.00
969    $h  1 $a 1 $d  900
099    $t LI $d 2024-05-10 $c 2022-03-31
339    $a m
091    $a 2 $b 20240510 $c 0
995    $0 0 $2 0 $4 0 $5 2022-04-07 $9 442136 $b MED $c MED $e MED1A $f C1400013089 $h AAPPLCB $k Doc./642 FRA $o 0 $p 12.00 $r PRETLIV $s DOC___642_000000000000000_FRA $y 2022-04-07

