02334cam a2200469   4500
001 345830
003 http://www.mediathequederoubaix.fr/ark:/20179/KH345830
010    $a 978-2-37742-232-6 $b br. $d 9,95 EUR
020    $a FR $b 02252413
033    $a http://catalogue.bnf.fr/ark:/12148/cb470102188
033    $a http://catalogue.bnf.fr/ark:/12148/cb469450524
035    $a FRBNF470102180000006
039    $o OPP $a 46945052 $d 20220926
073  0 $a 9782377422326
090    $a 345830
091    $a 2 $b 20240511 $c 1
099    $t LI $d 2024-05-11 $x 9 $c 2022-04-02
100    $a 20220420d2022    a  y0frey50      ba
101 0  $a fre
102    $a FR
105    $a ||||z   00|a|
106    $a r
181  0 $6 01 $a i  $b xxxe  
181    $6 02 $c txt $2 rdacontent
182  0 $6 01 $a n
182    $6 02 $c n $2 rdamedia
200 1  $a Bobards et compagnie chez la famille Alonzi $b Texte imprimé $f Faustina Fiore $g illustrations, Grégory Elbaz
210  0 $a Paris $c Poulpe fictions $d DL 2022
214  0 $a Paris $c Poulpe fictions $d DL 2022
214  3 $a impr. en Espagne
215    $a 1 vol. (151 p.) $c ill. $d 21 cm
330    $a Pour s'acheter des livres et des jeux vidéo, les cinq frères et soeurs de la famille Alonzi ont besoin d'argent de poche. Heureusement, Frédéric, Marianne, les jumeaux Théo et Léa ainsi que l'Alien peuvent compter sur leur imagination débordante et une capacité à inventer les meilleurs mensonges. Pour aller encore plus loin, ils créent la société Bobards et compagnie. ­Electre 2022
339    $a a
608    $a Romans $2 CNLJ $k Avis critique donné par le Centre national de la littérature pour la jeunesse
609    $2 rbxRomJ $9 14679 $a Humour
686    $a 809 $2 Cadre de classement de la Bibliographie nationale française
700    $3 14556596 $9 1459 $o ISNI0000000138870907 $a Fiore $b Faustina $f 1976-.... $4 070
702    $3 14650106 $9 116109 $o ISNI0000000001054407 $a Elbaz $b Grégory $f 1980-.... $4 440
801  0 $a FR $b FR-751131015 $c 20220420 $g AFNOR $h FRBNF470102180000006 $2 intermrc
999    $a FRBNF470102180000006
995    $0 0 $2 0 $4 0 $5 2022-04-06 $9 442098 $P 9.95 $b MED $c MED $e MED2A $f C2500027145 $h JROROZZ $k E R/FIO $o 0 $p 9.95 $r PRETLIV $s E_R_FIO $w 7 $y 2024-03-10 $A 0
995    $0 0 $2 0 $4 0 $5 2022-04-30 $9 443252 $P 9.95 $b MED $c MED $e MED0A $f C3500015906 $h JROROZZ $k EXT E R/FIO $n 2024-07-10 $o 0 $r PRETLIV $s EXT_E_R_FIO $w 2 $y 2023-09-21

