03940cam a2200541   4500
001 345930
003 http://www.mediathequederoubaix.fr/ark:/20179/KH345930
010    $a 978-2-37888-112-2 $b rel. $d 13,90 EUR
020    $a FR $b 02232770
033    $a http://catalogue.bnf.fr/ark:/12148/cb46952181g
035    $a FRBNF469521810000000
073  0 $a 9782378881122
090    $a 345930
091    $a 2 $b 20240516 $c 1
099    $t LI $d 2024-05-16 $x 20 $c 2022-04-13
100    $a 20220121d2022    a  y0frey50      ba
101 1  $a fre $c eng
102    $a FR
105    $a ||||z   00|a|
106    $a r
181  0 $6 01 $a i  $b xxxe   $a b  $b xb2e  
181    $6 02 $c txt $c sti $2 rdacontent
182  0 $6 01 $a n
182    $6 02 $c n $2 rdamedia
200 1  $a Une surprise pour Amos McGee $b Texte imprimé $f écrit par Philip C. Stead $g illustré par Erin E. Stead
210  0 $a Paris $c Kaléidoscope $d DL 2022
214  0 $a Paris $c Kaléidoscope $d DL 2022
214  3 $a impr. en Italie
215    $a 1 vol. (non paginé  [46] p.-[2] p. de dépl.) $c ill. en coul. $d 23 x 24 cm
321    $a La Revue des livres pour enfants $x 0398-8384 $c 324
329    $c Intéressant $a Nous avions déjà rencontré les personnages de ce joli album dans un précédent livre multirécompensé, A-a-a-a-atchoum !, sorti en 2011. Amos McGee, un homme d'âge mur, travaille dans un zoo où il a pour amis les animaux. Dans ce nouvel opus, il a prévu une sortie avec eux, mais il est fatigué, en retard et distrait. Il faudra toute l'attention dévouée de ses fidèles compagnons pour que son travail soit terminé à temps afin que tous montent ensemble dans le bus, direction la plage ! Tout en délicatesse, assortis d'un humour très anglais, le texte comme l'illustration au charme vintage (gravures sur bois rehaussées de touches de couleur) sont parfaitement accordés. Une belle surprise en effet ! $d 20220401 $f JLD $2 CNLJ $k Avis critique donné par le Centre national de la littérature pour la jeunesse
330    $a Amos le gardien a passé toute la nuit à organiser une sortie pour les animaux du zoo. Trop fatigué le lendemain matin, il rate le bus et arrive en retard au travail. Heureusement, il peut compter sur ses amis pour lui redonner le sourire. ­Electre 2022
333    $a À partir de 3 ans $2 CNLJ $k Avis critique donné par le Centre national de la littérature pour la jeunesse
339    $a a
454  1 $t Amos McGee misses the bus
608    $a Albums $2 CNLJ $k Avis critique donné par le Centre national de la littérature pour la jeunesse
686    $a 809 $2 Cadre de classement de la Bibliographie nationale française
700    $3 16508780 $9 107027 $o ISNI0000000119382449 $a Stead $b Philip Christian $f 1982-.... $4 070
702    $3 16508789 $9 87810 $o ISNI0000000119451141 $a Stead $b Erin E. $4 440
801  0 $a FR $b FR-751131015 $c 20220121 $g AFNOR $h FRBNF469521810000000 $2 intermrc
999    $a FRBNF469521810000000
995    $0 0 $2 0 $4 0 $5 2022-04-14 $9 442579 $P 13.90 $b MED $c MED $e MED2A $f C2500027226 $h JABEFAE $k E A/STE $o 0 $p 13.90 $r PRETLIV $s E_A_STE $w 10 $y 2024-03-08
995    $0 0 $2 0 $4 0 $5 2022-05-14 $9 443930 $P 13.90 $b MED $c MED $e MED0A $f C3500015983 $h JABEFAE $k EXT E A/STE $n 2024-06-29 $o 0 $r PRETLIV $s EXT_E_A_STE $w 1 $y 2022-08-25
995    $0 0 $2 0 $4 0 $5 2022-05-14 $9 443931 $P 13.90 $b MED $c MED $e MED0A $f C3500015982 $h JABEFAE $k EXT E A/STE $n 2024-07-10 $o 0 $r PRETLIV $s EXT_E_A_STE $w 2 $y 2023-09-21
995    $0 0 $2 0 $4 0 $5 2022-05-14 $9 443932 $P 14.50 $b MED $c MED $e MED0A $f C3500015981 $h JABEFAE $k EXT E A/STE $n 2024-07-10 $o 0 $r PRETLIV $s EXT_E_A_STE $w 3 $y 2023-09-21
995    $0 0 $2 0 $4 0 $5 2022-05-14 $9 443933 $P 14.50 $b MED $c MED $e MED0A $f C3500015980 $h JABEFAE $k EXT E A/STE $n 2024-07-06 $o 0 $r PRETLIV $s EXT_E_A_STE $w 1 $y 2022-08-25
995    $0 0 $2 0 $4 0 $5 2022-05-14 $9 443934 $P 14.50 $b MED $c MED $e MED0A $f C3500015979 $h JABEFAE $k EXT E A/STE $n 2024-07-10 $o 0 $r PRETLIV $s EXT_E_A_STE $w 2 $y 2023-09-20
995    $0 0 $2 0 $4 0 $5 2023-11-24 $9 469884 $b BUS $c BUS $e BUS1A $f C3500019536 $h JABEFAE $k BUS E A $o 0 $r PRETLIV $s BUS_E_A $w 1 $y 2024-01-27

