02955cam a2200469   4500
001 346040
003 http://www.mediathequederoubaix.fr/ark:/20179/KH346040
010    $a 978-2-01-715178-4 $b br. $d 9,95 EUR
020    $a FR $b 02210595
073  0 $a 9782017151784
090    $a 346040
100    $a 20220201d2022    k  y0frey50      ba
101 0  $a fre
102    $a FR
105    $a ||||j   00|y|
106    $a r
181  0 $6 01 $a i  $b xxxe  
181    $6 02 $c txt $2 rdacontent
182  0 $6 01 $a n
182    $6 02 $c n $2 rdamedia
200 1  $a Les collectivités territoriales en France $b Texte imprimé $f Emmanuel Vital-Durand,...
205    $a 11e éd.
214  0 $a Vanves $c Hachette supérieur $d DL 2022
214  3 $a 58-Clamecy $c Impr. Laballery
215    $a 1 vol. (158 p.) $c ill. $d 19 cm
225    $a Les fondamentaux $e droit $e licence et master 1 $v 19
300    $a Bibliogr. et webliogr. p. 155. Index
330    $a Le lecteur dispose dans ce volume d'un cours complet intégrant les données les plus récentes. L'approche verticale des collectivités territoriales par niveau (région, département, commune, établissements publics de coopération intercommunale) est complétée par une étude transversale qui présente les éléments communs du régime juridique, des missions et des financements.L'ouvrage intègre l'ensemble des réformes adoptées et en cours d'élaboration jusqu'à la fin de l'année 2021, s'agissant en particulier d'une nouvelle étape de l'administration territoriale plus ouverte à la différenciation des collectivités.  PLAN DE L'OUVRAGE1. Les caractères de l'administration territoriale française2. La commune3. Le département4. La région5. Les collectivités territoriales à statut particulier6. La coopération locale7. Le contrôle des collectivités territoriales8. Les finances des collectivités territoriales  EMMANUEL VITAL-DURAND est avocat en droit public. Il enseigne à l'université Sorbonne Paris Nord et est l'auteur de plusieurs ouvrages, dont un Mémento des institutions politiques françaises, dans la même collection. $2 éditeur
410  0 $0 34268474 $t Les Fondamentaux (Paris) $x 1152-1392 $v 19
606    $3 11938490 $a Administration locale $3 11931476 $y France $2 rameau
608    $3 12167353 $a Manuels d'enseignement supérieur $2 rameau
676    $a 352.140 944 $v 23
686    $a 350 $2 Cadre de classement de la Bibliographie nationale française
700    $3 12402011 $o ISNI0000000033392419 $a Vital-Durand $b Emmanuel $4 070
801  0 $a FR $b FR-751131015 $c 20220201 $g AFNOR $h FRBNF469588430000005 $2 intermrc
210  0 $a Vanves $c Hachette supérieur $d DL 2022
033    $a http://catalogue.bnf.fr/ark:/12148/cb469588439
035    $a FRBNF469588430000005
091    $a 0
099    $t LI $d 2022-12-03 $x 2
339    $a m
995    $0 0 $2 0 $4 0 $5 2022-04-19 $9 442790 $b MED $c MED $e MED3D $f C3200029082 $h ACFBPZZ $k BIB PROF/2.33 VIT $o 0 $p 15.00 $r PRETLIV $s BIB_PROF_2_330000000000000_VIT $w 2 $y 2023-01-06

