02533njm0a2200409   4500
001 346152
003 http://www.mediathequederoubaix.fr/ark:/20179/KH346152
071 01 $a 9029661757 $b Erato
073  0 $a 0190296617577
090    $a 346152
091    $a 1 $b 20240504 $c 0
099    $d 2024-05-04 $t DC $x 1 $c 2022-04-28
100    $a 20220427d2021    u  y0frey5003    ba
101 0  $a ita
127    $a 010000 $a 005100 $a 004100
200 1  $a Mitridate, re di Ponto $b [enr. sonore] $f Wolfgang Amadeus Mozart, comp. $g Marc Minkowski, dir. $g Cyrille Dubois, T $g Adriana Bignagni Lesca, S... [et al.]
210    $a Londres $c Parlophone Records $d 2021
215    $a 3 CD (60, 51, 41 min) $e 1 livret
330    $a Voici une invitation à redécouvrir Mitridate, opéra seria composé par un Mozart de 14 ans à partir d'un texte de Racine, et peu enregistré. Mozart compose un chef-d'oeuvre sur fond de guerre de succession au trône et d'inévitables trahisons, et écrit une partition à la fois pleine de fougue et d'émotion. Enregistré en studio à la Philharmonie de Paris en novembre 2020, ce Mitridate réunit un casting de chanteurs virtuoses de haute volée emmenés par le chef Marc Minkowski dirigeant les Musiciens du Louvre. Michael Spyres dans le rôle de Mitridate est entouré d'un étincelant trio de sopranos françaises composé de Sabine Devieilhe, Julie Fuchs et Elsa Dreisig, du contre-ténor Paul-Antoine Bénos-Djian, de la mezzo-soprano Adriana Bignani Lesca et du ténor Cyrille Dubois.
334    $a Diapason No.706 p.93 du 14/12/2021 $b 5/6
334    $a Classica No.239 p.82 du 03/03/2022 $b 5/5
345    $a GAM $b 0190296617577 $c disque compact $d 26,56 E
610    $a Opéra (intégrale), festa teatrale
676    $3 3 $a 35
700  1 $a Mozart $b Wolfgang Amadeus $f 1756-1791 $4 230
702  1 $a Minkowski $b Marc $f 1962-.... $4 250
702  1 $a Dubois $b Cyrille $f 1985-.... $4 721
702  1 $a Bignagni Lesca $b Adriana $4 721
702  1 $a Benos-Djian $b Paul-Antoine $4 545
702  1 $a Dreisig $b Elsa $f 1991-.... $4 721
702  1 $a Devieilhe $b Sabine $f 1985-.... $4 721
702  1 $a Fuchs $b Julie $f 1984-.... $4 721
702  1 $a Spyres $b Michael $4 721
712 02 $a Musiciens du Louvre (Les) $4 545
801  0 $a FR $b GAM $c 20220427 $g AFNOR
856 4  $u https://www.gamannecy.com/upload/albums/202109/0190296617577_thumb.jpg
995    $0 0 $2 0 $4 0 $5 2022-05-20 $9 444295 $b MED $c MED $e MED1A $f C3100010423 $h AMV30ZZ $k DC/3 MOZ Opéra $l contient 3 DC + 1 livret dans un boitier cartonné $o 0 $p 26.56 $r PRETSON $s DC_3_000000000000000_MOZ_OPÉRA $w 1 $y 2023-01-21

