01805ngm0a22003731i 4500
001 346257
003 http://www.mediathequederoubaix.fr/ark:/20179/KH346257
010    $d 39.37 EUR TTC
073  0 $a 3545020075173 $d 59.65 EUR TTC
090    $a 346257
091    $a 1 $b 20240504 $c 0
099    $t VD $d 2024-05-04 $x 14 $c 2022-04-28
100    $a 20220428              frey50        
101    $a mlt $j fre
102    $a MT
200 1  $a Luzzu $b DVD $f Alex Camilleri, réal. $g Alex Camilleri, scénario $g Jon Natchez, mus. $g Frida Cauchi, Jesmark Scicluna, Michela Farrugia... [et al.], act.
210    $c Epicentre Films $d 2022
215    $a 1 DVD (90 min) PAL $c 16/9, Couleur, Dolby Digital 5.1, 2.0
300    $a Interview d'Alex Camilleri, documentaire autour du film, casting de l'acteur principal, diaporama, filmographie, bande-annonce.
300    $a Prêt + Consultation
330    $a De générations en générations la famille de Jesmark pêche à bord du Luzzu, bateau en bois traditionnel maltais. Mais Jesmark voit son avenir menacé par la raréfaction des récoltes et l'ascension d'une pêche industrielle impitoyable. Pour subvenir aux besoins de sa femme et de son fils, le jeune homme va peu à peu se compromettre dans le marché noir de la pêche. 
339    $a m
510 0  $a Luzzu
606    $9 309987 $a Drames (cinéma) $x DVD $y Malte
700  1 $a Camilleri $b Alex $4 370 $4 690 $4 630
702  1 $a Cauchi $b Frida $4 005
702  1 $a Scicluna $b Jesmark $4 005
702  1 $a Farrugia $b Michela $4 005
702  1 $a Cilia $b Paul $4 005
702  1 $a Allison $b Yuric $4 005
702  1 $a Sciortino $b Michael $4 005
702  1 $a Natchez $b Jon $4 230
801  0 $a FR $b COLACO $c 20220428 $g AFNOR
995    $0 0 $2 0 $4 0 $5 2022-05-31 $9 444788 $b MED $c MED $e MED1A $f C1400013435 $h AAPCIFI $k DVD $o 0 $p 39.00 $r PRETDVD $s DVD $w 14 $y 2023-11-29

