01798cam a2200421   4500
001 346358
003 http://www.mediathequederoubaix.fr/ark:/20179/KH346358
010    $a 978-2-8116-3312-7 $b br. $d 6,95 EUR
020    $a FR $b 01933059
033    $a http://catalogue.bnf.fr/ark:/12148/cb456860605
035    $a FRBNF456860600000004
073  0 $a 9782811633127
090    $a 346358
091    $a 0 $b 20220504 $c 1
099    $t LI $d 2024-05-18 $x 33 $c 2022-05-03
100    $a 20190308d2019    m  y0frey50      ba
101 1  $a fre $c jpn
102    $a FR
105    $a ||||t   00|a|
106    $a r
200 1  $a Romio vs Juliet $h 1 $b Texte imprimé $f Yousuke Kaneda
210  0 $a [Vanves] $c Pika édition $d DL 2019
214  0 $a [Vanves] $c Pika édition $d DL 2019
214  3 $a 53-Mayenne $c Impr. Jouve
215    $a 1 vol. (177 p.) $c ill. $d 18 cm
225    $a Pika shônen $x 2100-2932
225    $a Romio vs Juliet $v 1
330    $a Romio Inuzuka, leader du dortoir de Touwa, déclare en secret sa flamme à Juliet Persia, qui dirige le dortoir de West. Leur relation débute au sein de l'académie Dahlia à l'insu de tous car les deux groupes qu'ils représentent sont ennemis. ­Electre 2022
333    $a À partir de 13 ans
339    $a a
410  0 $0 41436495 $t Collection Pika shônen $x 2100-2932 $d 2019
454  1 $t Kishuku gakko no Juliet $h Vol. 1
461  0 $0 45691376 $t Romio vs Juliet $v 1
608    $a Bandes dessinées $2 CNLJ
686    $2 Cadre de classement de la Bibliographie nationale française
700    $3 17800925 $9 335561 $a Kaneda $b Yōsuke $4 070
801  0 $a FR $b FR-751131015 $c 20190308 $g AFNOR $h FRBNF456860600000004 $2 intermrc
995    $0 0 $2 0 $4 0 $5 2022-05-12 $9 443838 $P 6.95 $b MED $c MED $e MED2A $f C2500027474 $h JBDMGZZ $k E BD/MANGAS $n 2024-06-08 $o 0 $p 6.95 $r PRETLIV $s E_BD_MANGAS $w 33 $y 2024-05-18

