02014cam1a22005171i 4500
001 346462
003 http://www.mediathequederoubaix.fr/ark:/20179/KH346462
005 20240507212022.0
010    $a 9782374483924 $b br. $d 19,90 EUR
073  0 $a 9782374483924
090    $a 346462
100    $a 20220107d2022    |  |0frey5003||||ba
101 0  $a fre
102    $a FR
105    $a         0||a|
106    $a r
181  0 $6 01 $a i  $b xxxe  
181    $6 02 $c txt $2 rdacontent
182  0 $6 01 $a n
182    $6 02 $c n $2 rdamedia
183    $6 01 $a nga $2 rdafrcarrier
183    $6 02 $a nc $2 rdacarrier
200 1  $a Méfiez-vous des anges $b Texte imprimé $e thriller $f Olivier Bal
210    $a Paris $c XO $d 2022
211    $a 20220428
214  0 $a Paris $c XO $d 2022
215    $a 1 vol. (462 p.) $d 24 x 16 cm
305    $a Fait suite à : La forêt des disparus
330    $a 2012. A Los Angeles, l'inspectrice Sarah Shelley enquête sur le meurtre d'une femme, retrouvée nue à l'arrière d'une camionnette. Elle rencontre Paul Green, ancien journaliste à la recherche de Linda, une jeune toxicomane. Ensemble, ils découvrent une secte criminelle de manipulation mentale, dans laquelle Paul s'infiltre. ­Electre 2022
345    $b 9782374483924
676    $a 843 $v 23
686    $a T321010 $2 electre
686    $a GLFC001 $2 electre
700  1 $3 17011257 $9 326067 $6 11813084 $a Bal $b Olivier $f 1979-.... $4 070
801  3 $a FR $b Electre $c 20220504 $g AFNOR
830    $a ELECTREX-MA/Lit/JL/2205/Lit7 20220506
903    $a Littérature moderne et contemporaine - Romans - Thrillers/Suspense $b T321010
903    $a Littérature française contemporaine - Texte en langue originale $b GLFC001
921    $a 
939    $a 
947    $c 18.11 $a 19.90
969    $h  1 $a 1 $d  900
099    $t LI $d 2024-05-07 $x 24 $c 2022-05-06
339    $a m
091    $a 2 $b 20240504 $c 0
995    $0 0 $2 0 $4 0 $5 2022-05-06 $9 443510 $b MED $c MED $e MED1A $f C1400013959 $h ALTROPL $k RP/BAL $n 2024-06-18 $o 0 $p 19.90 $r PRETLIV $s RP_BAL $w 24 $y 2024-05-07 $A 0

