01925cam a2200445   4500
001 346581
003 http://www.mediathequederoubaix.fr/ark:/20179/KH346581
010    $a 978-2-35263-155-2 $b rel. $d 12,50 EUR
020    $a FR $b 01626212
033    $a http://catalogue.bnf.fr/ark:/12148/cb44527156w
035    $a FRBNF445271560000005
073  0 $a 9782352631552
090    $a 346581
091    $a 2 $b 20240504 $c 1
099    $t LI $d 2024-05-04 $x 9 $c 2022-05-07
100    $a 20160314d2016    a  y0frey50      ba
101 0  $a fre
102    $a FR
105    $a ||||z   00|y|
106    $a r
181  0 $6 01 $a i  $b xxxe  
181    $6 02 $c txt $2 rdacontent
182  0 $6 01 $a n
182    $6 02 $c n $2 rdamedia
200 1  $a Le miel $b Texte imprimé $f Françoise Laurent, Nicolas Gouny
210    $a [Nice] $c les Éditions du Ricochet $d DL 2016 $e impr. en Pologne
215    $a 1 vol. (non paginé [38] p.) $c ill. en coul. $d 27 cm
225    $a Je sais ce que je mange
330    $a Des informations essentielles sur le miel, son mode de production, ses apports nutritifs, les différentes manières de le consommer, son impact sur l'environnement, etc. ­Electre 2022
339    $a a
410  0 $0 44415508 $t Je sais ce que je mange $x 2431-8620 $d 2016
606    $3 11932357 $9 83344 $a Miel $2 rameau
608    $3 12042408 $9 314947 $a Ouvrages pour la jeunesse $2 rameau
676    $a 641.380 83 $v 23
686    $a 640 $2 Cadre de classement de la Bibliographie nationale française
700    $3 12307093 $9 290991 $o ISNI0000000364483980 $a Laurent $b Françoise $f 1956-.... $c institutrice $4 070
701    $3 16049754 $9 104147 $o ISNI0000000062190162 $a Gouny $b Nicolas $f 1973-.... $4 070
801  0 $a FR $b FR-751131015 $c 20160314 $g AFNOR $h FRBNF445271560000005 $2 intermrc
999    $a FRBNF445271560000005
995    $0 0 $2 0 $4 0 $5 2022-05-07 $9 443675 $b MED $c MED $e MED2A $f C2500027347 $h JDT60ZZ $k E/641.1 CHO $o 0 $p 12.50 $r PRETLIV $s E_641_100000000000000_CHO $w 9 $y 2024-04-27

