02185cam a2200445   4500
001 346691
003 http://www.mediathequederoubaix.fr/ark:/20179/KH346691
010    $a 979-10-339-0984-2 $b br. $d 18 EUR
020    $a FR $b 02232950
033    $a http://catalogue.bnf.fr/ark:/12148/cb47013849x
035    $a FRBNF470138490000009
073  0 $a 9791033909842
090    $a 346691
091    $a 2 $b 20240504 $c 1
099    $t LI $d 2024-05-04 $x 5 $c 2022-05-12
100    $a 20220426d2022    m  y0frey50      ba
101 0  $a fre
102    $a FR
105    $a ||||z   00|y|
106    $a r
181  0 $6 01 $a i  $b xxxe  
181    $6 02 $c txt $2 rdacontent
182  0 $6 01 $a n
182    $6 02 $c n $2 rdamedia
200 1  $a Dans les profondeurs du "Titanic" $b Texte imprimé $f Paul-Henri Nargeolet
210  0 $a Paris $c HarperCollins France SA $d 2022
214  0 $a Paris $c HarperCollins $d DL 2022
214  3 $a 27-Mesnil-sur-l'Estrée $c Impr. CPI Firmin-Didot
215    $a 1 vol. (137 p.-[16] p. de pl.) $c ill. en coul. $d 21 cm
330    $a Directeur des recherches sous-marines de l'Ifremer, l'auteur a participé à huit expéditions sur l'épave du Titanic entre 1987 et 2021. Plus de 5.500 objets, morceaux de coque, bijoux, bouteilles, tissus ou encore bagages, ont été remontés à la surface sous sa supervision. Il relate son expérience, faisant en parallèle revivre l'histoire du paquebot, de ses passagers et de son équipage. ­Electre 2022
339    $a m
606    $3 12069856 $9 39295 $a Titanic (paquebot) $2 rameau
606    $3 11931310 $9 294580 $a Exploration sous-marine $3 11976822 $9 11321 $y Atlantique (océan ; nord) $3 12062368 $9 294 $z 1970-.... $2 rameau
608    $3 11976851 $9 114 $a Récits personnels $2 rameau
676    $a 910.452 092 $v 23
686    $a 920 $2 Cadre de classement de la Bibliographie nationale française
700    $3 18018125 $9 336884 $o ISNI0000000507194634 $a Nargeolet $b Paul-Henri $f 1946-2023 $4 070
801  0 $a FR $b FR-751131015 $c 20220426 $g AFNOR $h FRBNF470138490000009 $2 intermrc
999    $a FRBNF470138490000009
995    $0 0 $2 0 $4 0 $5 2022-05-14 $9 443996 $b MED $c MED $e MED3A $f C2400003931 $h ACFSCZZ $k Doc./629 BAT $o 0 $r PRETLIV $s DOC___629_000000000000000_BAT $w 5 $y 2023-12-17

