03571cam a2200541   4500
001 346796
003 http://www.mediathequederoubaix.fr/ark:/20179/KH346796
010    $a 978-2-408-03384-2 $b rel. $d 14,90 EUR
020    $a FR $b 02331996
033    $a http://catalogue.bnf.fr/ark:/12148/cb46996206s
035    $a FRBNF469962060000004
073  0 $a 9782408033842
090    $a 346796
091    $a 2 $b 20240504 $c 1
099    $t LI $d 2024-05-04 $x 8 $c 2022-05-17
100    $a 20220328d2022    a  y0frey50      ba
101 1  $a fre $c spa
102    $a FR
105    $a ||||z   00|y|
106    $a r
181  0 $6 01 $a i  $b xxxe   $a b  $b xb2e  
181    $6 02 $c txt $c sti $2 rdacontent
182  0 $6 01 $a n
182    $6 02 $c n $2 rdamedia
200 1  $a Heureux hasards $b Texte imprimé $e les plus grandes inventions faites par erreur $f [texte], Soledad Romero Mariño $g [illustrations], Montse Galbany
210  0 $a Toulouse $c Editions Milan $d 2022
214  0 $a Toulouse $c Milan $d DL 2022
214  3 $a impr. en Espagne
215    $a 1 vol. (non paginé [42] p.) $c ill. en coul. $d 28 cm
321    $a La Revue des livres pour enfants $x 0398-8384 $c 326
329    $c Intéressant $a On passe un moment plaisant à découvrir de grandes et petites découvertes fortuites dans ce beau livre coloré et amusant. L'autrice y propose un tour d'horizon chronologique d'inventions dont l'histoire nous est parfois familière, comme la tarte tatin, ou plus surprenante, comme la teinture artificielle ou le café. On peut cependant déplorer le côté hétéroclite de l'ensemble, qui rassemble sous le vocable de « hasard » des processus d'invention en réalité très différents. Un livre malgré tout enthousiasmant, qui donne envie d'essayer... et de se tromper ! $d 20220901 $f BG $2 CNLJ $k Avis critique donné par le Centre national de la littérature pour la jeunesse
330    $a A travers l'histoire de la tarte tatin, de la gomme, de la pénicilline ou encore du micro-onde, l'auteure explique comment l'erreur, la malchance, le mauvais calcul ou la négligence se sont transformés en découvertes exceptionnelles et en grandes inventions. ­Electre 2022
333    $a À partir de 9 ans $2 CNLJ $k Avis critique donné par le Centre national de la littérature pour la jeunesse
339    $a a
454  1 $t Benditos errores
606    $3 11932137 $9 9177 $a Inventions $3 11934444 $9 494 $x Histoire $2 rameau
606    $3 11944415 $9 6861 $a Découvertes scientifiques $3 11934444 $9 494 $x Histoire $2 rameau
608    $3 12042408 $9 314947 $a Ouvrages pour la jeunesse $2 rameau
608    $a Documentaires : sciences et techniques $2 CNLJ $k Avis critique donné par le Centre national de la littérature pour la jeunesse
676    $a 604.83 $v 23
686    $a 600 $2 Cadre de classement de la Bibliographie nationale française
700    $3 17903206 $9 328697 $o ISNI0000000504484302 $a Romero Mariño $b Soledad $4 070
702    $3 18015473 $9 336996 $o ISNI000000050714571X $a Galbany $b Montse $4 440
801  0 $a FR $b FR-751131015 $c 20220328 $g AFNOR $h FRBNF469962060000004 $2 intermrc
999    $a FRBNF469962060000004
995    $0 0 $2 0 $4 0 $5 2022-05-28 $9 444747 $P 14.90 $b MED $c MED $e MED2A $f C2500027888 $h JDT60ZZ $k E/620 INV $o 0 $p 14.90 $r PRETLIV $s E_620_000000000000000_INV $w 4 $y 2024-03-30 $A 0
995    $0 0 $2 0 $4 0 $5 2022-07-07 $9 446556 $P 14.90 $b MED $c MED $e MED0A $f C3500016359 $h JDT60ZZ $k EXT E/620 INV $n 2024-07-13 $o 0 $r PRETLIV $s EXT_E_620_000000000000000_INV $w 2 $y 2023-09-15
995    $0 0 $2 0 $4 0 $5 2022-10-14 $9 450883 $P 14.90 $b BUS $c BUS $e BUS1A $f C3500016911 $h JDT60ZZ $k BUS E/620 INV $o 0 $r PRETLIV $s BUS_E_620_000000000000000_INV $w 2 $y 2023-06-13

