02580cam a2200481   4500
001 347011
003 http://www.mediathequederoubaix.fr/ark:/20179/KH347011
010    $a 978-2-37578-284-2 $b rel. $d 22 EUR
020    $a FR $b 02258687
033    $a http://catalogue.bnf.fr/ark:/12148/cb470109244
035    $a FRBNF470109240000001
073  0 $a 9782375782842
090    $a 347011
091    $a 2 $b 20240504 $c 1
099    $t LI $d 2024-05-04 $x 25 $c 2022-05-18
100    $a 20220420d2022    m  y0frey50      ba
101 1  $a fre $c eng
102    $a FR
105    $a ||||t   00|a|
106    $a r
181  0 $6 01 $a i  $b xxxe   $a b  $b xb2e  
181    $6 02 $c txt $c sti $2 rdacontent
182  0 $6 01 $a n
182    $6 02 $c n $2 rdamedia
200 1  $a La tapisserie du dragon-thé $b Texte imprimé $f écrit et illustré par Kay O'Neill $g traduction et lettrage par Célia Joseph...
210  0 $a Bordeaux $c Bliss éditions $d DL 2022
214  0 $a Talence $c Bliss $d DL 2022
214  3 $a impr. en Bulgarie
215    $a 1 vol. (136 p.) $c ill. en coul. $d 31 cm
225 19 $a Dragon-thé
300    $a En appendice : "Extraits de l'histoire illustré des dragons-thé"
329    $c Pourquoi pas ? $2 CNLJ $k Avis critique donné par le Centre national de la littérature pour la jeunesse
330    $a Greta peine à aider Ginseng, le timide dragon-thé, à surmonter son deuil. Tandis qu'elle s'évertue à fabriquer un objet susceptible d'impressionner un maître-forgeron à la recherche d'un apprenti, elle s'interroge sur le sens de son artisanat. Minette reçoit un paquet du monastère où elle a jadis étudié pour devenir prophétesse. Elle découvre l'importance d'ouvrir son coeur aux autres. ­Electre 2022
333    $a À partir de 9 ans $2 CNLJ $k Avis critique donné par le Centre national de la littérature pour la jeunesse
339    $a a
454  1 $t The tea dragon tapestry
608    $a Bandes dessinées $2 CNLJ $k Avis critique donné par le Centre national de la littérature pour la jeunesse
686    $a 805 $2 Cadre de classement de la Bibliographie nationale française
700    $3 17870422 $9 333571 $o ISNI0000000483092026 $a O'Neill $b Katie $4 070
801  0 $a FR $b FR-751131015 $c 20220420 $g AFNOR $h FRBNF470109240000001 $2 intermrc
999    $a FRBNF470109240000001
995    $0 0 $2 0 $4 0 $5 2022-05-27 $9 444725 $P 22.00 $b MED $c MED $e MED0A $f C3500016062 $h JBDZZZZ $k EXT E BD/ONE $n 2024-07-11 $o 0 $r PRETLIV $s EXT_E_BD_ONE $w 4 $y 2023-08-31
995    $0 0 $2 0 $4 0 $5 2022-06-11 $9 445333 $P 22.00 $b MED $c MED $e MED2A $f C2500027928 $h JBDZZZZ $k E BD/ONE $n 2024-05-30 $o 0 $p 22.00 $r PRETLIV $s E_BD_ONE $w 21 $y 2024-04-17

