02382cam a2200469   4500
001 347139
003 http://www.mediathequederoubaix.fr/ark:/20179/KH347139
010    $a 978-2-917045-98-5 $b br. $d 7,80 EUR
020    $a FR $b 02258895
033    $a http://catalogue.bnf.fr/ark:/12148/cb469921683
035    $a FRBNF469921680000003
073  0 $a 9782917045985
090    $a 347139
091    $a 2 $b 20240504 $c 1
099    $t LI $d 2024-05-04 $x 6 $c 2022-05-21
100    $a 20220322d2022    a  y0frey50      ba
101 0  $a fre
102    $a FR
105    $a ||||z   00|a|
106    $a r
181  0 $6 01 $a i  $b xxxe  
181    $6 02 $c txt $2 rdacontent
182  0 $6 01 $a n
182    $6 02 $c n $2 rdamedia
200 1  $a Tous pour une ! $b Texte imprimé $f Nancy Guilbert $g [illustré par] Léonie Koelsch
210  0 $a [Paris] $c Kilowatt $d DL 2022
214  0 $a Paris $c Kilowatt $d DL 2022
214  3 $a 71-Châtenoy-le-Royal $c Impr. Alpha book
215    $a 1 vol. (41 p.) $c ill. en coul. $d 18 cm
225    $a Les Kapoches
329    $c Intéressant $2 CNLJ $k Avis critique donné par le Centre national de la littérature pour la jeunesse
330    $a Imany adore la break dance et aimerait pouvoir danser à la récréation. Le problème, c'est que la cour est trop petite et qu'Alessio et sa bande prennent toute la place pour jouer au foot. Imany en a assez et avec ses deux meilleurs copains, Nelle et Aslan, elle entreprend de changer les choses. Une histoire qui aborde le sexisme dans les cours d'école tout en promouvant l'action collective. ­Electre 2022
333    $a À partir de 9 ans $2 CNLJ $k Avis critique donné par le Centre national de la littérature pour la jeunesse
339    $a a
410  0 $0 44480346 $t Les Kapoches $x 2490-9823 $d 2022
608    $a Premières lectures $2 CNLJ $k Avis critique donné par le Centre national de la littérature pour la jeunesse
686    $a 809 $2 Cadre de classement de la Bibliographie nationale française
700    $3 16544077 $9 119795 $o ISNI0000000356443970 $a Guilbert $b Nancy $f 1974-.... $4 070
702    $3 17944207 $9 334006 $o ISNI0000000502604040 $a Koelsch $b Léonie $4 440
801  0 $a FR $b FR-751131015 $c 20220322 $g AFNOR $h FRBNF469921680000003 $2 intermrc
999    $a FRBNF469921680000003
995    $0 0 $2 0 $4 0 $5 2022-06-23 $9 445764 $b MED $c MED $e MED2A $f C2500027828 $h JRORMZZ $k PRE R/GUI $n 2024-05-23 $o 0 $p 7.80 $r PRETLIV $s PRE_R_GUI $w 6 $y 2024-05-02

