02169cam1a2200517 i 4500
001 347240
003 http://www.mediathequederoubaix.fr/ark:/20179/KH347240
005 20240504075840.0
010    $a 978-2-940666-29-4 $b br. $d 16 EUR
073  0 $a 9782940666294
090    $a 347240
100    $a 20210226d2021    |  |0frey5003||||ba
101 0  $a fre
102    $a CH
105    $a         0||a|
106    $a r
181  0 $6 01 $a i  $b xxxe  
181    $6 02 $c txt $2 rdacontent
182  0 $6 01 $a n
182    $6 02 $c n $2 rdamedia
183    $6 01 $a nga $2 rdafrcarrier
183    $6 02 $a nc $2 rdacarrier
200 1  $a L'anomalie du train 006 $b Texte imprimé $e pastiches contemporains $f Pascal Fioretto $g préface par Hervé Le Tellier
210    $a Lausanne (Suisse) $c Hérodios $d 2021
211    $a 20210617
214  0 $a Lausanne (Suisse) $c Hérodios $d 2021
215    $a 1 vol. (137 p.) $d 22 x 14 cm
330    $a En novembre 2021, un événement insensé bouscule les vies de six écrivains renommés (Emmanuel Carrère, Virginie Despentes, Aurélie Valogne, Sylvain Tesson, Joël Dicker et Hervé le Tellier), tous passagers du train Paris-Brive-la-Gaillarde, qui les emmène à la célèbre Foire du livre qui se tient chaque année dans la ville corrézienne. ­Electre 2022
345    $b 9782940666294
676    $a 843 $v 23
686    $a T321015 $2 electre
686    $a GLFC001 $2 electre
700    $3 14425909 $6 192159 $7 ba0yba0y $8 fre    $a Fioretto $b Pascal $f 1962-.... $4 070 $9 47588
702    $3 12192325 $6 1265252 $7 ba0yba0y $8 fre    $a Le Tellier $b Hervé $f 1957-.... $4 080 $9 72028
801  3 $a FR $b Electre $c 20210829 $g AFNOR
830    $a ELECTREX-MA/Lit/JL/2205/Lit8 20220531
903    $a Littérature moderne et contemporaine - Romans - Humour $b T321015
903    $a Littérature française contemporaine - Texte en langue originale $b GLFC001
921    $a X0001930047
939    $a 
947    $c 14.56 $a 16.00
969    $h  2 $a 2 $d  900
099    $t LI $d 2024-05-04 $x 11 $c 2022-05-31
339    $a m
091    $a 2 $b 20240504 $c 0
995    $0 0 $2 0 $4 0 $5 2022-05-31 $9 444801 $b MED $c MED $e MED1A $f C1400011319 $h ALTTCNV $k NVL/FIO $o 0 $p 16.00 $r PRETLIV $s NVL_FIO $w 11 $y 2023-09-19

