01796ngm0a22003731i 4500
001 347347
003 http://www.mediathequederoubaix.fr/ark:/20179/KH347347
010    $d 39.26 EUR TTC
073  0 $a 5051889704744 $d 59.48 EUR TTC
090    $a 347347
091    $a 1 $b 20240505 $c 0
099    $t VD $d 2024-05-05 $x 24 $c 2022-06-01
100    $a 20220601              frey50        
101    $a fre
102    $a FR
200 1  $a Le test $b DVD $f Emmanuel Poulain-Arnaud, réal. $g Noé Debre, Emmanuel Poulain-Arnaud, scénario $g Julien Glabs, mus. $g Philippe Katerine, Alexandra Lamy, Matteo Perez... [et al.], act.
210    $c Apollo Films $d 2022
215    $a 1 DVD (82 min) PAL $c 16/9, Couleur, Dolby Digital 5.1
300    $a Bêtisier.
300    $a Prêt + Consultation
330    $a Annie Castillon est heureuse. Sa vie conjugale avec Laurent est un exemple d'harmonie. Ses deux grands, Maximilien et César, sont des garçons brillants et sensibles. Et Poupi, sa jeune ado, l'épaule sans jamais se plaindre dans l'éducation d'Antoine, le petit dernier. Un week-end comme tous les autres, la découverte d'un test de grossesse positif dans la salle de bain va enrayer la belle harmonie. 
339    $a m
606    $9 314020 $a Comédies dramatiques (cinéma) $x DVD $y France
700  1 $a Poulain-Arnaud $b Emmanuel $4 370 $4 690
702  1 $a Katerine $b Philippe $4 005
702  1 $a Lamy $b Alexandra $f 1971-.... $4 005
702  1 $a Perez $b Matteo $4 005
702  1 $a Cobo $b Pablo $4 005
702  1 $a Fossi $b Joaquim $4 005
702  1 $a Barkoff-Gaillard $b Chloé $4 005
702  1 $a Debre $b Noé $4 690
702  1 $a Glabs $b Julien $4 230
801  0 $a FR $b COLACO $c 20220601 $g AFNOR
995    $0 0 $2 0 $4 0 $5 2022-06-10 $9 445304 $b MED $c MED $e MED1A $f C1400013571 $h AAPCIFI $k DVD/F POU $o 0 $p 39.00 $r PRETDVD $s DVD_F_POU $w 24 $y 2024-05-11

