01640cam a2200409   4500
001 347451
003 http://www.mediathequederoubaix.fr/ark:/20179/KH347451
010    $a 978-2-344-04052-2 $b rel. $d 25,50 EUR
020    $a FR $b 02223629
033    $a http://catalogue.bnf.fr/ark:/12148/cb46920510z
035    $a FRBNF469205100000000
073  0 $a 9782344040522
090    $a 347451
091    $a 2 $b 20240505 $c 1
099    $t LI $d 2024-05-05 $x 9 $c 2022-06-04
100    $a 20211129d2021    m  y0frey50      ba
101 0  $a fre
102    $a FR
105    $a ||||t   00|a|
106    $a r
181  0 $6 01 $a i  $b xxxe   $a b  $b xb2e  
181    $6 02 $c txt $c sti $2 rdacontent
182  0 $6 01 $a n
182    $6 02 $c n $2 rdamedia
200 1  $a Frankenstein $b Texte imprimé $f Georges Bess $g [d'après] Mary Shelley...
210  0 $a Grenoble $c Glénat $d DL 2021
214  0 $a Grenoble $c Glénat $d DL 2021
214  3 $a impr. en Slovénie
215    $a 1 vol. (201 p.) $c ill. $d 30 cm
330    $a Un savant, Victor Frankenstein, parvient à donner vie à un être fait d'un assemblage de morceaux de cadavres. ­Electre 2022
339    $a m
686    $a 805 $2 Cadre de classement de la Bibliographie nationale française
700    $3 12077283 $9 60246 $o ISNI0000000117977959 $a Bess $b Georges $f 1947-.... $4 070
702    $3 11887567 $9 7022 $o ISNI0000000120981238 $a Shelley $b Mary Wollstonecraft $f 1797-1851 $4 100
801  0 $a FR $b FR-751131015 $c 20211129 $g AFNOR $h FRBNF469205100000000 $2 intermrc
999    $a FRBNF469205100000000
995    $0 0 $2 0 $4 0 $5 2022-06-04 $9 445073 $P 25.50 $b MED $c MED $e MED0C $f C2300012978 $h AAPBDZZ $k BD/BES $o 0 $p 25.50 $r PRETLIV $s BD_BES $w 9 $y 2023-11-26

