03377njm0a2200397   4500
001 347553
003 http://www.mediathequederoubaix.fr/ark:/20179/KH347553
071 01 $a alpha765 $b Alpha
073  0 $a 3760014197659
090    $a 347553
091    $a 1 $b 20240505 $c 0
099    $d 2024-05-05 $t DC $x 3 $c 2022-06-07
100    $a 20220525d2021    u  y0frey5003    ba
101 0  $a ita
127    $a 010800
200 1  $a Enchantresses $b [enr. sonore] $f Georg Friedrich Händel, comp. $g Jérôme Correas, dir. $g Sandrine Piau, S $g Paladins (Les), ens. instr.
210    $a Belgique $c Alpha $d 2021
215    $a 1 CD (68 min) $e 1 livret
327 1  $a Scherza in mar la navicella (Lotario, HWV.26) $a Il vostro maggio (Rinaldo, HWV.7a) $a Da tempeste (Giulio Cesare in Egitto, HWV.17) $a Concerto grosso, op. 6/4, la mineur, Larghetto $a E pur cosi in un giorno/Piangero la sorte mia (Giulio Cesare in Egitto, HWV.17) $a Concerto grosso, op. 6/4, la mineur, Allegro $a Alla salma infedel porga la pena (Lucrezia, HWV.145) $a Ah, mio cor (Alcina, HWV.34) $a Destero dall'empia Dite (Amadigi di Gaula, HWV.11) $a Concerto grosso, op. 6/6, sol mineur, Largho e affetuoso $a Tormani a vagheggiar (Alcina, HWV.34) $a Lascia ch'io pianga (Rinaldo, HWV.7a)
330    $a Händel est l'un des compositeurs fétiches de Sandrine Piau, on se souvient de sa magnifique Alcina : "Si j'ai incarné autrefois des héroïnes virevoltantes et légères, cet album offre un portrait de femmes puissantes, souvent meurtries." ...  "Reines, magiciennes, sirènes, nous étions attirés par l'intensité musicale et émotionnelle que dégagent les espérances, les déceptions, les souffrances de ces femmes, sans oublier la malice ou la cruauté qu'elles savent aussi déployer." poursuit Jérôme Correas, complice de toujours de la soprano et chef des Paladins. A travers Almirena, Cleopatra ou Alcina, Händel explore toutes les facettes de ces héroïnes déchues, caractères tranchés que l'on retrouve dans l'interprétation passionnée de Sandrine Piau.
334    $a Classica No.240 p.87 du 18/03/2022 $b 5/5
345    $a GAM $b 3760014197659 $c disque compact $d 20,96 E
610    $a Récital de chanteuses, voix de femmes, voix d'enfants
679    $a 3 $c 36
700  1 $a Händel $b Georg Friedrich $f 1685-1759 $4 230
702  1 $a Correas $b Jérôme $f 1966-.... $4 250
702  1 $a Piau $b Sandrine $f 1965-.... $4 721
712 02 $a Paladins (Les) $4 545
801  0 $a FR $b GAM $c 20220525 $g AFNOR
856 4  $u https://www.gamannecy.com/upload/albums/202112/3760014197659_thumb.jpg
856 4  $u https://www.gamannecy.com/polysson/202202/01-3760014197659.mp3 $z Scherza in mar la navicella (Lotario, HWV.26)
856 4  $u https://www.gamannecy.com/polysson/202202/02-3760014197659.mp3 $z Il vostro maggio (Rinaldo, HWV.7a)
856 4  $u https://www.gamannecy.com/polysson/202202/03-3760014197659.mp3 $z Da tempeste (Giulio Cesare in Egitto, HWV.17)
856 4  $u https://www.gamannecy.com/polysson/202202/04-3760014197659.mp3 $z Concerto grosso, op. 6/4, la mineur, Larghetto
856 4  $u https://www.gamannecy.com/polysson/202202/05-3760014197659.mp3 $z E pur cosi in un giorno/Piangero la sorte mia (Giulio Cesare in Egitto, HWV.17)
995    $0 0 $2 0 $4 0 $5 2022-06-16 $9 445401 $b MED $c MED $e MED1A $f C3100010486 $h AMV30ZZ $k DC/3 HAE Opéra (extraits) $l contient 1 DC + 1 livret $o 0 $p 20.96 $r PRETSON $s DC_3_000000000000000_HAE_OPÉRA_EXTRAITS $w 3 $y 2023-06-24

