02811cam a2200493   4500
001 347658
003 http://www.mediathequederoubaix.fr/ark:/20179/KH347658
010    $a 978-2-211-31179-3 $b br. $d 7,80 EUR
020    $a FR $b 02240217
033    $a http://catalogue.bnf.fr/ark:/12148/cb46959450q
035    $a FRBNF469594500000002
073  0 $a 9782211311793
090    $a 347658
091    $a 2 $b 20240505 $c 1
099    $t LI $d 2024-05-05 $x 5 $c 2022-06-16
100    $a 20220202d2022    a  y0frey50      ba
101 0  $a fre
102    $a FR
105    $a ||||z   00|a|
106    $a r
181  0 $6 01 $a i  $b xxxe  
181    $6 02 $c txt $2 rdacontent
182  0 $6 01 $a n
182    $6 02 $c n $2 rdamedia
200 1  $a Le club de la pluie et la maison qui chuchote $b Texte imprimé $f Malika Ferdjoukh
210  0 $a Paris $c l'École des loisirs $d DL 2022
214  0 $a Paris $c l'École des loisirs $d DL 2022
214  3 $a 37-Chambray-lès-Tours $c Gibert-Clarey impr.
215    $a 1 vol. (123 p.) $c ill. $d 19 cm
225 19 $a Le club de la pluie $v 5
225    $a Neuf poche
321    $a La Revue des livres pour enfants $x 0398-8384 $c 324
329    $c Bravo ! $a Les quatre jeunes détectives, leur chien et leur petit singe quittent leur pensionnat pour les vacances de la Toussaint, invités dans la grande demeure d'une amie. Mais serait-elle hantée ? Faux suspects, vrais méchants, agression « impossible » et chasse au trésor, une aventure bien troussée, aux clins d'œil bienvenus - et assumés - à de grands classiques : du Club des Cinq d'E. Blyton au Mystère de la chambre jaune de G. Leroux. $d 20220401 $f MA $2 CNLJ $k Avis critique donné par le Centre national de la littérature pour la jeunesse
330    $a Pour les vacances de la Toussaint, Ambroise et ses amis sont invités dans une grande maison située sur une mystérieuse île en Bretagne. Paméla est persuadée que les murs lui chuchotent des menaces. Milo, Nadget, Rose, Ambroise, leur chien Clipper et le singe Rouletabille mènent l'enquête. ­Electre 2022
333    $a À partir de 11 ans $2 CNLJ $k Avis critique donné par le Centre national de la littérature pour la jeunesse
339    $a a
410  0 $0 34244964 $t Neuf en poche $x 0985-4061 $d 2021
461  0 $0 45748740 $t Le club de la pluie $v 5
608    $a Romans $2 CNLJ $k Avis critique donné par le Centre national de la littérature pour la jeunesse
686    $a 809 $2 Cadre de classement de la Bibliographie nationale française
700    $3 12218671 $9 12577 $o ISNI0000000122825570 $a Ferdjoukh $b Malika $f 1957-.... $4 070
801  0 $a FR $b FR-751131015 $c 20220202 $g AFNOR $h FRBNF469594500000002 $2 intermrc
999    $a FRBNF469594500000002
995    $0 0 $2 0 $4 0 $5 2022-06-23 $9 445752 $P 7.80 $b MED $c MED $e MED2A $f C2500028129 $h JROPLZZ $k E RP/FER $o 0 $p 7.80 $r PRETLIV $s E_RP_FER $w 5 $y 2023-10-24

