02742cam1a2200601 i 4500
001 347762
003 http://www.mediathequederoubaix.fr/ark:/20179/KH347762
005 20240505023235.0
010    $a 978-2-03-600828-1 $b br. $d 16,95 EUR
073  0 $a 9782036008281
090    $a 347762
100    $a 20211006d2022    m  |0frey5003||||ba
101 0  $a fre
102    $a FR
105    $a         0||y|
106    $a r
181  0 $6 01 $a i  $b xxxe  
181    $6 02 $c txt $2 rdacontent
182  0 $6 01 $a n
182    $6 02 $c n $2 rdamedia
183    $6 01 $a nga $2 rdafrcarrier
183    $6 02 $a nc $2 rdacarrier
200 1  $a Un léger soupçon d'autisme $b Texte imprimé $e réussir à identifier l'autisme léger pour améliorer les relations au quotidien $f Isabelle Le Peuc'h
210    $a Paris $c Larousse $d 2022
211    $a 20220316
214  0 $a Paris $c Larousse $d 2022
215    $a 1 vol. (350 p.) $c illustrations en noir et blanc $d 22 x 14 cm
222    $a 
225 2  $a Essais et documents
330    $a Les troubles du spectre de l'autisme ne sont pas toujours détectés par les soignants. Ce déficit de diagnostic crée un sentiment d'incompréhension chez les porteurs ou leurs proches pouvant être à la source de relations conflictuelles. En alternant des extraits de séances et des explications, la thérapeute donne des clés pour une meilleure prise en compte de l'autisme. ­Electre 2022
333    $a Tout public
345    $b 9782036008281
410  0 $6 59222 $7 4509690000 $t Essais et documents
606    $3 16627519 $9 335954 $a Troubles du spectre de l'autisme $3 11976727 $9 117920 $x Diagnostic $2 rameau
606    $3 16627519 $9 335954 $a Troubles du spectre de l'autisme $3 11959725 $9 18978 $x Thérapeutique $2 rameau
606    $3 11942576 $7 ba0yba0y $8 fre    $a Relations médecin-patient $2 rameau $9 26000
606    $3 11946662 $7 ba0yba0y $8 fre    $a Parents et enfants $2 rameau $9 4429
676    $a 616.858 82 $v 23 $a LEPOUTRE, Louise (X0002173849)
686    $a T360804 $2 electre
686    $a GDOC002 $2 electre
686    $a PG0100 $2 electre
700  1 $6 12262158 $a Le Peuc'h $b Isabelle $4 070
801  3 $a FR $b Electre $c 20220409 $g AFNOR
830    $a ELECTREA/CI/2022 Juin Juillet Loisirs Vie Pratique 20220622
902    $a Grand public - Tout public $b PG0100
903    $a Médecine - Psychopathologies et thérapies - Troubles de la personnalité $b T360804
903    $a Documents, essais - Documents $b GDOC002
947    $c 15.42 $a 16.95
969    $h  1 $a 1 $d  900
099    $t LI $d 2024-05-05 $x 14 $c 2022-06-22
339    $a m
091    $a 2 $b 20240505 $c 0
995    $0 0 $2 0 $4 0 $5 2022-07-02 $9 446359 $b MED $c MED $e MED1A $f C1400013782 $h AAPPLMS $k Doc./616 AUT $n 2024-06-30 $o 0 $p 16.95 $r PRETLIV $s DOC___616_000000000000000_AUT $w 15 $y 2024-05-19

