01793cam a2200433   4500
001 347865
003 http://www.mediathequederoubaix.fr/ark:/20179/KH347865
010    $a 979-10-210-4977-2 $b br. $d 22 EUR
020    $a FR $b 02233329
033    $a http://catalogue.bnf.fr/ark:/12148/cb47033562q
035    $a FRBNF470335620000001
073  0 $a 9791021049772
090    $a 347865
091    $a 2 $b 20240505 $c 1
099    $t LI $d 2024-05-18 $x 11 $c 2022-06-24
100    $a 20220525d2022    m  y0frey50      ba
101 0  $a fre
102    $a FR
105    $a ||||z   00|y|
106    $a r
181  0 $6 01 $a i  $b xxxe  
181    $6 02 $c txt $2 rdacontent
182  0 $6 01 $a n
182    $6 02 $c n $2 rdamedia
200 1  $a Nouvelle histoire de l'islam $b Texte imprimé $e VIIe-XXIe siècle $f John Tolan
210  0 $a Paris $c Tallandier $d DL 2022
214  0 $a Paris $c Tallandier $d DL 2022
214  3 $a 14-Condé-en-Normandie $c Impr. Corlet
215    $a 1 vol. (335 p.) $d 22 cm
300    $a Bibliogr. p. 313-319. Index
330    $a Des origines jusqu'à l'époque contemporaine, une synthèse de l'histoire de l'islam présentant ses fondements, ses divisions, son développement ainsi que sa diffusion à travers le monde. ­Electre 2022
339    $a m
606    $3 13318428 $9 8572 $a Islam $3 11934444 $9 494 $x Histoire $2 rameau
676    $a 297.09 $v 23
686    $a 290 $2 Cadre de classement de la Bibliographie nationale française
700    $3 12548221 $9 327528 $o ISNI0000000109282604 $a Tolan $b John Victor $f 1959-.... $4 070
801  0 $a FR $b FR-751131015 $c 20220525 $g AFNOR $h FRBNF470335620000001 $2 intermrc
999    $a FRBNF470335620000001
995    $0 0 $2 0 $4 0 $5 2022-06-29 $9 446058 $b MED $c MED $e MED3A $f C2400004006 $h ACFREZZ $k Doc./250 HIS $n 2024-06-29 $o 0 $r PRETLIV $s DOC___250_000000000000000_HIS $w 11 $y 2024-05-18

