02226cam1a2200553 i 4500
001 347969
003 http://www.mediathequederoubaix.fr/ark:/20179/KH347969
005 20240505024240.0
010    $a 9782372580960 $b br. $d 9,90 EUR
073  0 $a 9782372580960
090    $a 347969
100    $a 20210923d2022    |  |0frey5003||||ba
101 0  $a fre
102    $a FR
105    $a         0||a|
106    $a r
181  0 $6 01 $a i  $b xxxe  
181    $6 02 $c txt $2 rdacontent
182  0 $6 01 $a n
182    $6 02 $c n $2 rdamedia
183    $6 01 $a nga $2 rdafrcarrier
183    $6 02 $a nc $2 rdacarrier
200 1  $a De l'or et des larmes $b Texte imprimé $e thriller $f Isabelle Villain
210    $a Nice $c Taurnada $d 2022
211    $a 20220113
214  0 $a Nice $c Taurnada $d 2022
215    $a 1 vol. (249 p.) $d 18 x 11 cm
225 2  $a Le tourbillon des mots $x 2276-0717
330    $a Le médiatique entraîneur de gymnastique Jean-Luc Provost meurt dans un accident de voiture six mois à peine avant les jeux Olympiques de 2024. Si la thèse du suicide est rapidement écartée, l'affaire, tenue pour politiquement sensible, est confiée au groupe de Lost. Rebecca et son équipe s'immergent alors dans ce milieu où athlètes et familles sont prêts à tout pour décrocher l'or olympique. ­Electre 2022
345    $b 9782372580960
410  0 $6 324724 $t Le tourbillon des mots $x 2276-0717
676    $a 843 $v 23
686    $a T321010 $2 electre
686    $a GLFC001 $2 electre
686    $a GRPO000 $2 electre
700  1 $3 15001962 $9 329026 $6 12016679 $a Villain $b Isabelle $f 1966-.... $4 070
801  3 $a FR $b Electre $c 20220120 $g AFNOR
830    $a ELECTREX-MA/Lit/JL/2206/Lit9 20220625
903    $a Littérature moderne et contemporaine - Romans - Thrillers/Suspense $b T321010
903    $a Littérature française contemporaine - Texte en langue originale $b GLFC001
903    $a Rayon poche $b GRPO000
921    $a X0002049878
939    $a 
947    $c 9.01 $a 9.90
969    $h  1 $a 1 $d  900
099    $t LI $d 2024-05-05 $x 7 $c 2022-06-25
339    $a m
091    $a 2 $b 20240505 $c 0
995    $0 0 $2 0 $4 0 $5 2022-06-25 $9 445951 $b MED $c MED $e MED1A $f C1400013912 $h ALTROPL $k RP/VIL $o 0 $p 9.90 $r PRETLIV $s RP_VIL $w 7 $y 2024-04-18 $A 0

