01818cam2a2200421 i 4500
001 348083
003 http://www.mediathequederoubaix.fr/ark:/20179/KH348083
005 20240508050322.0
010    $a 978-2-37936-015-2 $b br. $d 21 EUR
073  0 $a 9782379360152
090    $a 348083
091    $a 2 $b 20240508 $c 0
099    $d 2024-05-08 $x 5 $t LI $c 2022-07-01
100    $a 20220324d2022    e  |0frey5003||||ba
101 0  $a fre
102    $a FR
105    $a     t   0||y|
106    $a r
200 1  $a Lorunis $b Texte imprimé $f scénario Exaheva $g dessin Félix Laurent
210    $a Nantes $c Vide-Cocagne $d 2022
211    $a 20220513
214  0 $a Nantes $c Vide-Cocagne $d 2022
215    $a 1 vol. (422 p.) $c illustrations en noir et blanc $d 21 x 15 cm
225 1  $a Mekka Nikki $v 2
225 2  $a Grand souk
330    $a Après le crash, Nikki et ses amis subissent la défaite tout en devant repartir à l'aventure pour trouver le remède à la maladie qui paralyse les habitants de Tsigo. Très vite, ils découvrent un projet maléfique en cours sur la planète Lorunis. Nikki affronte un cruel dilemme : vivre sans souffrance dans une machine ou éprouver joie et peine parmi les vivants organiques. Fin du diptyque. ­Electre 2022
333    $a A partir de 13 ans
345    $b 9782379360152
410  0 $t Grand souk
461  0 $t Mekka Nikki $v 2
676    $a 741.56 $v 23
686    $2 electre
686    $2 electre
700  0 $3 17955696 $9 332955 $a Exaheva $f 1990-.... $4 070
701  1 $3 17955697 $9 332956 $a Laurent $b Félix $f 1991-.... $4 440
801  3 $a FR $b Electre $c 20220602 $g AFNOR
856 4  $u https://www.electre.com/GetBlob.ashx?Ean=9782379360152,0-8562237&Size=Original
995    $0 0 $2 0 $4 0 $5 2022-07-06 $9 446433 $P 21.00 $b MED $c MED $e MED0C $f C2300013110 $h AAPBDZZ $k BD/LAU $o 0 $p 21.00 $r PRETLIV $s BD_LAU $w 5 $y 2024-05-18

