00782nam a22002053  4500
001 348183
003 http://www.mediathequederoubaix.fr/ark:/20179/KH348183
010    $a 9782862748955 $d 14.94
090    $a 348183
091    $a 2 $b 20240508 $c 0
099    $t LI $d 2024-05-08 $x 4 $c 2022-07-05
100    $a 20220705d2001    u||y0frey50      ba
101    $a fre
200    $a Le grand livre de la méchanceté $f Pierre Drachline
210    $a Paris $c le Cherche-midi éd. $d 2001
215    $a 307 p. $c couv. ill. $d 22 cm
676    $3 680
700    $7 ba0yba0y $8 fre    $a Drachline $b Pierre $f 1948-2015 $9 280950
801    $a FR $b 595126101 $c 20220705 $g AFNOR
995    $0 0 $2 0 $4 0 $5 2022-07-05 $9 446414 $b MED $c MED $e MED1A $f C3100010516 $h AAPPLHU $k Doc./680 HUM $o 0 $p 14.94 $r PRETLIV $s DOC___680_000000000000000_HUM $w 4 $y 2023-11-07

