01153ngm0a22002891i 4500
001 348286
003 http://www.mediathequederoubaix.fr/ark:/20179/KH348286
010    $d 33.43 EUR TTC
073  0 $a 5053083249731 $d 50.65 EUR TTC
090    $a 348286
100    $a 20220708              frey50        
101    $a fre
102    $a RU
200 1  $a Masha et Michka : L'île au trésor $b DVD $f Oleg Kuzovkov, réal. $g Oleg Kuzovkov, scénario $g Vasily Bogatyrev, mus.
210    $c Universal Pictures Vidéo $d 2022
215    $a 1 DVD (91 min) PAL $c 16/9, Couleur, Dolby Digital 2.0
300    $a Prêt
330    $a Masha, Panda et Rosette jouent les pirates, tandis que Masha et Panda se disputent souvent sur le rôle du capitaine. 13 épisodes. 
333    $a 3-6 ans
510 0  $a Masha i Medved
700  1 $a Kuzovkov $b Oleg $4 370 $4 690 $4 100
702  1 $a Bogatyrev $b Vasily $4 230
801  0 $a FR $b COLACO $c 20220708
099    $t VD $d 2024-05-08 $x 11 $c 2022-07-08
339    $a a
091    $a 1 $b 20240508 $c 0
995    $0 0 $2 0 $4 0 $5 2022-07-09 $9 446668 $b MED $c MED $e MED2A $f C3500016408 $h JCIFED1 $k DVD/EV DA MAS $l Contient 1 DVD $o 0 $r PRETDVD $s DVD_EV_DA_MAS $w 11 $y 2024-04-17 $A 0

