02531cam a2200469   4500
001 348389
003 http://www.mediathequederoubaix.fr/ark:/20179/KH348389
010    $a 978-2-490735-23-5 $b rel. $d 15,90 EUR
020    $a FR $b 02267168
033    $a http://catalogue.bnf.fr/ark:/12148/cb47046097x
035    $a FRBNF470460970000007
073  0 $a 9782490735235
090    $a 348389
091    $a 2 $b 20240510 $c 1
099    $t LI $d 2024-05-10 $x 36 $c 2022-07-12
100    $a 20220615d2022    a  y0frey50      ba
101 0  $a fre
102    $a FR
105    $a ||||t   00|a|
106    $a r
181  0 $6 01 $a i  $b xxxe   $a b  $b xb2e  
181    $6 02 $c txt $c sti $2 rdacontent
182  0 $6 01 $a n
182    $6 02 $c n $2 rdamedia
200 1  $a Bergère des fées $b Texte imprimé $f scénario, Audrey Alwett $g dessins, Nora Moretti $g couleurs, Cytros Treb
210  0 $a CHARNAY LES MACON $c Drakoo $d 2022
214  0 $a Charnay-lès-Mâcon $c Drakoo $d DL 2022
214  3 $a 91-Palaiseau $c Impr. PPO graphic
215    $a 1 vol. (72 p.) $c ill. en coul. $d 30 cm
225 19 $a Le jardin des fées $v 1
329    $c Intéressant $2 CNLJ $k Avis critique donné par le Centre national de la littérature pour la jeunesse
330    $a La mission d'un berger des fées consiste à garder secrète leur existence, à les protéger et à leur fournir les fleurs nécessaires à la fabrication d'un miel réparateur. Leur pouvoir est d'exaucer un souhait formulé, mais cette action cause leur mort. Le berger ne doit donc pas exiger de voeu, mais rechercher un jardin pour les mettre à l'abri. ­Electre 2022
333    $a À partir de 11 ans $2 CNLJ $k Avis critique donné par le Centre national de la littérature pour la jeunesse
339    $a a
608    $a Bandes dessinées $2 CNLJ $k Avis critique donné par le Centre national de la littérature pour la jeunesse
686    $a 805 $2 Cadre de classement de la Bibliographie nationale française
700    $3 15761314 $9 97510 $o ISNI0000000121205388 $a Alwett $b Audrey $f 1982-.... $4 070
702    $3 16149272 $9 101643 $o ISNI0000000080087089 $a Moretti $b Nora $f 1980-.... $4 440
801  0 $a FR $b FR-751131015 $c 20220615 $g AFNOR $h FRBNF470460970000007 $2 intermrc
999    $a FRBNF470460970000007
995    $0 0 $2 0 $4 0 $5 2022-07-13 $9 446885 $P 15.90 $b MED $c MED $e MED0A $f C3500016452 $h JBDZZZZ $k EXT E BD/ALW $n 2024-06-28 $o 0 $r PRETLIV $s EXT_E_BD_ALW $w 7 $y 2024-04-19 $8 MA017 $A 0
995    $0 0 $2 0 $4 0 $5 2022-07-15 $9 446972 $P 15.90 $b MED $c MED $e MED2A $f C2500028248 $h JBDZZZZ $k E BD/ALW $n 2024-05-31 $o 0 $p 15.90 $r PRETLIV $s E_BD_ALW $w 29 $y 2024-05-10 $A 0

