01711ngm0a22003731i 4500
001 348492
003 http://www.mediathequederoubaix.fr/ark:/20179/KH348492
010    $d 39.37 EUR TTC
073  0 $a 3545020075678 $d 59.65 EUR TTC
090    $a 348492
091    $a 1 $b 20240511 $c 0
099    $t VD $d 2024-05-11 $x 1 $c 2022-07-13
100    $a 20220713              frey50        
101    $a spa $j fre
102    $a ES
200 1  $a Libertad $b DVD $f Clara Roquet, réal. $g Eduard Sola, Clara Roquet, scénario $g Paul Tyan, mus. $g Nora Navas, Maria Morera, Nicolle Garcia... [et al.], act.
210    $c Epicentre Films $d 2022
215    $a 1 DVD (100 min) PAL $c 16/9, Couleur, Dolby Digital 5.1, 2.0
300    $a Entretien avec Clara Roquet et Maria Morera, présentation du film par Clara Roquet, bande-annonce, diaporama, bio-filmographie de Clara Roquet.
300    $a Prêt + Consultation
330    $a Espagne, l'été. Libertad fait irruption dans la vie de Nora, 15 ans, et bouscule le calme habituel de ses vacances en famille. Ces deux jeunes filles que tout oppose nouent alors une amitié profonde qui marquera leur entrée dans l'adolescence. 
339    $a m
606    $9 309987 $a Drames (cinéma) $x DVD $y Espagne
700  1 $a Roquet $b Clara $4 370 $4 690
702  1 $a Navas $b Nora $f 1975-.... $4 005
702  1 $a Morera $b Maria $4 005
702  1 $a Garcia $b Nicolle $4 005
702  1 $a Hurtado $b Carol $4 005
702  1 $a Pena $b Vicky $4 005
702  1 $a Alcaide $b Carlos $4 005
702  1 $a Sola $b Eduard $4 690
702  1 $a Tyan $b Paul $4 230
801  0 $a FR $b COLACO $c 20220713 $g AFNOR
995    $0 0 $2 0 $4 0 $5 2022-09-06 $9 448734 $b MED $c MED $e MED1A $f C1400014317 $h AAPCIFI $k DVD/F ROQ $o 0 $p 39.00 $r PRETDVD $s DVD_F_ROQ $w 1 $y 2022-10-26

