02630njm0a2200421   4500
001 348607
003 http://www.mediathequederoubaix.fr/ark:/20179/KH348607
071 01 $a AFAR004CD $b Fire Records
073  0 $a 0809236160478
090    $a 348607
091    $a 1 $b 20240511 $c 0
099    $d 2024-05-11 $t DC $x 6 $c 2022-07-19
100    $a 20220630d2021    u  y0frey5003    ba
101 0  $a eng
127    $a 005700
200 1  $a Gratitude $b [enr. sonore] $f Abiodun Oyewole, chant $g Melodie Nicole, chant $g Pharoah Davis, chant $g Taylor Pace, chant... [et al.]
210    $a Londres $c Fire Records $d 2021
215    $a 1 CD (57 min) $e 1 livret
327 1  $a Rain $g Taylor Pace $a My life $a A poem $a Harlem $a Brooklyn $a To begin $g Pharoah Davis $a Praise the lord $a Spirit $g Melodie Nicole $a Without you $a Occupy $a Right here waiting $g J. Ivy $a What I want to see
330    $a Le livret comprend une interview approfondie d'Abiodun, poète et membre fondateur de The Last Poets, détaillant le processus d'écriture de l'album. Aujourd'hui, les Last Poets sont souvent considérés comme les parrains du rap, on le comprend en écoutant leurs premiers enregistrements. Leurs textes englobent la révolution, le sexe, la mort, les drogues et le Black Power. Ce disque n'est pas un album de protestation, c'est un album d'inspiration à travers les mots inclusifs et la voix divine d'Abiodun qui n'est plus un homme en colère, mais un homme plus âgé et plus sage, qui réfléchit sur sa vie et ses quêtes spirituelles.
334    $a Rock & Folk No.655 p.67 du 16/03/2022 $b 4/5
334    $a Sélection FIP de Février 2022 $b 20/20
345    $a GAM $b 0809236160478 $c disque compact $d 16,36 E
610    $a Hip Hop, Rap
679    $a 2 $c 90.2
700  1 $a Abiodun Oyewole $f 1948-.... $4 721
702  1 $a Nicole $b Melodie $4 721
702  1 $a Pharoah Davis $4 721
702  1 $a Pace $b Taylor $4 721
702  1 $a J. Ivy $4 721
801  0 $a FR $b GAM $c 20220630 $g AFNOR
856 4  $u https://www.gamannecy.com/upload/albums/202201/0809236160478_thumb.jpg
856 4  $u https://www.gamannecy.com/polysson/202201/01-0809236160478.mp3 $z Rain
856 4  $u https://www.gamannecy.com/polysson/202201/02-0809236160478.mp3 $z My life
856 4  $u https://www.gamannecy.com/polysson/202201/03-0809236160478.mp3 $z A poem
856 4  $u https://www.gamannecy.com/polysson/202201/04-0809236160478.mp3 $z Harlem
856 4  $u https://www.gamannecy.com/polysson/202201/05-0809236160478.mp3 $z Brooklyn
995    $0 0 $2 0 $4 0 $5 2022-07-29 $9 447544 $b MED $c MED $e MED1A $f C3100010542 $h AMV15ZZ $k DC/2 OYE 90.2 $l contient 1 DC + 1 livret $o 0 $p 16.36 $r PRETSON $s DC_2_000000000000000_OYE_90_2 $w 6 $y 2023-08-04

