00790ngm0a22002051i 4500
001 348822
003 http://www.mediathequederoubaix.fr/ark:/20179/KH348822
010    $d 16.26 EUR TTC
073  0 $a 823564550343 $d 24.64 EUR TTC
090    $a 348822
099    $d 2022-07-30
100    $a 20220730              frey50        
101    $a eng
102    $a UK
200 1  $a Adele : Back in the pink $b DVD
210    $c Socadisc $d 2022
215    $a 1 DVD (151 min) PAL $c 16/9, Couleur
300    $a Prêt + Consultation
330    $a Documentaire sur Adèle, couvrant son ascension, de ses débuts à la BRIT School à son succès qui en fait l'une des chanteuses britanniques les plus célèbres dans le monde. Le documentaire est enrichi d'interviews avec Adèle elle-même. 
801  0 $a FR $b COLACO $c 20220730

