02007cam a2200457   4500
001 348927
003 http://www.mediathequederoubaix.fr/ark:/20179/KH348927
010    $a 979-10-358-0911-9 $b br. $d 4,40 EUR
020    $a FR $b 02049866
033    $a http://catalogue.bnf.fr/ark:/12148/cb46584041c
035    $a FRBNF465840410000009
073  0 $a 9791035809119
090    $a 348927
091    $a 2 $b 20240511 $c 1
099    $t LI $d 2024-05-11 $x 10 $c 2022-08-20
100    $a 20200728d2020    a  y0frey50      ba
101 0  $a fre
102    $a FR
105    $a ||||z   00|a|
106    $a r
181  0 $6 01 $a i  $b xxxe   $a b  $b xb2e  
181    $6 02 $c txt $c sti $2 rdacontent
182  0 $6 01 $a n
182    $6 02 $c n $2 rdamedia
200 1  $a Hermès, l'enfance d'un dieu $b Texte imprimé $f Viviane Koenig $g [illustrations de] Olivia Sautreuil $g notes et dossier pédagogique d'Alexandra Lalanne,...
210  0 $a Paris $c Belin éducation $d DL 2020
214  0 $a Paris $c Belin éducation $d DL 2020
214  3 $a 85-Luçon $c Impr. Pollina
215    $a 1 vol. (61 p.) $c ill. en coul. $d 19 cm
225    $a Boussole $i Cycle 2 $e roman $x 2497-9058
300    $a Bibliogr. p. 58-59. Sitogr. p. 60-61
330    $a Le récit de l'enfance d'Hermès, messager des dieux très facétieux. Avec un dossier de lecture et des ouvertures culturelles. ­Electre 2022
339    $a a
410  0 $0 45540036 $t Boussole. Cycle 2 $x 2610-0533 $d 2020
686    $a 809 $2 Cadre de classement de la Bibliographie nationale française
700    $3 11909918 $9 8238 $o ISNI000000006634056X $a Koenig $b Viviane $f 1950-.... $4 070
702    $3 16543743 $9 108391 $o ISNI000000035781928X $a Sautreuil $b Olivia $4 440
702    $3 17830629 $9 336360 $o ISNI0000000477045039 $a Lalanne $b Alexandra $4 340
801  0 $a FR $b FR-751131015 $c 20200728 $g AFNOR $h FRBNF465840410000009 $2 intermrc
999    $a FRBNF465840410000009
995    $0 0 $2 0 $4 0 $5 2022-09-20 $9 449223 $P 4.40 $b MED $c MED $e MED2A $f C2500029145 $h JRORMZZ $k PRE R/KOE $n 2024-05-28 $o 0 $p 4.40 $r PRETLIV $s PRE_R_KOE $w 10 $y 2024-05-07

