02138cam2a2200529 i 4500
001 349027
003 http://www.mediathequederoubaix.fr/ark:/20179/KH349027
005 20240511044709.0
010    $a 978-2-09-256016-7 $b br. $d 6,20 EUR
073  0 $a 9782092560167
090    $a 349027
100    $a 20160704d2016    c  |0frey5003||||ba
101 0  $a fre
102    $a FR
105    $a         0||y|
106    $a r
181  0 $6 01 $a i  $b xxxe  
181    $6 02 $c txt $2 rdacontent
182  0 $6 01 $a n
182    $6 02 $c n $2 rdamedia
183    $6 01 $a nga $2 rdafrcarrier
183    $6 02 $a nc $2 rdacarrier
200 1  $a Le Petit Chaperon se bouge $b Texte imprimé $f Mymi Doinet $g illustrations Glen Chapron
210    $a Paris $c Nathan Jeunesse $d 2016
211    $a 20161013
214  0 $a Paris $c Nathan Jeunesse $d 2016
215    $a 1 vol. (44 p.) $c illustrations en couleur $d 19 x 15 cm
225 1  $a Les aventures d'Anouk et Benji
225 2  $a Premiers romans $x 2117-8046 $v 341
330    $a Le salon du livre ouvre ses portes. Le père d'Anouk a confectionné un buffet, mais les petits fours ont disparu. Qui plus est, l'auteure Mary Dickinson manque également à l'appel. La jeune détective en herbe doit mener l'enquête. ­Electre 2022
333    $a A partir de 7 ans
345    $b 9782092560167
410  0 $6 299610 $t Premiers romans $x 2117-8046 $v 341
461  0 $6 323459 $t Les aventures d'Anouk et Benji
686    $a J000603 $2 electre
686    $a GJEU013 $2 electre
686    $a GRPO000 $2 electre
686    $a PJ0302 $2 electre
700    $3 13077816 $6 118979 $7 ba0yba0y $8 fre    $a Doinet $b Mymi $f 1958-.... $4 070 $9 50822
702    $3 16040599 $6 1139508 $7 ba0yba0y $8 fre    $a Chapron $b Glen $f 1982-.... $4 440 $9 49420
801  3 $a FR $b Electre $c 20200729 $g AFNOR
830    $a ELECTREJEU/cdeRomansAout 20220820
856 4  $u https://www.electre.com/GetBlob.ashx?Ean=9782092560167,0-3533454&Size=Original
099    $t LI $d 2024-05-11 $x 12 $c 2022-08-20
339    $a a
091    $a 2 $b 20240511 $c 0
995    $0 0 $2 0 $4 0 $5 2022-09-20 $9 449232 $P 6.20 $b MED $c MED $e MED2A $f C2500029139 $h JRORMZZ $k PRE R/DOI $o 0 $p 6.20 $r PRETLIV $s PRE_R_DOI $w 12 $y 2024-05-07

