02096cam1a22005291i 4500
001 349129
003 http://www.mediathequederoubaix.fr/ark:/20179/KH349129
005 20240511044733.0
010    $a 9782823619591 $b br. $d 18 EUR
073  0 $a 9782823619591
090    $a 349129
100    $a 20220427d2022    |  |0frey5003||||ba
101 0  $a fre
102    $a FR
105    $a         0||a|
106    $a r
181  0 $6 01 $a i  $b xxxe  
181    $6 02 $c txt $2 rdacontent
182  0 $6 01 $a n
182    $6 02 $c n $2 rdamedia
183    $6 01 $a nga $2 rdafrcarrier
183    $6 02 $a nc $2 rdacarrier
200 1  $a Tenir sa langue $b Texte imprimé $f Polina Panassenko
210    $a Paris $c Ed. de l'Olivier $d 2022
211    $a 20220819
214  0 $a Paris $c Ed. de l'Olivier $d 2022
215    $a 1 vol. (208 p.) $d 21 x 14 cm
225 2  $a Littérature française
330    $a Née en URSS, Polina est arrivée en France après la chute du bloc communiste. Ses parents s'installent à Saint-Etienne et la petite fille devient Pauline. Ses deux prénoms symbolisent sa double identité et marquent son tiraillement entre France et Russie. Devenue adulte, elle entreprend des démarches afin de reprendre officiellement son prénom de naissance. Premier roman. ­Electre 2022
345    $b 9782823619591
410  0 $6 48460 $7 4383450000 $t Littérature française
676    $a 843 $v 23
686    $a T321002 $2 electre
686    $a GLFC001 $2 electre
700  1 $6 12352296 $a Panassenko $b Polina $4 070
801  3 $a FR $b Electre $c 20220824 $g AFNOR
830    $a ELECTREX-MA/Lit/JLCH/2208/Lit11 20220825
903    $a Littérature moderne et contemporaine - Romans - Romans $b T321002
903    $a Littérature française contemporaine - Texte en langue originale $b GLFC001
921    $a Colline
939    $a 
947    $c 16.38 $a 18.00
969    $h  1 $a 1 $d  900
099    $t LI $d 2024-05-11 $x 10 $c 2022-08-25
339    $a m
091    $a 2 $b 20240511 $c 0
995    $0 0 $2 0 $4 0 $5 2022-08-25 $9 448331 $b MED $c MED $e MED1A $f C1400014370 $h ALTROZZ $k R/PAN $n 2024-06-07 $o 0 $p 18.00 $r PRETLIV $s R_PAN $w 10 $y 2024-04-26 $A 0

