02614njm0a2200385   4500
001 349230
003 http://www.mediathequederoubaix.fr/ark:/20179/KH349230
071 01 $a O02LG61020 $b Bella Union Records
073  0 $a 5400863069469
090    $a 349230
091    $a 1 $b 20240514 $c 0
099    $d 2024-05-14 $t DC $x 9 $c 2022-08-26
100    $a 20220816d2022    u  y0frey5003    ba
101 0  $a eng
127    $a 004700
200 1  $a Found light $b [enr. sonore] $f Laura Veirs, comp., chant, guit.
210    $a Londres $c Bella Union Records $d 2022
215    $a 1 CD (47 min) $e 1 livret
300    $a Textes des chansons
327 1  $a Autumn song $a Ring song $a Seaside haiku $a Naked hymn $a My lantern $a Signal $a Can't help but sing $a Eucalyptus $a New arms $a Sword song $a Time will show you $a T & O $a Komorebi $a Winter windows
330    $a Près d'un an et demi après la sortie de son album My Echo, la chanteuse native de Portland présente Found Light via le label Bella Union. Bien qu'il s'agisse techniquement de son 12e album studio, il ressemble aussi à bien des égards à son tout premier : Found Light est son premier disque coproduit aux côtés de Shahzad Ismaily et permet à Veirs d'embrasser une souveraineté et une indépendance artistique qu'elle n'avait jamais connue auparavant. C'est un album 14 titres mêlant lyrisme brut et honnête à une indie rock addictive. C'est une sorte de témoignage d'indépendance, de la création de nouvelles possibilités pour soi-même, même après une grande perte. Found Light est un rappel que nous sommes toujours capables de quelque chose de plus dans la vie.
334    $a RollingStone No.144 p.80 du 01/07/2022 $b 3/5
334    $a Magic Hebdo No.24 p.0 du 12/07/2022 $b 5/6
345    $a GAM $b 5400863069469 $c disque compact $d 16,97 E
610    $a Néo folk
679    $a 2
700  1 $a Veirs $b Laura $f 1973-.... $4 230
801  0 $a FR $b GAM $c 20220816 $g AFNOR
856 4  $u https://www.gamannecy.com/upload/albums/202205/5400863069469_thumb.jpg
856 4  $u https://www.gamannecy.com/polysson/202207/01-5400863069469.mp3 $z Autumn song
856 4  $u https://www.gamannecy.com/polysson/202207/02-5400863069469.mp3 $z Ring song
856 4  $u https://www.gamannecy.com/polysson/202207/03-5400863069469.mp3 $z Seaside haiku
856 4  $u https://www.gamannecy.com/polysson/202207/04-5400863069469.mp3 $z Naked hymn
856 4  $u https://www.gamannecy.com/polysson/202207/05-5400863069469.mp3 $z My lantern
995    $0 0 $2 0 $4 0 $5 2022-09-27 $9 449611 $b MED $c MED $e MED1A $f C3100010755 $h AMV20ZZ $k DC/2 VEI $l contient 1 DC + 1 livret $o 0 $p 16.97 $r PRETSON $s DC_2_000000000000000_VEI $w 9 $y 2023-10-05

