01811ngm0a22003731i 4500
001 349432
003 http://www.mediathequederoubaix.fr/ark:/20179/KH349432
010    $d 42.21 EUR TTC
073  0 $a 5053083246914 $d 63.96 EUR TTC
090    $a 349432
091    $a 1 $b 20240511 $c 0
099    $t VD $d 2024-05-11 $x 10 $c 2022-09-14
100    $a 20220914              frey50        
101    $a fre
102    $a FR
200 1  $a Flic story $b Blu-Ray Disc $f Jacques Deray, réal. $g Alphonse Boudard, Jacques Deray, scénario $g Claude Bolling, mus. $g Claudine Auger, Maurice Biraud, Alain Delon... [et al.], act.
210    $c Studio Canal $d 2022
215    $a 1 Blu-Ray Disc (100 min) $c 16/9, Couleur, DTS-HD 2.0 Mono
300    $a Contient le DVD du film. "Roger Borniche, Emile Buisson... et les autres" de Agnès Vincent-Deray et Dominique Maillet.
300    $a Prêt + Consultation
330    $a A la fin des années 1940, l'inspecteur Roger Borniche est chargé de rechercher un dangereux criminel échappé de l'asile, Emile Buisson. Meurtres, prise d'otage, course-poursuite : pendant trois ans Buisson commet crime sur crime et échappe à la traque menée par Borniche. 
339    $a m
606    $9 309987 $a Drames (cinéma) $x DVD $y France
700  1 $a Deray $b Jacques $f 1929-2003 $4 370 $4 690
702  1 $a Auger $b Claudine $f 1941-.... $4 005
702  1 $a Biraud $b Maurice $f 1922-1982 $4 005
702  1 $a Delon $b Alain $4 005 $4 630
702  1 $a Pousse $b André $4 005
702  1 $a Salvatori $b Renato $f 1934-1988 $4 005
702  1 $a Trintignant $b Jean-Louis $f 1930-.... $4 005
702  1 $a Boudard $b Alphonse $4 690
702  1 $a Bolling $b Claude $4 230
801  0 $a FR $b COLACO $c 20220914 $g AFNOR
995    $0 0 $2 0 $4 0 $5 2022-09-22 $9 449487 $b MED $c MED $e MED1A $f C1400014482 $h AAPCIFI $k DVD/F DER $o 0 $p 42.00 $r PRETDVD $s DVD_F_DER $w 10 $y 2024-05-03

