02287cam a2200505   4500
001 349604
003 http://www.mediathequederoubaix.fr/ark:/20179/KH349604
010    $a 978-2-408-01709-5 $b rel. $d 7,60 EUR
020    $a FR $b 02140407
033    $a http://catalogue.bnf.fr/ark:/12148/cb46821762t
035    $a FRBNF46821762000000X
073  0 $a 9782408017095
090    $a 349604
091    $a 2 $b 20240511 $c 1
099    $t LI $d 2024-05-15 $x 18 $c 2022-09-17
100    $a 20210623d2021    a  y0frey50      ba
101 0  $a fre
102    $a FR
105    $a ||||z   00|y|
106    $a r
181  0 $6 01 $a i  $b xxxe   $a b  $b xb2e  
181    $6 02 $c txt $c sti $2 rdacontent
182  0 $6 01 $a n
182    $6 02 $c n $2 rdamedia
200 1  $a Le panda $b Texte imprimé $f texte de Stéphanie Ledu $g illustrations de Sandra de la Prada
210  0 $a Toulouse $c Milan $d DL 2021
214  0 $a Toulouse $c Milan $d DL 2021
214  3 $a impr. en Roumanie
215    $a 1 vol. (29 p.) $c ill. en coul. $d 20 cm
225    $a Mes p'tits docs $e 4-7 ans
329    $c Pourquoi pas ? $2 CNLJ $k Avis critique donné par le Centre national de la littérature pour la jeunesse
330    $a Un documentaire présentant le panda et les mesures de protection dont cette espèce bénéficie. ­Electre 2022
333    $a À partir de 3 ans $2 CNLJ $k Avis critique donné par le Centre national de la littérature pour la jeunesse
339    $a a
410  0 $0 40080182 $t Mes p'tits docs $x 1776-6729 $d 2021
606    $3 12015298 $9 56620 $a Grand panda $2 rameau
608    $3 12042408 $9 314947 $a Ouvrages pour la jeunesse $2 rameau
608    $a Documentaires : sciences et techniques $2 CNLJ $k Avis critique donné par le Centre national de la littérature pour la jeunesse
676    $a 599.789 083 $v 23
686    $a 590 $2 Cadre de classement de la Bibliographie nationale française
700    $3 13566085 $9 34811 $o ISNI0000000120178891 $a Ledu $b Stéphanie $f 1966-.... $4 070
702    $3 17756418 $9 300238 $o ISNI000000046883508X $a Prada $b Sandra de la $f 1976-.... $4 440
801  0 $a FR $b FR-751131015 $c 20210623 $g AFNOR $h FRBNF46821762000000X $2 intermrc
999    $a FRBNF46821762000000X
995    $0 0 $2 0 $4 0 $5 2022-10-06 $9 450091 $P 7.60 $b MED $c MED $e MED2A $f C2500029220 $h JDTPFZZ $k PE DOC $n 2024-06-26 $o 0 $p 7.60 $r PRETLIV $s PE_DOC $w 18 $y 2024-05-15

