02106cam1a2200529 i 4500
001 349722
003 http://www.mediathequederoubaix.fr/ark:/20179/KH349722
005 20240511045717.0
010    $a 9791030705157 $b br. $d 18 EUR
073  0 $a 9791030705157
090    $a 349722
100    $a 20220516d2022    |  |0frey5003||||ba
101 0  $a fre
102    $a FR
105    $a         0||a|
106    $a r
181  0 $6 01 $a i  $b xxxe  
181    $6 02 $c txt $2 rdacontent
182  0 $6 01 $a n
182    $6 02 $c n $2 rdamedia
183    $6 01 $a nga $2 rdafrcarrier
183    $6 02 $a nc $2 rdacarrier
200 1  $a Crédit illimité $b Texte imprimé $e roman $f Nicolas Rey
210    $a Vauvert (Gard) $c Au diable Vauvert $d 2022
211    $a 20220825
214  0 $a Vauvert (Gard) $c Au diable Vauvert $d 2022
215    $a 1 vol. (205 p.) $d 20 x 13 cm
225 2  $a Littérature générale
330    $a A presque 50 ans, Diego Lambert demande de l'argent à son père, directeur d'une multinationale de céréales. Ce dernier lui répond favorablement, à condition qu'il remplace sa directrice des ressources humaines durant son arrêt maladie. Diego doit ainsi réaliser le plan social prévu pour l'entreprise, alors en pleine restructuration. ­Electre 2022
345    $b 9791030705157
410  0 $6 59049 $7 4507780000 $t Littérature générale
676    $a 843 $v 23
686    $a T321002 $2 electre
686    $a GLFC001 $2 electre
700  1 $3 13571028 $9 45869 $6 1376463 $7 9815000001 $a Rey $b Nicolas $f 1973-.... $4 070
801  3 $a FR $b Electre $c 20220831 $g AFNOR
830    $a ELECTREX-MA/Lit/ML/2209/Lit13 20220920
903    $a Littérature moderne et contemporaine - Romans - Romans $b T321002
903    $a Littérature française contemporaine - Texte en langue originale $b GLFC001
921    $a esther
939    $a 
947    $c 16.38 $a 18.00
969    $h  1 $a 1 $d  900
099    $t LI $d 2024-05-11 $x 6 $c 2022-09-20
339    $a m
091    $a 2 $b 20240511 $c 0
995    $0 3 $2 1 $4 0 $5 2022-09-20 $9 449362 $b MED $c MED $e MED1A $f C1400014712 $h ALTROZZ $k R/REY $n 2023-02-11 $o 4 $p 18.00 $r PRETLIV $s R_REY $w 6 $y 2023-01-21

