02152cam1a2200505 i 4500
001 349837
003 http://www.mediathequederoubaix.fr/ark:/20179/KH349837
005 20240514033308.0
010    $a 978-2-7118-7559-7 $b br. $d 19,90 EUR
073  0 $a 9782711875597
090    $a 349837
100    $a 20210715d2022    m  |0frey5003||||ba
101 0  $a fre
102    $a FR
105    $a a       0||y|
106    $a r
181  0 $6 01 $a i  $b xxxe  
181    $6 02 $c txt $2 rdacontent
182  0 $6 01 $a n
182    $6 02 $c n $2 rdamedia
183    $6 01 $a nga $2 rdafrcarrier
183    $6 02 $a nc $2 rdacarrier
200 1  $a Palais des beaux-arts de Lille $b Texte imprimé $e laissez-vous guider $f Vincent Brocvielle
210    $a Paris $c RMN-Grand Palais $d 2022
211    $a 20220615
214  0 $a Paris $c RMN-Grand Palais $d 2022
215    $a 1 vol. (155 p.) $c illustrations en couleur $d 24 x 16 cm
225 2  $a Guide du visiteur $f Louvre $x 1251-5337
300    $a Index
330    $a Guide de visite du Palais des beaux-arts de Lille depuis la réorganisation complète de ses salles d'exposition. Sur un ton direct et volontairement décalé, l'auteur s'adresse au visiteur pour susciter son intérêt et déclencher la curiosité. Avec cent oeuvres présentées : Donatello, Dürer, Bosch, Greco, Rubens, Van Dyck, Goya, Chagall ou encore Barré. Avec des compléments en ligne. ­Electre 2022
333    $a Tout public
345    $b 9782711875597
410  0 $0 34282146 $6 33543 $7 4211300000 $t Guide du visiteur $x 1251-5337
601 00 $3 11864965 $9 32467 $a Palais des beaux-arts $e Lille $2 rameau
608    $3 11975813 $9 580 $a Ouvrages illustrés $2 rameau
676    $a 708 $v 23
686    $a T050104 $2 electre
686    $a GDOC002 $2 electre
686    $a PG0100 $2 electre
700  1 $3 14486162 $9 113080 $6 147100 $7 2003210223 $a Brocvielle $b Vincent $f 1971-.... $4 070
801  3 $a FR $b Electre $c 20220627 $g AFNOR
099    $t LI $d 2024-05-14 $c 2022-09-27 $x 1
339    $a m
091    $a 2 $b 20240514 $c 0
995    $0 0 $2 2 $4 0 $5 2022-10-11 $9 450506 $b MED $c MED $e MED0C $f C3200030775 $h PRRRGZZ $k FR/719 EXP $o 4 $p 20.00 $r PRETLIV $s FR_719_000000000000000_EXP $w 1 $y 2023-11-18 $7  $8  $A  $m  $z 

