02196cam a2200469   4500
001 349948
003 http://www.mediathequederoubaix.fr/ark:/20179/KH349948
010    $a 978-2-268-10739-4 $b br. $d 8,50 EUR
020    $a FR $b 02247056
033    $a http://catalogue.bnf.fr/ark:/12148/cb470400933
035    $a FRBNF470400930000000
073  0 $a 9782268107394
090    $a 349948
091    $a 2 $b 20240514 $c 1
099    $t LI $d 2024-05-14 $x 1 $c 2022-09-29
100    $a 20220607d2022    m  y0frey50      ba
101 0  $a fre
102    $a MC
105    $a ||||z   00|y|
106    $a r
181  0 $6 01 $a i  $b xxxe  
181    $6 02 $c txt $2 rdacontent
182  0 $6 01 $a n
182    $6 02 $c n $2 rdamedia
200 1  $a Le secret de la reine soldat $b Texte imprimé $e l'extraordinaire soeur de Sissi $f Lorraine Kaltenbach
210  0 $a Monaco $c Éditions du Rocher $d DL 2022
214  0 $a Monaco $c Éditions du Rocher $d DL 2022
214  3 $a 18-Saint-Amand-Montrond $c Impr. CPI Bussière
215    $a 1 vol. (261 p.) $d 18 cm
225    $a Le Rocher poche
300    $a Diffusé en France
330    $a Baptisée la reine soldat par Marcel Proust, Marie-Sophie en Bavière (1841-1925), reine déchue des Deux-Siciles, soeur de l'impératrice Sissi, subjugue l'Europe lorsqu'elle traverse en pantalon la révolution italienne du Risorgimento. A 30 ans, elle est une figure du Paris de la Belle Epoque. Insatisfaite de sa vie conjugale, elle s'éprend d'un zouave pontifical dont elle a une fille, Daisy. ­Electre 2022
339    $a m
410  0 $0 45042226 $t Le Rocher poche $x 2517-9527 $d 2022
600    $3 12398767 $9 336713 $a Marie Sophie $f 1841-1925 $c reine des Deux-Siciles $2 rameau
608    $3 11935764 $9 107 $a Biographie $2 rameau
676    $a 945.080 92 $v 23
686    $a 920 $2 Cadre de classement de la Bibliographie nationale française
700    $3 17020592 $9 336714 $o ISNI0000000454994979 $a Kaltenbach $b Lorraine $4 070
801  0 $a FR $b FR-751131015 $c 20220607 $g AFNOR $h FRBNF470400930000000 $2 intermrc
999    $a FRBNF470400930000000
995    $0 0 $2 0 $4 0 $5 2022-10-26 $9 451419 $b MED $c MED $e MED3A $f C2400004154 $h ACFHSZZ $k Doc./956 AUT $o 0 $r PRETLIV $s DOC___956_000000000000000_AUT $w 1 $y 2022-10-28 $7  $8  $A  $m  $z 

