03580cam a2200481   4500
001 350048
003 http://www.mediathequederoubaix.fr/ark:/20179/KH350048
010    $a 978-2-36902-164-3 $b rel. $d 13 EUR
020    $a FR $b 02316090
033    $a http://catalogue.bnf.fr/ark:/12148/cb47098250b
035    $a FRBNF470982500000009
073  0 $a 9782369021643
090    $a 350048
091    $a 2 $b 20240516 $c 1
099    $t LI $d 2024-05-16 $x 6 $c 2022-10-01
100    $a 20220913d2022    a  y0frey50      ba
101 0  $a fre
102    $a FR
105    $a ||||z   00|a|
106    $a r
181  0 $6 01 $a i  $b xxxe   $a b  $b xb2e  
181    $6 02 $c txt $c sti $2 rdacontent
182  0 $6 01 $a n
182    $6 02 $c n $2 rdamedia
200 1  $a Björn $b Texte imprimé $e une vie bien remplie $f Delphine Perret
210    $a [Montreuil] $c les Fourmis rouges $d DL 2022 $e impr. en Italie
214  0 $a [Montreuil] $c les Fourmis rouges $d DL 2022
214  3 $a impr. en Italie
215    $a 1 vol. (non paginé [52] p.) $c ill. $d 22 cm
321    $a La Revue des livres pour enfants. Sélection annuelle $c 327
321    $a La Revue des livres pour enfants $x 0398-8384 $c 328
329    $c Coup de coeur ! $a Björn se faisait bien trop rare ! Quel plaisir de le retouver dans ce troisième album, entouré de ses amis, pour sept nouvelles histoires loufoques ou poétiques. C'est l'été dans la forêt, et l'occasion de s'amuser à faire comme les humains, monter un restaurant par exemple (mais ils oublieront de préparer les plats) ou même écrire un livre ! Mais le plus important n'est-il pas de simplement contempler les petites choses qui font le sel de la vie ? Toujours aussi drôle et fantaisiste. $d 20221101 $2 CNLJ $k Avis critique donné par le Centre national de la littérature pour la jeunesse
329    $c Bravo ! $a Chouette ! Un nouveau Björn ! Et non pas six mais sept chapitres cette fois ! Des petites histoires dans lesquelles l'ours qu'on aime tant évoque sa déconvenue face à l'imprévu, l'entraide, l'amitié, le bonheur de faire ensemble et l'émerveillement face à la nature et aux choses les plus simples. Une nouvelle leçon de philosophie pour les petits faite avec toujours autant de grâce, d'humour et un dessin au trait toujours aussi subtil. Seul tout petit bémol, le message écologique de la première histoire un « poil » trop démonstratif pour Björn. $d 20230101 $f BA $2 CNLJ $k Avis critique donné par le Centre national de la littérature pour la jeunesse
330    $a En été, Björn et ses amis s'amusent à imiter des activités humaines, comme fabriquer des tickets pour une exposition ou monter un restaurant. Lorsque la pluie arrive, le petit ours arrête tout pour contempler les petites choses dans lesquelles réside la beauté du monde. ­Electre 2022
333    $a À partir de 3 ans $2 CNLJ $k Avis critique donné par le Centre national de la littérature pour la jeunesse
333    $a À partir de 6 ans $2 CNLJ $k Avis critique donné par le Centre national de la littérature pour la jeunesse
339    $a a
608    $a Albums $2 CNLJ $k Avis critique donné par le Centre national de la littérature pour la jeunesse
686    $a 809 $2 Cadre de classement de la Bibliographie nationale française
700    $3 14466026 $9 12402 $o ISNI0000000378782252 $a Perret $b Delphine $f 1980-.... $4 070
801  0 $a FR $b FR-751131015 $c 20220913 $g AFNOR $h FRBNF470982500000009 $2 intermrc
999    $a FRBNF470982500000009
995    $0 0 $2 0 $4 0 $5 2022-10-21 $9 451191 $P 13.00 $b MED $c MED $e MED2A $f C2500029465 $h JABEFAE $k E A/PER $o 0 $p 13.00 $r PRETLIV $s E_A_PER $w 6 $y 2024-01-10

