02156cam2a2200505 i 4500
001 350154
003 http://www.mediathequederoubaix.fr/ark:/20179/KH350154
005 20240505024337.0
010    $a 978-2-302-09401-7 $b cart. $d 15,95 EUR
073  0 $a 9782302094017
090    $a 350154
100    $a 20220404d2022    |  |0frey5003||||ba
101 0  $a fre
102    $a FR
105    $a     t   0||y|
106    $a r
181  0 $6 01 $a i  $b xxxe   $a b  $b xb2e  
181    $6 02 $c txt $c sti $2 rdacontent
182  0 $6 01 $a n
182    $6 02 $c n $2 rdamedia
183    $6 01 $a nga $2 rdafrcarrier
183    $6 02 $a nc $2 rdacarrier
200 1  $a Akab des Errants $b Texte imprimé $f scénario Nicolas Jarry $g dessin Jean-Paul Bordier $g design Pierre-Denis Goux $g préparation couleurs Amélie Picou $g couleurs Vincent Powell
210    $a Toulon $c Soleil $d 2022
211    $a 20220928
214  0 $a Toulon $c Soleil $d 2022
215    $a 1 vol. (57 p.) $c illustrations en couleur $d 33 x 24 cm
225 1  $a Nains $v 24
225 2  $a Fantastique
330    $a Tadgar, Lygdr, Akab, Damn et Walgrim fuient le continent après avoir mis le nord de l'Ourann à feu et à sang. Sillonnant les océans à la recherche du destin, une relique inestimable, ils s'engagent dans une course redoutable contre Daïa la Louve-Noire, une pirate de Port-brume également à la recherche du trésor. ­Electre 2022
345    $b 9782302094017
410  0 $6 354128 $t Fantastique
461  0 $6 328343 $t Nains $v 24
676    $a 741.56 $v 23
686    $a T090207 $2 electre
700  1 $3 13572281 $9 60327 $6 110270 $7 2000410058 $a Jarry $b Nicolas $f 1976-.... $4 070
701  1 $3 16030918 $9 115805 $6 1351402 $7 9541000145 $a Bordier $b Jean-Paul $f 1984-.... $4 440
702  1 $3 16212730 $9 104533 $6 11403091 $a Goux $b Pierre-Denis $4 632
702  1 $6 12376249 $a Picou $b Amélie $4 410
702  1 $6 12070462 $a Powell $b Vincent $4 410
801  3 $a FR $b Electre $c 20221003 $g AFNOR
099    $t LI $d 2024-05-05 $x 18 $c 2022-10-05
339    $a m
091    $a 2 $b 20240505 $c 0
995    $0 0 $2 0 $4 0 $5 2022-10-07 $9 450342 $P 15.50 $b MED $c MED $e MED0C $f C2300013232 $h AAPBDSR $k BD/SERIES $n 2024-06-14 $o 0 $p 15.50 $r PRETLIV $s BD_SERIES $w 18 $y 2024-05-03

