04030cam a2200493   4500
001 350256
003 http://www.mediathequederoubaix.fr/ark:/20179/KH350256
010    $a 979-10-327-1095-1 $b br. $d 7,90 EUR
020    $a FR $b 02242523
033    $a http://catalogue.bnf.fr/ark:/12148/cb469593675
035    $a FRBNF469593670000004
073  0 $a 9791032710951
090    $a 350256
091    $a 2 $b 20240505 $c 1
099    $t LI $d 2024-05-05 $x 17 $c 2022-10-05
100    $a 20220202d2022    m  y0frey50      ba
101 1  $a fre $c jpn
102    $a FR
105    $a ||||t   00|a|
106    $a r
181  0 $6 01 $a i  $b xxxe   $a b  $b xb2e  
181    $6 02 $c txt $c sti $2 rdacontent
182  0 $6 01 $a n
182    $6 02 $c n $2 rdamedia
200 1  $a La danse du soleil et de la lune $h 1 $b Texte imprimé $f Daruma Matsuura...
210  0 $a [Paris] $c Ki-oon $d DL 2022
214  0 $a [Paris] $c Ki-oon $d DL 2022
214  3 $a impr. en Italie
215    $a 1 vol. (non paginé [ca 202] p.) $c ill. $d 18 cm
321    $a La Revue des livres pour enfants $x 0398-8384 $c 332
321    $a La Revue des livres pour enfants. Sélection annuelle $c 333
329    $c Bravo ! $a À l'époque d'Edo, Konosuke, samouraï désespéré car le métal se tord à sa proximité, désire mourir honorablement. Une demande en mariage inattendue avec la belle et mystérieuse Tsuki va changer son destin : l'enlèvement de sa promise lance Konosuke dans une quête forcenée pour la retrouver. Aidé d'Aki, une prêtresse itinérante et aveugle, il va affronter une kyrielle de maîtres du yin et du yang aux pouvoirs magiques. La mangaka réussit avec talent à mêler une touchante histoire d'amour à un univers surnaturel, parfois macabre. Elle s'attache à nouveau à des parias, êtres aux dons singuliers comme remonter le temps ou commander aux insectes, pour souligner leurs souffrances mais aussi leur humanité. Dans cette série toujours en cours au Japon (six tomes publiés), le dessin frappe par sa qualité à saisir les expressions des visages, les détails du décor et des costumes. Une histoire vraiment insolite mise en scène de façon remarquable. $d 20230901 $f APL $2 CNLJ $k Avis critique donné par le Centre national de la littérature pour la jeunesse
329    $a Konosuke, samouraï désespéré car le métal se tord à sa proximité, désire mourir mais une demande en mariage inattendue par la belle et mystérieuse Tsuki va changer son destin. L'enlèvement de sa providentielle compagne le lance dans une quête forcenée pour la retrouver. Aidé d'Aki, une prêtresse itinérante et aveugle, il va affronter une kyrielle de maîtres du yin et du yang aux pouvoirs magiques et aux intentions douteuses. La mangaka réussit avec talent à mêler une touchante histoire d'amour à un univers surnaturel. $d 20231101
330    $a Le samouraï Konosuke est hanté par un lourd secret. En effet, le métal se tord à proximité de sa peau. Obligé d'utiliser un sabre en bois, il est considéré comme un lâche et est contraint de mener une existence misérable. Roué de coups et laissé pour mort dans une rivière, il est sauvé par une mystérieuse bienfaitrice. Il apprend alors qu'une femme d'une grande beauté souhaite l'épouser. ­Electre 2022
333    $a À partir de 15 ans $2 CNLJ $k Avis critique donné par le Centre national de la littérature pour la jeunesse
339    $a m
454  1 $t Taiyo to tsuki no hagane $h Vol. 1
461  0 $0 46969158 $t La danse du soleil et de la lune $v 1
608    $a Bandes dessinées $2 CNLJ $k Avis critique donné par le Centre national de la littérature pour la jeunesse
686    $a 805 $2 Cadre de classement de la Bibliographie nationale française
700    $3 17027804 $9 277602 $a Matsuura $b Daruma $f 1984-.... $4 070
801  0 $a FR $b FR-751131015 $c 20220202 $g AFNOR $h FRBNF469593670000004 $2 intermrc
999    $a FRBNF469593670000004
995    $0 0 $2 0 $4 0 $5 2022-10-07 $9 450184 $P 7.90 $b MED $c MED $e MED0C $f C2300013158 $h AAPBDMG $k BD MANGA/MAT $o 0 $p 7.90 $r PRETLIV $s BD_MANGA_MAT $w 17 $y 2024-05-03 $7  $8  $A  $m  $z 

