02170cam1a22005171i 4500
001 350358
003 http://www.mediathequederoubaix.fr/ark:/20179/KH350358
005 20240505024429.0
010    $a 9782493865014 $b br. $d 20 EUR
073  0 $a 9782493865014
090    $a 350358
100    $a 20220421d2022    |  |0frey5003||||ba
101 0  $a fre
102    $a FR
105    $a         0||a|
106    $a r
181  0 $6 01 $a i  $b xxxe  
181    $6 02 $c txt $2 rdacontent
182  0 $6 01 $a n
182    $6 02 $c n $2 rdamedia
183    $6 01 $a nga $2 rdafrcarrier
183    $6 02 $a nc $2 rdacarrier
200 1  $a La guerre des bouffons $b Texte imprimé $f Idir Hocini
210    $a Paris $c Clique éditions $d 2022
211    $a 20220825
214  0 $a Paris $c Clique éditions $d 2022
215    $a 1 vol. (480 p.) $d 20 x 13 cm
330    $a A Bondy Sud vivent les bouffons des pavillons et à Bondy Nord les caïds des cités. Ils ne se fréquentent pas jusqu'à l'entrée au seul lycée de la ville. Elève de 1re scientifique cuvée 1997-1998, Idir fait partie des sudistes mais a grandi dans une cité et maîtrise parfaitement leurs codes. Face à leur tyrannie, il organise la résistance. Il devient le roi des bouffons. Premier roman. ­Electre 2022
345    $b 9782493865014
676    $a 843 $v 23
686    $a T321002 $2 electre
686    $a GLFC001 $2 electre
700  1 $6 12351761 $a Hocini $b Idir $f 1980-.... $4 070
801  3 $a FR $b Electre $c 20220910 $g AFNOR
830    $a ELECTREX-MA/Lit/ML/2209/Lit14 20221005
903    $a Littérature moderne et contemporaine - Romans - Romans $b T321002
903    $a Littérature française contemporaine - Texte en langue originale $b GLFC001
921    $a X0002311395
939    $a 
947    $c 18.20 $a 20.00
969    $h  1 $a 1 $d  900
099    $t LI $d 2024-05-05 $x 10 $c 2022-10-05
339    $a m
091    $a 2 $b 20240505 $c 0
995    $0 0 $2 0 $4 0 $5 2022-10-05 $9 449920 $b MED $c MED $e MED1A $f C1400014827 $h ALTROZZ $k R/HOC $o 0 $p 20.00 $r PRETLIV $s R_HOC $w 9 $y 2024-03-20 $7  $8  $A  $m  $z 
995    $0 0 $2 0 $3 0 $4 0 $5 2022-12-09 $9 454009 $P 20.00 $b BUS $c BUS $e BUS1A $f C2500027995 $h ALTROZZ $k BUS R/HOC $o 0 $p 20.00 $r PRETLIV $s BUS_R_HOC $w 1 $y 2023-01-31 $A 0

