02168cam2a2200541 i 4500
001 350460
003 http://www.mediathequederoubaix.fr/ark:/20179/KH350460
005 20240505025603.0
010    $a 978-2-37418-119-6 $b cart. $d 12 EUR
073  0 $a 9782374181196
090    $a 350460
100    $a 20210920d2022    b  |0frey5003||||ba
101 0  $a fre
102    $a FR
105    $a     t   0||y|
106    $a r
181  0 $6 01 $a i  $b xxxe   $a b  $b xb2e  
181    $6 02 $c txt $c sti $2 rdacontent
182  0 $6 01 $a n
182    $6 02 $c n $2 rdamedia
183    $6 01 $a nga $2 rdafrcarrier
183    $6 02 $a nc $2 rdacarrier
200 1  $a Tous avec moi ! $b Texte imprimé $f scénario Nancy Guilbert $g dessin et couleur Armelle Modéré
205    $a Nouvelle édition
210    $a Vincennes (Val-de-Marne) $c Des ronds dans l'O $d 2022
211    $a 20220629
214  0 $a Vincennes (Val-de-Marne) $c Des ronds dans l'O $d 2022
215    $a 1 vol. (34 p.) $c illustrations en couleur $d 29 x 21 cm
225 1  $a Lili Pirouli $v 1
225 2  $a Jeunesse $x 1952-0603
330    $a Les aventures d'une petite fille espiègle qui mène son entourage par le bout du nez. ­Electre 2022
333    $a A partir de 5 ans
345    $b 9782374181196
410  0 $6 50374 $7 4405870000 $t Jeunesse $x 1952-0603
461  0 $6 318658 $t Lili Pirouli $v 1
676    $a 741.56 $v 23
686    $a T090200 $2 electre
686    $a PJ0203 $2 electre
700  1 $3 16544077 $9 119795 $6 11325034 $a Guilbert $b Nancy $f 1974-.... $4 070
701  1 $3 13761299 $9 62602 $6 119847 $7 2001240022 $a Modéré $b Armelle $f 1971-.... $4 440
801  3 $a FR $b Electre $c 20220801 $g AFNOR
830    $a ELECTREJ/exp off bd 20221006
856 4  $u https://www.electre.com/GetBlob.ashx?Ean=9782374181196,0-7882318&Size=Original
099    $t LI $d 2024-05-05 $x 17 $c 2022-10-06
339    $a a
091    $a 2 $b 20240505 $c 0
995    $0 0 $2 0 $4 0 $5 2022-10-12 $9 450552 $P 12.00 $b MED $c MED $e MED2A $f C2500029536 $h JBDZZZZ $k E BD/GUI $n 2024-05-18 $o 0 $p 12.00 $r PRETLIV $s E_BD_GUI $w 11 $y 2024-04-06
995    $0 0 $2 0 $4 0 $5 2022-10-15 $9 450968 $P 12.00 $b MED $c MED $e MED0A $f C3500016989 $h JBDZZZZ $k EXT E BD/GUI $n 2024-06-28 $o 0 $r PRETLIV $s EXT_E_BD_GUI $w 6 $y 2024-04-20 $8 MA040

