02939cam a2200445   4500
001 350562
003 http://www.mediathequederoubaix.fr/ark:/20179/KH350562
010    $a 978-2-330-16786-8 $b br. $d 16,50 EUR
020    $a FR $b 02303368
033    $a http://catalogue.bnf.fr/ark:/12148/cb47054716r
035    $a FRBNF470547160000001
073  0 $a 9782330167868
090    $a 350562
091    $a 2 $b 20240511 $c 1
099    $t LI $d 2024-05-11 $x 8 $c 2022-10-11
100    $a 20220629d2022    a  y0frey50      ba
101 0  $a fre
102    $a FR
105    $a ||||z   00|a|
106    $a r
181  0 $6 01 $a i  $b xxxe  
181    $6 02 $c txt $2 rdacontent
182  0 $6 01 $a n
182    $6 02 $c n $2 rdamedia
200 1  $a Les errantes $b Texte imprimé $f Jo Witek
210  0 $a Arles $c Actes Sud junior $d DL 2022
214  0 $a Arles $c Actes Sud junior $d DL 2022
214  3 $a 53-Mayenne $c Impr. Floch
215    $a 1 vol. (309 p.) $d 23 cm
321    $a La Revue des livres pour enfants $x 0398-8384 $c 328
329    $c Intéressant $a Vivant dans le même immeuble parisien, trois jeunes filles sont confrontées à des évènements paranormaux. Suzanne se retrouve virtuellement coincée dans un jeu vidéo. Anne-Lise multiplie les crises mystiques et entend des voix pendant que Saskia partage en permanence son appartement avec une peintre fantôme. C'est en cherchant ensemble, courageusement, la cause de ces phénomènes qu'elles vont réussir à les dépasser. Une intrigue un peu complexe à suivre mais originale, car derrière ce récit fantastique se cache en réalité un hommage aux femmes à travers divers époques et lieux : de la béguine Marguerite Porete, brulée vive au Moyen-Âge, jusqu'à l'avant-gardiste peintre suédoise Hilma af Klint, en passant par les malheureuses pensionnaires du « Bon Pasteur » des années 1950-1960.  $d 20230101 $f SP $2 CNLJ $k Avis critique donné par le Centre national de la littérature pour la jeunesse
330    $a Suzanne, une gameuse survoltée, Saskia, une artiste en proie au découragement, et Anne-Lise, une jeune fille pétrie de spiritualité et en décalage avec son époque, cohabitent au dernier étage d'un immeuble bourgeois. Des apparitions fantomatiques et surnaturelles sèment la peur dans le bâtiment. ­Electre 2022
333    $a À partir de 13 ans $2 CNLJ $k Avis critique donné par le Centre national de la littérature pour la jeunesse
339    $a m
608    $a Romans $2 CNLJ $k Avis critique donné par le Centre national de la littérature pour la jeunesse
686    $a 809 $2 Cadre de classement de la Bibliographie nationale française
700    $3 14417789 $9 17121 $o ISNI0000000374330814 $a Witek $b Jo $f 1968-.... $4 070
801  0 $a FR $b FR-751131015 $c 20220629 $g AFNOR $h FRBNF470547160000001 $2 intermrc
999    $a FRBNF470547160000001
995    $0 0 $2 0 $4 0 $5 2022-10-11 $9 450520 $b MED $c MED $e MED1A $f C1400014664 $h ALTROAD $k ADO R/WIT $o 0 $p 16.50 $r PRETLIV $s ADO_R_WIT $w 8 $y 2024-04-27

