01674cam2a2200433 i 4500
001 350662
003 http://www.mediathequederoubaix.fr/ark:/20179/KH350662
005 20240511045756.0
010    $a 9791028114664 $b br. $d 7,90 EUR
073  0 $a 9791028114664
090    $a 350662
091    $a 2 $b 20240511 $c 0
099    $t LI $d 2024-05-11 $x 6 $c 2022-10-12
100    $a 20200721d2020    |  |0frey5003||||ba
101 1  $a fre $c eng
102    $a FR
105    $a         0||a|
106    $a r
200 1  $a Le livre des anciens $b Texte imprimé $f Mark Lawrence $g traduit de l'anglais (Grande-Bretagne) par Claire Kreutzberger $e Soeur grise
210    $a Paris $c Bragelonne $d 2020
211    $a 20201014
214  0 $a Paris $c Bragelonne $d 2020
215    $a 1 vol. (548 p.) $d 18 x 11 cm
225 1  $a Le livre des anciens $v 2
225 2  $a Poche fantasy
330    $a La jeune Nona Grisaille doit choisir vers quel ordre se diriger avant de quitter le couvent de la Mansuétude. Entre une vie de prière ou la voie de la lame, elle hésite, tiraillée entre l'amitié, la vengeance, l'ambition et la loyauté. ­Electre 2022
339    $a m
345    $b 9791028114664
410  0 $t Poche fantasy
461  0 $t Le livre des anciens $v 2
676    $a 823 $v 23
686    $2 electre
686    $2 electre
686    $2 electre
700  1 $3 16610434 $9 325587 $a Lawrence $b Mark $f 1966-.... $4 070
702  1 $3 15803705 $9 97418 $a Kreutzberger $b Claire $4 730
801  3 $a FR $b Electre $c 20210502 $g AFNOR
830    $a ELECTREDons à importer 20221012
995    $0 0 $2 0 $4 0 $5 2022-10-12 $9 450639 $b MED $c MED $e MED1A $f C1400014528 $h ALTIGFA $k FAN/LAW $o 0 $p 7.90 $r PRETLIV $s FAN_LAW $w 6 $y 2023-12-28 $7  $8  $A  $m  $z 

