03224njm0a2200577   4500
001 350774
003 http://www.mediathequederoubaix.fr/ark:/20179/KH350774
071 01 $a 3422962 $b Wagram Music
073  0 $a 3596974229624
090    $a 350774
091    $a 1 $b 20240511 $c 0
099    $d 2024-05-11 $t DC $x 15 $c 2022-10-13
100    $a 20221007d2022    u  y0frey5003    ba
101 0  $a eng
127    $a 011700
200 1  $a Björk in jazz $e a jazz tribute to Björk $b [enr. sonore] $f Björk, aut. adapté $g Betty Hutton, chant $g Julia Karosi, chant $g Marlise Goidanich, vlc.... [et al.]
210    $a Paris $c Wagram Music $d 2022
215    $a 1 CD (77 min)
327 1  $a Human behaviour $f Julia Karosi $a Isobel $f Camila Meza $a Joga $f Eric Legnini $a Come to me $f Gretchen Parlato $a Like someone in love $f Indra Rios-Moore $a Hunter $f Michael Wollny $g Vincent Peirani $a New world $f Viktoria Tolstoy $a Amry of me $f Yaron Herman Trio $a It's oh so quiet $f Betty Hutton $a You've been flirting again $f October Trio (The) $a Bachelorette $f Simone Mazzer $g Cotonete $a Hyperballad $f Fox Capture Plan $a 5 years $f Jazz Mafia $g Yvette Pylant $a I've seen it all $f Max de Aloe Quartet $g Marlise Goidanich $a Unravel $f Swingle Singers (The) $a All is full of love $f Bill Cunliffe Trio
330    $a Retrouvez les plus beaux morceaux de Björk réinterprétés par la scène jazz. Une sélection des plus belles reprises de Venus as a boy à Army of me en passant par Human behaviour interprétées par Viktoria Tolstoy, Julia Karosi, Gretchen Parlato, Eric Legnini, et d'autres... Le tracklisting a été réalisé par Lionel Eskenazi, journaliste chez Jazz Magazine.
345    $a GAM $b 3596974229624 $c disque compact $d 17,22 E
679    $a 2
700  1 $a Björk $f 1965-.... $4 100
702  1 $a Hutton $b Betty $f 1921-2007 $4 721
702  1 $a Karosi $b Julia $4 721
702  1 $a Goidanich $b Marlise $4 545
702  1 $a Meza $b Camila $4 721
702  1 $a Pylant $b Yvette $4 721
702  1 $a Legnini $b Eric $f 1970-.... $4 545
702  1 $a Parlato $b Gretchen $4 545
702  1 $a Rios-Moore $b Indra $4 721
702  1 $a Mazzer $b Simone $4 721
702  1 $a Peirani $b Vincent $f 1980-.... $4 545
702  1 $a Wollny $b Michael $f 1978-.... $4 545
702  1 $a Tolstoy $b Viktoria $4 721
712 02 $a October Trio (The) $4 545
712 02 $a Bill Cunliffe Trio $4 545
712 02 $a Cotonete $4 545
712 02 $a Fox Capture Plan $4 545
712 02 $a Jazz Mafia $4 545
712 02 $a Max de Aloe Quartet $4 545
712 02 $a Swingle Singers (The) $4 721
712 02 $a Yaron Herman Trio $4 545
801  0 $a FR $b GAM $c 20221007
856 4  $u https://www.gamannecy.com/upload/albums/202207/3596974229624_thumb.jpg
856 4  $u https://www.gamannecy.com/polysson/202209/01-3596974229624.mp3 $z Human behaviour
856 4  $u https://www.gamannecy.com/polysson/202209/02-3596974229624.mp3 $z Isobel
856 4  $u https://www.gamannecy.com/polysson/202209/03-3596974229624.mp3 $z Joga
856 4  $u https://www.gamannecy.com/polysson/202209/04-3596974229624.mp3 $z Come to me
856 4  $u https://www.gamannecy.com/polysson/202209/05-3596974229624.mp3 $z Like someone in love
995    $0 0 $2 0 $4 0 $5 2022-10-21 $9 451227 $b MED $c MED $e MED1A $f C3100010840 $h AMV20ZZ $k DC/2 BJO $o 0 $p 17.22 $r PRETSON $s DC_2_000000000000000_BJO $w 15 $y 2024-02-06

