01709cim1a2200421 i 4500
001 350978
003 http://www.mediathequederoubaix.fr/ark:/20179/KH350978
005 20240514033845.0
010    $a 9782072969904 $d 21,90 EUR
073  0 $a 9782072969904
090    $a 350978
091    $a 2 $b 20240514 $c 0
099    $t LS $d 2024-05-14 $x 6 $c 2022-10-25
100    $a 20210928d2022    |  |0frey5003||||ba
101 0  $a fre
102    $a FR
105    $a         0||a|
106    $a r
200 1  $a La décision $b Enr. sonore $f Karine Tuil, aut. $g lu par Florence Loiret Caille
210    $a Paris $c Gallimard $d 2022
211    $a 20220224
214  0 $a Paris $c Gallimard $d 2022
215    $a 1 d.c. audio (7 h)
225 2  $a Ecoutez lire
307    $a Format MP3
330    $a A 49 ans, Alma Revel est une juge charismatique, puissante et respectée. Pourtant, cette mère de trois enfants est en pleine crise existentielle. Quelques mois plus tôt, elle a trompé Ezra, son mari, avec un avocat qui représente un couple accusé de faire partie de l'Etat islamique en Syrie. Elle prend alors une décision qui bouleverse son existence et l'avenir de son pays. Prix Ginkgo 2022. ­Electre 2022
339    $a m
345    $b 9782072969904
410  0 $t Ecoutez lire
676    $a 843 $v 23
686    $2 electre
686    $2 electre
686    $2 electre
700  1 $3 13568379 $9 55471 $a Tuil $b Karine $f 1972-.... $4 070
702  1 $3 14592463 $9 3877 $a Loiret-Caille $b Florence $f 1975-....
801  3 $a FR $b Electre $c 20220630 $g AFNOR
830    $a ELECTREX-MA/Lit/ML/2210/Lit15 20221025
995    $0 0 $2 0 $4 0 $5 2022-10-25 $9 451329 $b MED $c MED $e MED1A $f C1400015189 $h ALTLSZZ $k LA R/TUI $o 0 $p 21.90 $r PRETLS $s LA_R_TUI $w 6 $y 2023-12-29

