02868cam a2200505   4500
001 351084
003 http://www.mediathequederoubaix.fr/ark:/20179/KH351084
010    $a 979-10-363-2040-8 $b rel. à spirale sous étui $d 19,90 EUR
020    $a FR $b 02207578
033    $a http://catalogue.bnf.fr/ark:/12148/cb468681244
035    $a FRBNF468681240000002
073  0 $a 9791036320408
090    $a 351084
091    $a 2 $b 20240511 $c 1
099    $t LI $d 2024-05-11 $x 6 $c 2022-11-03
100    $a 20210914d2021    a  y0frey50      ba
101 0  $a fre
102    $a FR
105    $a ||||z   00|y|
106    $a r
181  0 $6 01 $a i  $b xxxe   $a b  $b xb2e  
181    $6 02 $c txt $c sti $2 rdacontent
182  0 $6 01 $a n
182    $6 02 $c n $2 rdamedia
200 1  $a Une expo idéale $b Texte imprimé $f Hervé Tullet
210  0 $a Montrouge $c Bayard jeunesse $d DL 2021
214  0 $a Montrouge $c Bayard jeunesse $d DL 2021
214  3 $a impr. en Chine
215    $a 1vol. (non paginé [76] p. dont [10] dépl.) $c ill. en coul. $d 28 cm
300    $a Livre animé
321    $a La Revue des livres pour enfants. Sélection annuelle $c 327
329    $c Bravo ! $2 CNLJ $k Avis critique donné par le Centre national de la littérature pour la jeunesse
329    $a En complément du coffret créatif proposé en 2020 pour monter son expo idéale, ce livre à spirales plastifié invite à utiliser ciseaux, pinceaux, papier et beaucoup de couleurs pour créer, se lâcher, sans limite d'âge. Chacun peut redécouvrir l'expo idéale, en créant à son tour ! De nombreuses possibilités exploitables en famille ou à l'école, dans un format simple à utiliser, un album solide, coloré, qui ouvre de multiples pistes à partager. $d 20221101 $2 CNLJ $k Avis critique donné par le Centre national de la littérature pour la jeunesse
330    $a Conçu comme une exposition, un livre d'artiste animé dans lequel l'auteur joue avec les superpositions, les couleurs et les formes. ­Electre 2022
333    $a À partir de 3 ans $2 CNLJ $k Avis critique donné par le Centre national de la littérature pour la jeunesse
339    $a a
606    $3 11996630 $9 50774 $a Art $x Technique $2 rameau
608    $3 12042408 $9 314947 $a Ouvrages pour la jeunesse $2 rameau
608    $a Documentaires : activités, loisirs et divers $2 CNLJ $k Avis critique donné par le Centre national de la littérature pour la jeunesse
676    $a 704.083 $v 23
686    $a 700 $2 Cadre de classement de la Bibliographie nationale française
700    $3 12107510 $9 42501 $o ISNI0000000120248749 $a Tullet $b Hervé $f 1958-.... $4 070
801  0 $a FR $b FR-751131015 $c 20210914 $g AFNOR $h FRBNF468681240000002 $2 intermrc
999    $a FRBNF468681240000002
995    $0 0 $2 0 $3 0 $4 0 $5 2022-11-10 $9 452176 $P 19.90 $b MED $c MED $e MED0A $f C3500017083 $h JABPFAF $k EXT PE A/TUL $n 2024-06-28 $o 0 $r PRETLIV $s EXT_PE_A_TUL $w 6 $y 2024-04-23 $7  $8 MA0B14 $A 0 $m  $z 

