02270cam1a22005651i 4500
001 351185
003 http://www.mediathequederoubaix.fr/ark:/20179/KH351185
005 20240511050305.0
010    $a 9782373051230 $b br. $d 15 EUR
073  0 $a 9782373051230
090    $a 351185
100    $a 20220718d2022    |  |0frey5003||||ba
101 1  $a fre $c eng
102    $a FR
105    $a         0||a|
106    $a r
181  0 $6 01 $a i  $b xxxe  
181    $6 02 $c txt $2 rdacontent
182  0 $6 01 $a n
182    $6 02 $c n $2 rdamedia
183    $6 01 $a nga $2 rdafrcarrier
183    $6 02 $a nc $2 rdacarrier
200 1  $a Un rêve de John Ball $b Texte imprimé $e roman $f William Morris $g traduction de Marion Leclair $g préface de William Blanc
210    $a Paris $c Aux forges de Vulcain $d 2022
211    $a 20221021
214  0 $a Paris $c Aux forges de Vulcain $d 2022
215    $a 1 vol. (160 p.) $d 21 x 14 cm
225 2  $a Fiction
300    $a Traduit de l'anglais
330    $a Récit inspiré des éléments connus de la vie de John Ball, célèbre pour avoir participé au XIVe siècle à la révolte des paysans en Angleterre. Cette nouvelle fut publiée en feuilleton entre novembre 1886 et janvier 1887 dans la revue Commonweal pour transmettre un message révolutionnaire et éveiller à la lutte politique. ­Electre 2022
345    $b 9782373051230
410  0 $6 362732 $t Fiction
676    $a 823 $v 23
686    $a T321002 $2 electre
686    $a GLET001 $2 electre
700  1 $3 11916925 $9 66018 $6 1432591 $a Morris $b William $f 1834-1896 $4 070
702  1 $3 16623895 $9 337451 $6 11344570 $a Leclair $b Marion $4 730
702  1 $3 16714896 $9 121994 $6 11359918 $a Blanc $b William $f 1976-.... $4 080
801  3 $a FR $b Electre $c 20221027 $g AFNOR
830    $a ELECTREX-MA/Lit/ML/2210/Lit16 20221104
903    $a Littérature moderne et contemporaine - Romans - Romans $b T321002
903    $a Littératures et textes étrangers classiques - Traduction en français $b GLET001
921    $a 
939    $a 
947    $c 13.65 $a 15.00
969    $h  1 $a 1 $d  900
099    $t LI $d 2024-05-11 $x 4 $c 2022-11-04
339    $a m
091    $a 2 $b 20240511 $c 0
995    $0 0 $2 0 $4 0 $5 2022-11-04 $9 451791 $b MED $c MED $e MED1A $f C1400015138 $h ALTROZZ $k R/MOR $o 0 $p 15.00 $r PRETLIV $s R_MOR $w 4 $y 2023-07-26

