02468cam1a2200577 i 4500
001 351286
003 http://www.mediathequederoubaix.fr/ark:/20179/KH351286
005 20240511050726.0
010    $a 9782290209561 $b br. $d 8,40 EUR
073  0 $a 9782290209561
090    $a 351286
100    $a 20190315d2019    |  |0frey5003||||ba
101 1  $a fre $c eng
102    $a FR
105    $a         0||a|
106    $a r
181  0 $6 01 $a i  $b xxxe  
181    $6 02 $c txt $2 rdacontent
182  0 $6 01 $a n
182    $6 02 $c n $2 rdamedia
183    $6 01 $a nga $2 rdafrcarrier
183    $6 02 $a nc $2 rdacarrier
200 1  $a Nuit sans fin $b Texte imprimé $e une enquête de l'inspecteur Pendergast $f Douglas Preston & Lincoln Child $g traduit de l'anglais (Etats-Unis) par Sebastian Danchin
210    $a Paris $c J'ai lu $d 2019
211    $a 20190515
214  0 $a Paris $c J'ai lu $d 2019
215    $a 1 vol. (476 p.) $d 18 x 11 cm
225 2  $a J'ai lu $x 0291-3623 $i Thriller $x 0988-0895 $v 12398
330    $a La fille d'un milliardaire, un ancien avocat véreux, un oligarque russe et une lauréate du prix Nobel de la paix ont tous été assassinés à New York selon le même mode opératoire. Vincent d'Agosta, de la police new-yorkaise, et l'agent Pendergast, du FBI, font équipe pour comprendre les motivations du psychopathe qui sévit. ­Electre 2022
345    $b 9782290209561
410  0 $0 34247542 $6 6209 $7 0091771600 $t J'ai lu. Thriller $x 0988-0895 $v 12398
676    $a 813 $v 23
686    $a T321010 $2 electre
686    $a GLEC001 $2 electre
686    $a GRPO000 $2 electre
700  1 $3 12547441 $9 36391 $6 1356662 $7 9619000021 $a Preston $b Douglas $f 1956-.... $4 070
701  1 $3 13084041 $9 36392 $6 1356663 $7 9619000022 $a Child $b Lincoln $f 1957-.... $4 070
702  1 $3 12173908 $9 2577 $6 1209833 $7 9401051947 $a Danchin $b Sebastian $f 1957-.... $4 730
801  3 $a FR $b Electre $c 20221005 $g AFNOR
830    $a ELECTREX-MA/Lit/ML/2211/Lit18 20221105
903    $a Littérature moderne et contemporaine - Romans - Thrillers/Suspense $b T321010
903    $a Littératures étrangères contemporaines - Traduction en français $b GLEC001
903    $a Rayon poche $b GRPO000
921    $a 
939    $a réassort
947    $c 7.64 $a 8.40
969    $h  1 $a 1 $d  900
099    $t LI $d 2024-05-11 $x 7 $c 2022-11-05
339    $a m
091    $a 2 $b 20240511 $c 0
995    $0 0 $2 0 $4 0 $5 2022-11-05 $9 451909 $b MED $c MED $e MED1A $f C1400015152 $h ALTROPL $k RP/PRE $o 0 $p 8.40 $r PRETLIV $s RP_PRE $w 7 $y 2024-04-20

