00848nam a2200205   4500
001 351388
003 http://www.mediathequederoubaix.fr/ark:/20179/KH351388
090    $a 351388
091    $a 0
099    $t LI $d 2022-12-01
100    $a 20221112d1905    m||y0frey50      ba
101    $a fre
200    $a La couture en classe et dans la famille $f Mlle Marie Koenig,... $e ouvrage rédigé conformément au programme officiel des écoles primaires
205    $a 3e éd.
210    $a Paris $c Librairie Larousse $d 1905
215    $a VIII-77 p. $c ill., couv. ill. $d 19 cm
606    $9 251042 $a Couture $x Manuels d'enseignement
700    $9 339477 $a Koenig $b Marie 
801    $a FR $b 595126101 $c 20221112 $g AFNOR
995    $0 0 $2 0 $4 0 $5 2022-11-12 $9 452262 $b MED $c MED $e MED3I $f C0006069469 $h PPEFGZZ $k MAG L/P 8/118 923 $o 2 $r PRETLIV $s MAG_L_P_8_118000000000000_923 $w 0 $y 2022-11-12 $7  $8  $A  $m  $z 

