02349cam1a2200553 i 4500
001 351493
003 http://www.mediathequederoubaix.fr/ark:/20179/KH351493
005 20240511050814.0
010    $a 978-2-262-10166-4 $b br. $d 9 EUR
073  0 $a 9782262101664
090    $a 351493
100    $a 20220524d2022    m  |0frey5003||||ba
101 0  $a fre
102    $a FR
105    $a         0||y|
106    $a r
181  0 $6 01 $a i  $b xxxe  
181    $6 02 $c txt $2 rdacontent
182  0 $6 01 $a n
182    $6 02 $c n $2 rdamedia
183    $6 01 $a nga $2 rdafrcarrier
183    $6 02 $a nc $2 rdacarrier
200 1  $a Le goût du roi $b Texte imprimé $e Louis XV et le secret du Parc aux Cerfs $f Camille Pascal
210    $a Paris $c Perrin $d 2022
211    $a 20221006
214  0 $a Paris $c Perrin $d 2022
215    $a 1 vol. (408 p.) $d 18 x 11 cm
225 2  $a Tempus $x 1633-8294 $v 892
300    $a Bibliogr. Index
305    $a Précédemment paru sous le titre : Le goût du roi : Louis XV et Marie-Louise O'Murphy
330    $a Récit de la vie mal connue de la maîtresse secrète de Louis XV, Marie-Louise O'Murphy. Figure d'un XVIIIe siècle libertin et cynique, l'ancienne maîtresse royale, mariée plusieurs fois, multiplie les amants, dont Casanova, et se construit une grande fortune. Elle a aussi posé pour le peintre François Boucher. ­Electre 2022
333    $a Tout public
345    $b 9782262101664
410  0 $0 38806428 $6 37437 $7 4255710000 $t Tempus $x 1633-8294 $v 892
600  0 $3 12282451 $9 21762 $a Louis $f 1710-1774 $c roi de France $d 15 $3 11955655 $9 618 $x Femmes $2 rameau
600  1 $a O'Murphy $b Marie-Louise $c 1737-1815 $2 rameau
606    $3 11968391 $9 8872 $a Rois et souverains $x Maîtresses $3 11935228 $9 16756 $y France $z 18e siècle $2 rameau
676    $a 944.03 $v 23
686    $a T230602 $2 electre
686    $a GDOC002 $2 electre
686    $a GRPO000 $2 electre
686    $a PG0100 $2 electre
700  1 $3 15106066 $9 120891 $6 196930 $7 2006250393 $a Pascal $b Camille $f 1966-.... $4 070
801  3 $a FR $b Electre $c 20221115 $g AFNOR
830    $a ELECTREMA/HSR/ASD/2211/Cde Novembre 20221116
099    $t LI $d 2024-05-11 $x 1 $c 2022-11-16
339    $a m
091    $a 2 $b 20240511 $c 0
995    $0 0 $2 0 $4 0 $5 2022-12-15 $9 454305 $b MED $c MED $e MED3A $f C2400004316 $h ACFHSZZ $k Doc./944 L15 $o 0 $r PRETLIV $s DOC___944_000000000000000_L15 $w 1 $y 2022-12-30 $7  $8  $A  $m  $z 

