02492cam a2200493   4500
001 351597
003 http://www.mediathequederoubaix.fr/ark:/20179/KH351597
010    $a 978-2-36290-150-8 $b rel. $d 16 EUR
020    $a FR $b 02328167
033    $a http://catalogue.bnf.fr/ark:/12148/cb47122413z
035    $a FRBNF471224130000006
073  0 $a 9782362901508
090    $a 351597
091    $a 2 $b 20240511 $c 1
099    $t LI $d 2024-05-11 $x 15 $c 2022-11-17
100    $a 20221019d2022    a  y0frey50      ba
101 1  $a fre $c eng
102    $a FR
105    $a ||||z   00|a|
106    $a r
181  0 $6 01 $a i  $b xxxe   $a b  $b xb2e  
181    $6 02 $c txt $c sti $2 rdacontent
182  0 $6 01 $a n
182    $6 02 $c n $2 rdamedia
200 1  $a Entrez donc ! dit Wombat $b Texte imprimé $f Carmen Agra Deedy $g [illustrations], Brian Lies
210  0 $a La Garenne-Colombes $c le Genèvrier $d DL 2022
214  0 $a [La Garenne-Colombes] $c le Genévrier $d DL 2022
214  3 $a impr. en Lituanie
215    $a 1 vol. (non paginé [34] p.) $c ill. en coul. $d 25 x 30 cm
225    $a Collection Est-Ouest
330    $a Face aux feux de brousse qui ravagent le territoire, Wombat se met à l'abri au fond de son terrier. Peu de temps après, les autres animaux effrayés le rejoignent. Une histoire sur le partage et l'entraide. ­Electre 2022
339    $a a
410  0 $0 42648418 $t Collection Est-Ouest (Paris) $x 2259-4698 $d 2022
454  1 $t Wombat said come in
608    $a Albums $2 CNLJ $k Avis critique donné par le Centre national de la littérature pour la jeunesse
686    $a 809 $2 Cadre de classement de la Bibliographie nationale française
700    $3 14586922 $9 70990 $o ISNI0000000120276440 $a Deedy $b Carmen Agra $4 070
702    $3 16685967 $9 111399 $o ISNI0000000027183338 $a Lies $b Brian $4 440
801  0 $a FR $b FR-751131015 $c 20221019 $g AFNOR $h FRBNF471224130000006 $2 intermrc
999    $a FRBNF471224130000006
995    $0 0 $2 0 $4 0 $5 2022-11-26 $9 453121 $P 16.00 $b MED $c MED $e MED2A $f C2500030199 $h JABEFAE $k E A/LIE $o 0 $p 16.00 $r PRETLIV $s E_A_LIE $w 7 $y 2024-05-15
995    $0 0 $2 0 $4 0 $5 2022-12-28 $9 455078 $P 16.00 $b MED $c MED $e MED0A $f C3500017517 $h JABEFAE $k EXT E A/DEE $o 0 $r PRETLIV $s EXT_E_A_DEE $w 2 $y 2024-04-19
995    $0 0 $2 0 $4 0 $5 2022-12-28 $9 455079 $P 16.00 $b MED $c MED $e MED0A $f C3500017516 $h JABEFAE $k EXT E A/DEE $n 2024-06-27 $o 0 $r PRETLIV $s EXT_E_A_DEE $w 4 $y 2024-04-23 $8 MA067
995    $0 0 $2 0 $4 0 $5 2022-12-28 $9 455080 $P 16.00 $b MED $c MED $e MED0A $f C3500017515 $h JABEFAE $k EXT E A/DEE $o 0 $r PRETLIV $s EXT_E_A_DEE $w 2 $y 2024-04-23

