03172cam a2200529   4500
001 351711
003 http://www.mediathequederoubaix.fr/ark:/20179/KH351711
010    $a 979-10-401-1046-0 $b rel. $d 18 EUR
020    $a FR $b 02350443
033    $a http://catalogue.bnf.fr/ark:/12148/cb471216587
035    $a FRBNF471216580000004
073  0 $a 9791040110460
090    $a 351711
091    $a 2 $b 20240514 $c 1
099    $t LI $d 2024-05-14 $x 11 $c 2022-11-18
100    $a 20221018d2022    a  y0frey50      ba
101 0  $a fre
102    $a FR
105    $a ||||z   00|y|
106    $a r
181  0 $6 01 $a i  $b xxxe   $a b  $b xb2e  
181    $6 02 $c txt $c sti $2 rdacontent
182  0 $6 01 $a n
182    $6 02 $c n $2 rdamedia
200 1  $a Le grand livre des animaux de l'extrême $b Texte imprimé $f [textes], Sophie Blitman, Juliette Ravaux $g [illustrations], Claire Martha
210  0 $a 75166 Paris Cedex 19 $c Editions De La Martinière Jeunesse $d 2022
214  0 $a Paris $c La Martinière jeunesse $d DL 2022
214  3 $a impr. en Italie
215    $a 1 vol. (45 p.) $c ill. en coul. $d 38 cm
321    $a La Revue des livres pour enfants $x 0398-8384 $c 329
329    $c Intéressant $a Un grand format pour découvrir les animaux qui vivent dans des milieux hostiles. Cinq zones climatiques extrêmes sont choisies : les déserts, les pôles, le fond de l'océan, les grottes et les mares. Pour chacun de ces milieux, trois animaux qui ont dû s'adapter sont présentés avec pour chacun une carte d'identité et quelques lignes de présentation. Un regret peut-être, le peu d'informations documentaires (contrairement à ce que laissait imaginer un tel format), ainsi que l'absence de table des matières. Le choix éditorial a été celui de donner davantage de place aux illustrations pour publier un beau livre. $d 20230301 $f CBO $2 CNLJ $k Avis critique donné par le Centre national de la littérature pour la jeunesse
330    $a Présentation de plus d'une vingtaine d'animaux rares et de leur milieu naturel. ­Electre 2022
333    $a À partir de 9 ans $2 CNLJ $k Avis critique donné par le Centre national de la littérature pour la jeunesse
339    $a a
606    $3 11936405 $9 41194 $a Animaux rares $2 rameau
606    $3 12262593 $9 49342 $a Milieux extrêmes $2 rameau
606    $3 11938478 $9 332211 $a Adaptation (biologie) $2 rameau
608    $3 12042408 $9 314947 $a Ouvrages pour la jeunesse $2 rameau
608    $a Documentaires : sciences et techniques $2 CNLJ $k Avis critique donné par le Centre national de la littérature pour la jeunesse
676    $a 591.680 83 $v 23
686    $a 590 $2 Cadre de classement de la Bibliographie nationale française
700    $3 17119239 $9 327580 $o ISNI000000046017327X $a Blitman $b Sophie $f 1980-.... $4 070
701    $3 18058919 $9 342574 $o ISNI0000000509772004 $a Ravaux $b Juliette $4 070
702    $3 18097626 $9 342575 $o ISNI0000000512609195 $a Martha $b Claire $4 440
801  0 $a FR $b FR-751131015 $c 20221018 $g AFNOR $h FRBNF471216580000004 $2 intermrc
999    $a FRBNF471216580000004
995    $0 0 $2 0 $4 0 $5 2022-11-29 $9 453338 $P 18.00 $b MED $c MED $e MED2A $f C2500030350 $h JDT50ZZ $k E/591 GEO $o 0 $p 18.00 $r PRETLIV $s E_591_000000000000000_GEO $w 11 $y 2024-05-07

