02404cam a2200469   4500
001 351821
003 http://www.mediathequederoubaix.fr/ark:/20179/KH351821
010    $a 978-2-38167-160-4 $b br. $d 12,90 EUR
020    $a FR $b 02319389
033    $a http://catalogue.bnf.fr/ark:/12148/cb47116942p
035    $a FRBNF47116942000000X
073  0 $a 9782381671604
090    $a 351821
091    $a 2 $b 20240505 $c 1
099    $t LI $d 2024-05-05 $x 4 $c 2022-11-25
100    $a 20221011d2022    a  y0frey50      ba
101 0  $a fre
102    $a FR
105    $a ||||z   00|a|
106    $a r
181  0 $6 01 $a i  $b xxxe  
181    $6 02 $c txt $2 rdacontent
182  0 $6 01 $a n
182    $6 02 $c n $2 rdamedia
200 1  $a Léo & Lili, experts de l'invisible $b Texte imprimé $e opération Noël $f Christine Saba
210  0 $a Paris $c Scrineo $d DL 2022
214  0 $a Paris $c Scrineo $d DL 2022
214  3 $a 86-Ligugé $c Impr. Aubin
215    $a 1 vol. (214 p.) $c ill. $d 21 cm
312    $a Autre forme de titre : Léo et Lili, experts de l'invisible
329    $c Pourquoi pas ? $2 CNLJ $k Avis critique donné par le Centre national de la littérature pour la jeunesse
330    $a Léo et Lili rêvent de devenir espions et choisissent un nom pour leur équipe de choc, les Infaillibles. Le soir de Noël, ils retrouvent le Père Noël dans une poubelle. Ce dernier leur confie la mission de retrouver le ralentisseur de temps dérobé par le sorcier Zadig. Les deux enfants partent jusqu'au pôle Nord pour demander l'aide de Fredo, le chef des elfes. ­Electre 2022
333    $a À partir de 9 ans $2 CNLJ $k Avis critique donné par le Centre national de la littérature pour la jeunesse
339    $a a
517 1  $a Léo et Lili, experts de l'invisible
608    $a Romans $2 CNLJ $k Avis critique donné par le Centre national de la littérature pour la jeunesse
686    $a 809 $2 Cadre de classement de la Bibliographie nationale française
700    $3 17805348 $9 311529 $a Saba $b Christine $4 070
801  0 $a FR $b FR-751131015 $c 20221011 $g AFNOR $h FRBNF47116942000000X $2 intermrc
999    $a FRBNF47116942000000X
995    $0 0 $2 0 $4 0 $5 2022-12-01 $9 453649 $P 12.90 $b MED $c MED $e MED2A $f C2500030310 $h JROPLZZ $k E RP/SAB $o 0 $p 12.90 $r PRETLIV $s E_RP_SAB $w 3 $y 2024-01-24
995    $0 0 $2 0 $4 0 $5 2022-12-27 $9 454954 $P 12.90 $b MED $c MED $e MED0A $f C3500017435 $h JROROZZ $k EXT E R/SAB $n 2024-07-10 $o 0 $r PRETLIV $s EXT_E_R_SAB $w 1 $y 2023-08-29

