02071cam1a2200505 i 4500
001 351929
003 http://www.mediathequederoubaix.fr/ark:/20179/KH351929
005 20240511050925.0
010    $a 979-10-375-0715-0 $b cart. $d 27 EUR
073  0 $a 9791037507150
090    $a 351929
100    $a 20220621d2022    |  |0frey5003||||ba
101 0  $a fre
102    $a FR
105    $a     t   0||y|
106    $a r
181  0 $6 01 $a i  $b xxxe   $a b  $b xb2e  
181    $6 02 $c txt $c sti $2 rdacontent
182  0 $6 01 $a n
182    $6 02 $c n $2 rdamedia
183    $6 01 $a nga $2 rdafrcarrier
183    $6 02 $a nc $2 rdacarrier
200 1  $a Histoire de Jérusalem $b Texte imprimé $f texte et scénario Vincent Lemire $g dessin Christophe Gaultier $g couleur Marie Galopin
210    $a Paris $c Les Arènes $d 2022
211    $a 20221027
214  0 $a Paris $c Les Arènes $d 2022
215    $a 1 vol. (253 p.) $c illustrations en couleur $d 30 x 22 cm
225 2  $a Les Arènes BD
300    $a Chronol. Bibliogr.
330    $a Une histoire de Jérusalem en dix chapitres, dont les scènes et dialogues proviennent de plus de 200 sources publiées et d'archives inédites. ­Electre 2022
345    $b 9791037507150
410  0 $6 336209 $t Les Arènes BD
607    $3 11961678 $9 5267 $a Jérusalem $x Histoire $2 rameau
608    $3 11931019 $9 10461 $a Bandes dessinées $2 rameau
676    $a 741.56 $v 23
686    $a T090210 $2 electre
700  1 $3 14533447 $9 267215 $6 141720 $7 2002510056 $a Lemire $b Vincent $f 1973-.... $4 070
701  1 $3 14458707 $9 24738 $6 12533 $7 2000100070 $a Gaultier $b Christophe $f 1969-.... $4 440
702  1 $3 17151129 $9 336217 $6 11311523 $a Galopin $b Marie $4 410
801  3 $a FR $b Electre $c 20221110 $g AFNOR
099    $t LI $d 2024-05-11 $x 14 $c 2022-11-26
339    $a m
091    $a 2 $b 20240511 $c 0
995    $0 0 $2 2 $4 0 $5 2022-11-30 $9 453377 $b MED $c MED $e MED0C $f C2300013327 $h AAPBDZZ $k BD/SAP $o 4 $p 27.00 $r PRETLIV $s BD_SAP $w 8 $y 2023-09-26
995    $0 0 $2 0 $4 0 $5 2023-12-12 $9 471062 $b MED $c MED $e MED0C $f C2300014461 $h AAPBDZZ $k BD/LEM $n 2024-05-23 $o 0 $p 27.00 $r PRETLIV $s BD_LEM $w 6 $y 2024-05-02 $7  $8  $A  $m  $z 

