02433cam1a2200589 i 4500
001 352033
003 http://www.mediathequederoubaix.fr/ark:/20179/KH352033
005 20240511051344.0
010    $a 9782081436640 $b br. $d 7,30 EUR
073  0 $a 9782081436640
090    $a 352033
100    $a 20181016d2019    |  |0frey5003||||ba
101 0  $a fre
102    $a FR
105    $a         0||a|
106    $a r
181  0 $6 01 $a i  $b xxxe  
181    $6 02 $c txt $2 rdacontent
182  0 $6 01 $a n
182    $6 02 $c n $2 rdamedia
183    $6 01 $a nga $2 rdafrcarrier
183    $6 02 $a nc $2 rdacarrier
200 1  $a Journal d'un curé de campagne $b Texte imprimé $f Bernanos $g présentation, notes, chronologie et bibliographie par Karine Robinot-Serveau
210    $a Paris $c Flammarion $d 2019
211    $a 20190116
214  0 $a Paris $c Flammarion $d 2019
215    $a 1 vol. (430 p.) $d 18 x 11 cm
225 2  $a GF $x 0768-0465 $v 1605
300    $a Chronol. Bibliogr.
330    $a L'existence discrète d'un jeune prêtre catholique dans la petite paroisse d'Ambricourt, dans le nord de la France. Marqué par ses douleurs à l'estomac et par son désespoir devant le manque de foi de la population du village, le curé se sent faible, inférieur, mais croit que la grâce de Dieu passe par son sacerdoce. ­Electre 2022
345    $b 9782081436640
410  0 $0 34234516 $6 5784 $7 0085570000 $t GF $x 0768-0465 $v 1605
604    $1 700 1 $3 11950866 $9 297455 $a Bernanos $b Georges $f 1888-1948 $1 50000 $a Journal d'un curé de campagne $2 rameau
676    $a 843 $v 23
686    $a T321002 $2 electre
686    $a GLFT001 $2 electre
686    $a GRPO000 $2 electre
700  1 $3 11891479 $9 7890 $6 1182034 $7 9401017163 $a Bernanos $b Georges $f 1888-1948 $4 070
702  1 $3 16623051 $9 339516 $6 11350696 $a Robinot-Serveau $b Karine $4 340
801  3 $a FR $b Electre $c 20220329 $g AFNOR
830    $a ELECTREX-MA/LIT/ML/2211/LIT19 20221127
903    $a Littérature moderne et contemporaine - Romans - Romans $b T321002
903    $a Littérature et textes français classiques - Texte en langue originale $b GLFT001
903    $a Rayon poche $b GRPO000
921    $a 
939    $a réassort
947    $c 6.64 $a 7.30
969    $h  1 $a 1 $d  900
099    $t LI $d 2024-05-11 $x 7 $c 2022-11-27
339    $a m
091    $a 2 $b 20240511 $c 0
995    $0 0 $2 0 $4 0 $5 2022-11-27 $9 453199 $b MED $c MED $e MED1A $f C1400015271 $h ALTROZZ $k R/BER $o 0 $p 7.30 $r PRETLIV $s R_BER $w 7 $y 2024-05-04

