02148nam1a2200505 i 4500
001 352134
003 http://www.mediathequederoubaix.fr/ark:/20179/KH352134
005 20240514033938.0
010    $a 978-2-36963-101-9 $b pochette $d 32 EUR
073  0 $a 9782369631019
090    $a 352134
100    $a 20221003d2022    b  |0frey5003||||ba
101 0  $a fre
102    $a FR
105    $a f       0||y|
106    $a r
181  0 $6 01 $a i  $b xxxe   $a b  $b xb2e  
181    $6 02 $c txt $c sti $2 rdacontent
182  0 $6 01 $a n
182    $6 02 $c n $2 rdamedia
183    $6 01 $a ngc $2 rdafrcarrier
183    $6 02 $a nz $2 rdacarrier
200 1  $a Qui va là ? $b Texte imprimé $f texte d'Anne Mahler $g illustrations de Baptiste Puaud
210    $a Strasbourg $c Callicéphale $d 2022
211    $a 20220923
214  0 $a Strasbourg $c Callicéphale $d 2022
215    $a 1 vol. (15 pl.) $c illustrations en couleur $d 29 x 39 cm
225 2  $a Kamishibaï
330    $a Perché sur son arbre, Roger le geai aperçoit au loin un mystérieux animal au pelage marron pénétrer dans la forêt. Affolé, il se renseigne auprès de tous les animaux, comme Dédé le sanglier, Alain le ragondin, Flynn le jars ou encore Igor le castor pour démasquer l'intrus. Le texte de ce kamishibaï se trouve derrière les images. ­Electre 2022
333    $a A partir de 4 ans
345    $b 9782369631019
410  0 $6 50852 $7 4411850000 $t Kamishibaï
686    $a J000110 $2 electre
686    $a GJEU002 $2 electre
686    $a GJEU013 $2 electre
686    $a PJ0202 $2 electre
700  1 $3 16724169 $9 269069 $6 11373194 $a Mahler $b Anne $f 1990-.... $4 070
701  1 $3 17734134 $9 335299 $6 11939006 $a Puaud $b Baptiste $f 1989-.... $4 440
801  3 $a FR $b Electre $c 20221011 $g AFNOR
830    $a ELECTREKamishibai 20221130
856 4  $u https://www.electre.com/GetBlob.ashx?Ean=9782369631019,0-9115030&Size=Original
099    $t LI $d 2024-05-14 $c 2022-11-30 $x 7
339    $a a
091    $a 2 $b 20240514 $c 0
995    $0 0 $2 0 $3 0 $4 0 $5 2022-11-30 $9 453499 $P 32.00 $b MED $c MED $e MED0A $f C3500017348 $h JTHZZZZ $k EXT PE K/MAH $l 15 PLANCHES $n 2024-06-27 $o 0 $p 32.00 $r PRETLIV $s EXT_PE_K_MAH $w 7 $y 2024-04-23 $8 K005 $A 0

