02335njm0a2200361   4500
001 352234
003 http://www.mediathequederoubaix.fr/ark:/20179/KH352234
071 01 $a HABIBI0192 $b Habibi Funk
073  0 $a 0673790036780
090    $a 352234
091    $a 2 $b 20240516 $c 0
099    $d 2024-05-16 $t DC $x 6 $c 2022-12-02
100    $a 20221117d2022    u  y0frey5003    ba
101 0  $a und
127    $a 003400
200 1  $a Oghneya $b [enr. sonore] $f Ferkat Al Ard, ens. voc. & instr.
210    $a Berlin $c Habibi Funk $d 2022
215    $a 1 CD (34 min) $e 1 livret
300    $a Textes des chansons
327 1  $a Matar al sabah $a Entazerni $a Oghneya $a Edfeno amwatakom wanhadou $a Matar naem $a Lahnon lemra'ati wa beladi $a Juma'a 6 hziran
330    $a Oghneya est un album libanais mythique du groupe Ferkat Al Ard de Issam Hajali, qui s'imposa comme l'une des plus grandes pépites musicales du monde arabe. Une sortie révolutionnaire de 1978 qui représente le point de rencontre des styles arabe, jazz, folk et brésilien avec le talent de Ziad Rahbani, qui a fait les arrangements des albums. Rempli d'une variété de sons et de genres, de la pop baroque au folk psychédélique en passant par des merveilles de Bossa Nova et de Tropicalia, Oghneya c'est un peu comme si Arthur Verocai avait fait un voyage à Beyrouth dans les années 70 pour y enregistrer un album.
345    $a GAM $b 0673790036780 $c disque compact $d 17,56 E
610    $a Iraq, Jordanie, Liban, Palestine, Syrie : Variété et chanson
679    $a 024.2
710 02 $a Ferkat Al Ard $4 545 $4 ens. voc. & instr.
801  0 $a FR $b GAM $c 20221117
856 4  $u https://www.gamannecy.com/upload/albums/202206/0673790036780_thumb.jpg
856 4  $u https://www.gamannecy.com/polysson/202208/01-0673790036780.mp3 $z Matar al sabah
856 4  $u https://www.gamannecy.com/polysson/202208/02-0673790036780.mp3 $z Entazerni
856 4  $u https://www.gamannecy.com/polysson/202208/03-0673790036780.mp3 $z Oghneya
856 4  $u https://www.gamannecy.com/polysson/202208/04-0673790036780.mp3 $z Edfeno amwatakom wanhadou
856 4  $u https://www.gamannecy.com/polysson/202208/05-0673790036780.mp3 $z Matar naem
995    $0 0 $2 0 $4 0 $5 2022-12-15 $9 454297 $b MED $c MED $e MED1A $f C3100010938 $h AMV90ZZ $k DC/024.2 FER $l contient 1 DC + 1 livret $o 0 $p 17.56 $r PRETSON $s DC_024_200000000000000_FER $w 6 $y 2023-11-16

