01964cam a2200445   4500
001 352334
003 http://www.mediathequederoubaix.fr/ark:/20179/KH352334
010    $a 978-2-01-787711-0 $b br. $d 6,90 EUR
020    $a FR $b 02164357
033    $a http://catalogue.bnf.fr/ark:/12148/cb46805396k
035    $a FRBNF468053960000007
073  0 $a 9782017877110
090    $a 352334
091    $a 2 $b 20240516 $c 1
099    $t LI $d 2024-05-16 $x 16 $c 2022-12-02
100    $a 20210602d2021    a  y0frey50      ba
101 0  $a fre
102    $a FR
105    $a ||||z   00|a|
106    $a r
181  0 $6 01 $a i  $b xxxe   $a b  $b xb2e  
181    $6 02 $c txt $c sti $2 rdacontent
182  0 $6 01 $a n
182    $6 02 $c n $2 rdamedia
200 1  $a Là-haut $b Texte imprimé $a Pocahontas $f Isabelle Albertin,... Valérie Viron,...
210  0 $a [Vanves] $c Hachette éducation $d DL 2021
214  0 $a [Vanves] $c Hachette éducation $d DL 2021
214  3 $a impr. en Espagne
215    $a 1 vol. (63 p.) $c ill. en coul. $d 19 cm
225 19 $a J'apprends à lire avec les grands classiques $e spécial dys
330    $a Deux histoires adaptées aux lecteurs débutants dyslexiques, avec des mots-outils facilement repérables ainsi que des couleurs associées aux sons complexes pour faciliter le déchiffrage, des exercices pour préparer la lecture et des questions de compréhension. ­Electre 2022
339    $a a
423  0 $t Pocahontas
461  0 $0 45520991 $t J'apprends à lire avec les grands classiques
686    $a 809 $2 Cadre de classement de la Bibliographie nationale française
700    $3 17709337 $9 310083 $o ISNI0000000464401356 $a Albertin $b Isabelle $4 070
701    $3 17791230 $9 330936 $a Viron $b Valérie $4 070
801  0 $a FR $b FR-751131015 $c 20210602 $g AFNOR $h FRBNF468053960000007 $2 intermrc
999    $a FRBNF468053960000007
995    $0 0 $2 0 $4 1 $5 2023-01-18 $9 456008 $P 6.90 $b MED $c MED $e MED2A $f C2500030570 $h JDTDYZZ $k E DYS $o 4 $p 6.90 $r PRETLIV $s E_DYS $w 16 $y 2024-03-06 $7  $8  $A  $m  $z 

