02062njm0a2200361   4500
001 352438
003 http://www.mediathequederoubaix.fr/ark:/20179/KH352438
071 01 $a CD0680TOMOU $b CBN Production
073  0 $a 3760301213260
090    $a 352438
091    $a 1 $b 20240511 $c 0
099    $t DC $d 2024-05-11 $c 2022-12-06 $x 1
100    $a 20221116d2022    u  y0frey5003    ba
101 0  $a fre
127    $a 004800
200 1  $a Où vont nos pas ? $b enr. sonore $f Tom Nardone, comp., chant, guit.
210    $a [S.l.] $c CBN Production $d 2022
215    $a 1 D.C. (48 min) $e 1 livret
300    $a Textes des chansons
327 1  $a Le camping $a Les berceuses $a Chercher le beau $a Laisse aller $a Les nouveaux métiers $a Les héros du zéro $a La météo des émotions $a Rien comme tout l'monde $a Les opposés s'attirent $a Mister Loose $a Obrigado $a Les poules $a Voir la mer
330    $a Chansons jeune public à écouter en familles. les styles sont métissés, un peu à la Aldebert. Les textes sont soignés et les musiques abouties avec de beaux arrangements de groupe, et des musiciens additionnels. C'est le 5ème album du groupe et le 13ème de Tom Nardone.
339    $a a
345    $a GAM $b 3760301213260 $c disque compact $d 18,48 E
679    $a 712
700  1 $a Nardone $b Tom $4 230
801  0 $a FR $b GAM $c 20221116
856 4  $u https://www.gamannecy.com/upload/albums/202206/3760301213260_thumb.jpg
856 4  $u https://gam.hosting-media.net/partners/10000001/3760301213260-01_01.mp3 $z Le camping
856 4  $u https://gam.hosting-media.net/partners/10000001/3760301213260-01_02.mp3 $z Les berceuses
856 4  $u https://gam.hosting-media.net/partners/10000001/3760301213260-01_03.mp3 $z Chercher le beau
856 4  $u https://gam.hosting-media.net/partners/10000001/3760301213260-01_04.mp3 $z Laisse aller
856 4  $u https://gam.hosting-media.net/partners/10000001/3760301213260-01_05.mp3 $z Les nouveaux métiers
995    $0 0 $2 0 $4 0 $5 2023-05-05 $9 460201 $P 18.48 $b MED $c MED $e MED2A $f C2600008118 $h JMUEFZZ $k DC/712 NAR $o 0 $p 18.48 $r PRETSON $s DC_712_000000000000000_NAR $w 1 $y 2023-09-30

