02099cam a2200457   4500
001 352538
003 http://www.mediathequederoubaix.fr/ark:/20179/KH352538
010    $a 979-10-268-1440-5 $b rel. $d 35 EUR
020    $a FR $b 01969664
033    $a http://catalogue.bnf.fr/ark:/12148/cb45756919r
035    $a FRBNF457569190000009
073  0 $a 9791026814405
090    $a 352538
091    $a 2 $b 20240511 $c 1
099    $t LI $d 2024-05-11 $x 5 $c 2022-12-09
100    $a 20190626d2019    m  y0frey50      ba
101 1  $a fre $c eng
102    $a FR
105    $a ||||t   00|a|
106    $a r
181  0 $6 01 $a i  $b xxxe   $a b  $b xb2e  
181    $6 02 $c txt $c sti $2 rdacontent
182  0 $6 01 $a n
182    $6 02 $c n $2 rdamedia
200 1  $a Swamp thing $b Texte imprimé $e la créature du marais $f scénario, Len Wein, Tom King... $g dessin, Bernie Wrightson, Nestor P. Redondo, Jason Fabok... [et al.]
210  0 $a Paris $c Urban comics $d 2019
214  0 $a Paris $c Urban comics $d 2019
214  3 $a impr. en Italie
215    $a 1 vol. (315 p.) $c ill. $d 29 cm
225    $a Urban cult
300    $a Trad. de l'anglais
330    $a Alors qu'ils poursuivaient leurs recherches près d'un marais de Louisiane, Alex Holland et sa femme sont victimes d'un attentat à la bombe perpétré par une entreprise peu scrupuleuse. Exposé aux produits chimiques, Alex devient Swamp Thing. ­Electre 2022
339    $a m
410  0 $0 45833192 $t Collection Urban cult $x 2680-6606 $d 2019
608    $a Bandes dessinées $2 CNLJ $k Avis critique donné par le Centre national de la littérature pour la jeunesse
686    $a 805 $2 Cadre de classement de la Bibliographie nationale française
700    $3 12646086 $9 95365 $o ISNI0000000063069938 $a Wein $b Len $f 1948-2017 $4 070
701    $3 16991728 $9 122080 $o ISNI000000014057842X $a King $b Tom $f 1978-.... $4 070
801  0 $a FR $b FR-751131015 $c 20190626 $g AFNOR $h FRBNF457569190000009 $2 intermrc
999    $a FRBNF457569190000009
995    $0 0 $2 0 $4 0 $5 2023-01-07 $9 455600 $b MED $c MED $e MED0C $f C2300013614 $h AAPBDCM $k BD COMICS/WEI $o 0 $p 35.00 $r PRETLIV $s BD_COMICS_WEI $w 5 $y 2024-04-26 $7  $8  $A  $m  $z 

