02229cam a2200517   4500
001 352649
003 http://www.mediathequederoubaix.fr/ark:/20179/KH352649
010    $a 978-2-344-04906-8 $b br. $d 10,75 EUR
020    $a FR $b 02249218
033    $a http://catalogue.bnf.fr/ark:/12148/cb469885375
035    $a FRBNF469885370000002
073  0 $a 9782344049068
090    $a 352649
091    $a 2 $b 20240511 $c 1
099    $t LI $d 2024-05-11 $x 11 $c 2022-12-09
100    $a 20220316d2022    m  y0frey50      ba
101 1  $a fre $c jpn $g fre
102    $a FR
105    $a ||||t   00|a|
106    $a r
181  0 $6 01 $a i  $b xxxe   $a b  $b xb2e  
181    $6 02 $c txt $c sti $2 rdacontent
182  0 $6 01 $a n
182    $6 02 $c n $2 rdamedia
200 1  $a Le livre des sorcières $h Tome 1 $b Texte imprimé $f Ebishi Maki
210  0 $a Grenoble $c Glénat $d DL 2022
214  0 $a Grenoble $c Glénat $d DL 2022
214  3 $a impr. en Italie
215    $a 1 vol. (232 p.) $c ill. $d 21 cm
225    $a Seinen manga
300    $a Texte en français seul
304    $a Mention parallèle de titre ou de responsabilité : Die Wahrheit über Hexen
329    $c Intéressant $2 CNLJ $k Avis critique donné par le Centre national de la littérature pour la jeunesse
330    $a Au Moyen Age, le médecin Jean Wier combat l'obscurantisme en s'opposant à la chasse aux sorcières. ­Electre 2022
333    $a À partir de 15 ans $2 CNLJ $k Avis critique donné par le Centre national de la littérature pour la jeunesse
339    $a m
410  0 $0 38992210 $t Seinen manga $x 1761-2276 $d 2022
454  1 $t Majo wo mamoru $h Vol. 01
461  0 $0 46992447 $t Le livre des sorcières $v 1
510    $z ger $a Die Wahrheit über Hexen
608    $a Bandes dessinées $2 CNLJ $k Avis critique donné par le Centre national de la littérature pour la jeunesse
686    $a 805 $2 Cadre de classement de la Bibliographie nationale française
700    $3 18004332 $9 339647 $a Maki $b Ebishi $4 070
801  0 $a FR $b FR-751131015 $c 20220316 $g AFNOR $h FRBNF469885370000002 $2 intermrc
999    $a FRBNF469885370000002
995    $0 0 $2 0 $4 0 $5 2022-12-28 $9 455003 $b MED $c MED $e MED0C $f C2300013479 $h AAPBDMG $k BD MANGA/MAK $n 2024-05-25 $o 0 $p 10.75 $r PRETLIV $s BD_MANGA_MAK $w 11 $y 2024-04-13

