01829cam a2200445   4500
001 352757
003 http://www.mediathequederoubaix.fr/ark:/20179/KH352757
010    $a 978-2-8203-4056-6 $b br. $d 6,89 EUR
020    $a FR $b 02148870
033    $a http://catalogue.bnf.fr/ark:/12148/cb46700022t
035    $a FRBNF467000220000001
073  0 $a 9782820340566
090    $a 352757
091    $a 2 $b 20240511 $c 1
099    $t LI $d 2024-05-11 $x 8 $c 2022-12-09
100    $a 20210209d2021    m  y0frey50      ba
101 1  $a fre $c jpn
102    $a FR
105    $a ||||t   00|a|
106    $a r
181  0 $6 01 $a i  $b xxxe   $a b  $b xb2e  
181    $6 02 $c txt $c sti $2 rdacontent
182  0 $6 01 $a n
182    $6 02 $c n $2 rdamedia
200 1  $a We never learn $h 15 $b Texte imprimé $f Taishi Tsutsui
210  0 $a Paris $c Kazé $d DL 2021
214  0 $a Paris $c Kazé $d DL 2021
214  3 $a impr. en Italie
215    $a 1 vol. (186 p.) $c ill. $d 18 cm
225    $a Shōnen
330    $a Nariyuki, Fumino, Rizu et Asumi ont beaucoup travaillé dans le but d'intégrer l'université de leurs rêves. Mais le jour de l'examen, Nariyuki est introuvable. Les filles s'inquiètent car leur tuteur est d'ordinaire très sérieux et ponctuel. ­Electre 2022
339    $a m
410  0 $0 40044331 $t Collection Shônen (Paris) $x 1776-6095 $d 2021
454  1 $t Bokutachi wa benkyou ga dekinai
461  0 $0 45609885 $t We never learn $v 15
686    $a 805 $2 Cadre de classement de la Bibliographie nationale française
700    $3 17067120 $9 331881 $o ISNI0000000459699100 $a Tsutsui $b Taishi $4 070
801  0 $a FR $b FR-751131015 $c 20210209 $g AFNOR $h FRBNF467000220000001 $2 intermrc
999    $a FRBNF467000220000001
995    $0 0 $2 0 $4 0 $5 2022-12-17 $9 454581 $b MED $c MED $e MED0C $f C2300013501 $h AAPBDMG $k BD MANGA/TSU $o 0 $p 6.89 $r PRETLIV $s BD_MANGA_TSU $w 8 $y 2024-04-16

