02204cam a2200493   4500
001 352869
003 http://www.mediathequederoubaix.fr/ark:/20179/KH352869
010    $a 978-2-290-25483-7 $b br. $d 7,80 EUR
020    $a FR $b 02141291
033    $a http://catalogue.bnf.fr/ark:/12148/cb46735544b
035    $a FRBNF46735544000000X
073  0 $a 9782290254837
090    $a 352869
091    $a 2 $b 20240516 $c 1
099    $t LI $d 2024-05-16 $x 2 $c 2022-12-14
100    $a 20210324d2021    m  y0frey50      ba
101 1  $a fre $c eng
102    $a FR
105    $a ||||z   00|a|
106    $a r
181  0 $6 01 $a i  $b xxxe  
181    $6 02 $c txt $2 rdacontent
182  0 $6 01 $a n
182    $6 02 $c n $2 rdamedia
200 1  $a Trop anglaise, mais si adorable $b Texte imprimé $f Suzanne Enoch $g traduit de l'anglais (États-Unis) par Léonie Speer
210  0 $a Paris $c J'ai lu $d DL 2021
214  0 $a Paris $c J'ai lu $d DL 2021
214  3 $a impr. en Italie
215    $a 1 vol. (406 p.) $d 18 cm
225 19 $a Les MacTaggert $v 1
225    $a Aventures & passions
225    $a J'ai lu $v 13171
330    $a C'est la règle chez les MacTaggert, le frère aîné doit se marier pour garder le domaine ancestral. Mais ce dernier n'est guère intéressé par l'épouse que sa mère lui a choisi, une demoiselle anglaise indépendante et effrontée. Cette dernière, malgré ses réticences à l'égard des Highlanders, est attirée par Niall, le cadet, qui lui-même la trouve irrésistible. ­Electre 2022
339    $a m
410  0 $0 34290225 $t Aventures et passions $x 1272-2731 $d 2021
410  0 $0 34229028 $t J'ai lu $x 0291-3623 $v 13171
454  1 $t It's getting Scot in here
461  0 $0 46844415 $t Les MacTaggert $v 1
686    $a 803 $2 Cadre de classement de la Bibliographie nationale française
700    $3 16745497 $9 278139 $o ISNI0000000059455043 $a Enoch $b Suzanne $4 070
702    $3 16675681 $9 277666 $o ISNI0000000403373590 $a Speer $b Léonie $4 730
801  0 $a FR $b FR-751131015 $c 20210324 $g AFNOR $h FRBNF46735544000000X $2 intermrc
999    $a FRBNF46735544000000X
995    $0 0 $2 0 $4 0 $5 2022-12-16 $9 454483 $P 7.80 $b BUS $c BUS $e BUS1A $f C2500030810 $h ALTROAM $k BUS RS/ENO $o 0 $p 7.80 $r PRETLIV $s BUS_RS_ENO $w 2 $y 2023-07-01

