01847cam a2200433   4500
001 352973
003 http://www.mediathequederoubaix.fr/ark:/20179/KH352973
010    $a 978-2-38281-073-6 $b rel. $d 19,90 EUR
020    $a FR $b 02258613
033    $a http://catalogue.bnf.fr/ark:/12148/cb47033160x
035    $a FRBNF470331600000005
073  0 $a 9782382810736
090    $a 352973
091    $a 2 $b 20240516 $c 1
099    $t LI $d 2024-05-16 $x 7 $c 2022-12-16
100    $a 20220525d2022    m  y0frey50      ba
101 1  $a fre $c jpn
102    $a FR
105    $a ||||t   00|a|
106    $a r
181  0 $6 01 $a i  $b xxxe   $a b  $b xb2e  
181    $6 02 $c txt $c sti $2 rdacontent
182  0 $6 01 $a n
182    $6 02 $c n $2 rdamedia
200 1  $a Les chefs-d'oeuvre de Junji Ito $h Tome 2 $b Texte imprimé
210  0 $a Paris $c Mangetsu $d DL 2022
214  0 $a Paris $c Mangetsu $d DL 2022
214  3 $a impr. en Italie
215    $a 1 vol. (380 p.) $c ill. $d 22 cm
300    $a Notice réd. d'après la couv.
330    $a Une sélection de dix histoires de Junji Ito, spécialiste de l'horreur, mettant en scène une petite fille aux penchants pervers, des villageois perpétuant d'étranges rites mortuaires, un écolier qui menace ses camarades de les écorcher vifs, entre autres. ­Electre 2022
339    $a m
454  1 $t Ito Junji jisen kessaku shu ibitsu
461  0 $0 47124015 $t Les chefs-d'oeuvre de Junji Ito $v 2
686    $a 805 $2 Cadre de classement de la Bibliographie nationale française
700    $3 14427740 $9 74908 $o ISNI0000000083805349 $a Itō $b Junji $f 1963-.... $4 070
801  0 $a FR $b FR-751131015 $c 20220525 $g AFNOR $h FRBNF470331600000005 $2 intermrc
999    $a FRBNF470331600000005
995    $0 3 $2 1 $4 0 $5 2023-01-06 $9 455559 $b MED $c MED $e MED0C $f C2300013588 $h AAPBDMG $k BD MANGA/ITO $n 2023-08-16 $o 4 $p 19.90 $r PRETLIV $s BD_MANGA_ITO $w 7 $y 2023-07-25

