04083cam a2200517   4500
001 353078
003 http://www.mediathequederoubaix.fr/ark:/20179/KH353078
010    $a 978-2-246-83018-4 $b rel. $d 23 EUR
020    $a FR $b 02333556
033    $a http://catalogue.bnf.fr/ark:/12148/cb47142292z
035    $a FRBNF471422920000006
073  0 $a 9782246830184
090    $a 353078
091    $a 2 $b 20240511 $c 1
099    $t LI $d 2024-05-11 $x 3 $c 2022-12-21
100    $a 20221124d2022    a  y0frey50      ba
101 1  $a fre $c eng
102    $a FR
105    $a ||||t   00|a|
106    $a r
181  0 $6 01 $a i  $b xxxe   $a b  $b xb2e  
181    $6 02 $c txt $c sti $2 rdacontent
182  0 $6 01 $a n
182    $6 02 $c n $2 rdamedia
200 1  $a L'intégrale du Sacré Père Noël $b Texte imprimé $f Raymond Briggs
210  0 $a Paris $c Grasset jeunesse $d DL 2022
214  0 $a Paris $c Grasset jeunesse $d DL 2022
214  3 $a impr. en Espagne
215    $a 1 vol. (non paginé [64] p.) $c ill. en coul. $d 26 cm
300    $a Trad. de l'anglais
300    $a Réunit : "Sacré Père Noël" ; "Les vacances du sacré Père Noël"
321    $a La Revue des livres pour enfants $x 0398-8384 $c 329
321    $a La Revue des livres pour enfants. Sélection annuelle $c 333
329    $c Coup de coeur ! $a Réunit Sacré Père Noël et Les vacances du Sacré Père Noël, parus initialement en 1974 et 1975 chez Grasset et un an plus tôt au Royaume-Uni... soit il y a cinquante ans ! Et ce sacré Raymond Briggs nous a malheureusement quittés le 9 août dernier à 84 ans. Ces deux titres sont quant à eux, devenus des classiques ! Ah qu'il est drôle ce Père Noël grincheux pas franchement ravi de quitter ses pantoufles en ce soir de 24 décembre. Et quand il prend des vacances, c'est encore pour râler contre ces sacrés Français pas fichus de préparer de vrais breakfasts, ce ne sera d'ailleurs pas mieux ailleurs. Des classiques qu'on ne peut pas non plus définir comme intemporels car quelques sacrées antennes de télévision risquent d'interloquer les enfants sans parler de la référence à ce sacré « alka-machin-chose » que cherche désespérément ce vieux ronchon après un repas bien trop copieux et surtout sacrément bien arrosé : quel éditeur aujourd'hui oserait mettre en scène un Père Noël porté sur la bouteille ? Réjouissant ! $d 20230301 $f BA $2 CNLJ $k Avis critique donné par le Centre national de la littérature pour la jeunesse
329    $a Réunit Sacré Père Noël et Les vacances du Sacré Père Noël. Ah ! Qu'il est drôle ce Père Noël grincheux, pas franchement ravi de quitter ses pantoufles en ce soir de 24 décembre. Et quand il prend des vacances, c'est encore pour râler contre ces sacrés Français (entre autres) pas fichus de préparer de vrais breakfasts. Ces deux titres, devenus des classiques, rompent définitivement avec l'image bien lisse des albums de Noël : quel éditeur aujourd'hui oserait mettre en scène un Père Noël porté sur la bouteille ? Réjouissant ! $d 20231101
330    $a Le Père Noël est grognon, il ne veut pas travailler le 24 décembre, surtout avec la neige et les rennes qu'il n'aime pas beaucoup. Il préférerait partir en vacances. Deux histoires initialement publiées dans les années 1970 réunies en un volume. ­Electre 2022
333    $a À partir de 3 ans $2 CNLJ $k Avis critique donné par le Centre national de la littérature pour la jeunesse
339    $a a
423  0 $t Sacré Père Noël
423  0 $t Les vacances du sacré Père Noel
608    $a Albums $2 CNLJ $k Avis critique donné par le Centre national de la littérature pour la jeunesse
686    $a 805 $2 Cadre de classement de la Bibliographie nationale française
700    $3 11894028 $9 6337 $o ISNI0000000121235392 $a Briggs $b Raymond $f 1934-2022 $4 070
801  0 $a FR $b FR-751131015 $c 20221124 $g AFNOR $h FRBNF471422920000006 $2 intermrc
999    $a FRBNF471422920000006
995    $0 0 $2 0 $4 0 $5 2022-12-22 $9 454821 $P 23.00 $b MED $c MED $e MED2C $f C2500030856 $h JABPFAF $k PE A/BRI $o 0 $p 23.00 $r PRETLIV $s PE_A_BRI $w 3 $y 2024-01-24

