02267cam1a2200589 i 4500
001 353180
003 http://www.mediathequederoubaix.fr/ark:/20179/KH353180
005 20240505030921.0
010    $a 9782401086166 $b br. $d 13,50 EUR
073  0 $a 9782401086166
090    $a 353180
100    $a 20220331d2022    e  |0frey5003||||ba
101 0  $a spa $a fre
102    $a FR
105    $a         0||y|
106    $a r
181  0 $6 01 $a i  $b xxxe  
181    $6 02 $c txt $2 rdacontent
182  0 $6 01 $a n
182    $6 02 $c n $2 rdamedia
183    $6 01 $a nga $2 rdafrcarrier
183    $6 02 $a nc $2 rdacarrier
200 1  $a L'espagnol de A à Z $b Texte imprimé $f Claude Mariani, Daniel Vassivière
205    $a Nouvelle édition
210    $a Paris $c Hatier $d 2022
211    $a 20220615
214  0 $a Paris $c Hatier $d 2022
215    $a 1 vol. (382 p.) $c illustrations en couleur $d 22 x 15 cm
225 2  $a De A à Z $x 1140-0048
300    $a Index
330    $a Méthode pratique et d'accès facile contenant l'essentiel de la grammaire espagnole. Elle comprend 300 fiches proposant chacune des explications, des exemples et des exercices corrigés, des tableaux de conjugaison et un lexique relatif au vocabulaire. ­Electre 2022
333    $a Lycée (Elèves)
345    $b 9782401086166
410  0 $0 34251425 $6 14354 $7 0196560000 $t De A à Z $x 1140-0048
686    $a T180803 $2 electre
686    $a GPAR007 $2 electre
686    $a PE0300 $2 electre
700  1 $3 12069589 $9 107627 $6 1276014 $7 9401131973 $a Mariani $b Claude $4 070
701  1 $3 12071553 $9 46120 $6 1333439 $7 9401200363 $a Vassivière $b Daniel $4 070
801  3 $a FR $b Electre $c 20220629 $g AFNOR
830    $a ELECTREA/ZF/CDE LANGUES 11/22 20221230
902    $a Enseignement secondaire - Lycée (Elèves) $b PE0300
903    $a Enseignement secondaire - Langues, littératures et cultures étrangères - Espagnol $b T180803
903    $a Parascolaire - Entraînement. Soutien $b GPAR007
921    $a 
939    $a 
947    $c 12.29 $a 13.50
969    $h  1 $a 1 $d  900
099    $t LI $d 2024-05-05 $c 2022-12-30
339    $a m
091    $a 2 $b 20240505 $c 0
995    $0 0 $2 0 $4 0 $5 2022-12-30 $9 455229 $b MED $c MED $e MED3A $f C25000309700977 $h ACFLALE $k ESP ABC $o 0 $p 13.50 $r PRETLIV $s ESP_ABC $w 0 $y 2022-12-30 $7  $8  $A  $m  $z 

