02111cam a2200457   4500
001 353281
003 http://www.mediathequederoubaix.fr/ark:/20179/KH353281
010    $a 978-2-08-020768-5 $b br. $d 5,95 EUR
020    $a FR $b 02235361
033    $a http://catalogue.bnf.fr/ark:/12148/cb47000944j
035    $a FRBNF470009440000000
073  0 $a 9782080207685
090    $a 353281
091    $a 2 $b 20240511 $c 1
099    $t LI $d 2024-05-11 $x 9 $c 2023-01-03
100    $a 20220404d2021    a  y0frey50      ba
101 0  $a fre
102    $a FR
105    $a ||||z   00|a|
106    $a r
181  0 $6 01 $a i  $b xxxe   $a b  $b xb2e  
181    $6 02 $c txt $c sti $2 rdacontent
182  0 $6 01 $a n
182    $6 02 $c n $2 rdamedia
200 1  $a Ne m'oubliez pas ! $b Texte imprimé $f Hubert Ben Kemoun $g [illustrations de] Sess
210  0 $a Paris $c Flammarion $d DL 2021
214  0 $a Paris $c Flammarion $d DL 2021
214  3 $a impr. en Espagne
215    $a 1 vol. (46 p.) $c ill. en coul. $d 20 cm
225 19 $a L'école de la rue qui monte $v 5
225    $a Castor romans
330    $a Clémentine en a assez d'être toujours oubliée et inexistante aux yeux des autres. Mais grâce à ses talents informatiques, son frère lui donne une bonne idée pour sortir enfin de l'ombre. Il lui réalise de fausses photographies de stars dédicacées que la jeune fille offre à ses amis pour montrer qu'elle s'intéresse à eux. Elle se crée ainsi une petite place dans leur vie. ­Electre 2023
339    $a a
410  0 $0 45761302 $t Castor romans $x 2729-2193 $d 2021
461  0 $0 46878964 $t L'école de la rue qui monte $v 5
686    $a 809 $2 Cadre de classement de la Bibliographie nationale française
700    $3 12089695 $9 8242 $o ISNI0000000109390525 $a Ben Kemoun $b Hubert $f 1958-.... $4 070
702    $3 15515047 $9 121267 $o ISNI0000000054918475 $a Sess $f 1986-.... $4 440
801  0 $a FR $b FR-751131015 $c 20220404 $g AFNOR $h FRBNF470009440000000 $2 intermrc
999    $a FRBNF470009440000000
995    $0 0 $2 0 $4 0 $5 2023-01-20 $9 456293 $P 999999.99 $b MED $c MED $e MED2A $f C2500031056 $h JRORMZZ $k PRE R/BEN $o 0 $p 5.95 $r PRETLIV $s PRE_R_BEN $w 9 $y 2024-04-25

