02403cam a2200505   4500
001 353381
003 http://www.mediathequederoubaix.fr/ark:/20179/KH353381
010    $a 978-2-09-249245-1 $b rel. $d 8,95 EUR
020    $a FR $b 02146881
033    $a http://catalogue.bnf.fr/ark:/12148/cb46831350x
035    $a FRBNF468313500000000
073  0 $a 9782092492451
090    $a 353381
091    $a 2 $b 20240511 $c 1
099    $t LI $d 2024-05-11 $c 2023-01-04 $x 1
100    $a 20210708d2021    a  y0frey50      ba
101 0  $a fre
102    $a FR
105    $a ||||z   00|y|
106    $a r
181  0 $6 01 $a i  $b xxxe   $a b  $b xb2e  
181    $6 02 $c txt $c sti $2 rdacontent
182  0 $6 01 $a n
182    $6 02 $c n $2 rdamedia
200 1  $a Passion minéraux $b Texte imprimé $f écrit par Didier Nectoux,... $g illustré par Katerina Bazantova Boudriot
210  0 $a Paris $c Nathan Pôle jeunesse $d DL 2021
214  0 $a Paris $c Nathan $d DL 2021
214  3 $a 85-Luçon $c Impr. Pollina
215    $a 1 vol. (38 p.) $c ill. en coul. $d 29 cm
225    $a Questions ? Réponses! $i Dès 7 ans $v 55
329    $c Pourquoi pas ? $2 CNLJ $k Avis critique donné par le Centre national de la littérature pour la jeunesse
330    $a Des questions pour découvrir l'univers des minéraux : leur exploitation, le cycle des roches, les gisements de minéraux, entre autres. ­Electre 2023
333    $a À partir de 6 ans $2 CNLJ $k Avis critique donné par le Centre national de la littérature pour la jeunesse
339    $a a
410  0 $0 43770545 $t Questions ? Réponses !. 7+ $x 2553-4793 $v 55
606    $3 11938302 $9 7787 $a Minéraux $2 rameau
608    $3 12042408 $9 314947 $a Ouvrages pour la jeunesse $2 rameau
608    $a Documentaires : sciences et techniques $2 CNLJ $k Avis critique donné par le Centre national de la littérature pour la jeunesse
676    $a 549.083 $v 23
686    $a 550 $2 Cadre de classement de la Bibliographie nationale française
700    $3 16751348 $9 339946 $o ISNI0000000439801497 $a Nectoux $b Didier $4 070
702    $3 17805338 $9 339947 $o ISNI0000000504828195 $a Bazantova Boudriot $b Katerina $4 440
801  0 $a FR $b FR-751131015 $c 20210708 $g AFNOR $h FRBNF468313500000000 $2 intermrc
999    $a FRBNF468313500000000
995    $0 0 $2 0 $3 0 $4 0 $5 2023-01-04 $9 455465 $P 7.80 $b MED $c MED $e MED0A $f C3500017630 $h JDT50ZZ $k EXT E/550 GEO $n 2024-07-11 $o 0 $p 7.80 $r PRETLIV $s EXT_E_550_000000000000000_GEO $w 1 $y 2023-09-22 $A 0

