01114nam a2200265   4500
001 353482
003 http://www.mediathequederoubaix.fr/ark:/20179/KH353482
035 00 $a HZ_RBX100867
090    $a 353482
091    $a 0
099    $t LI $c 2014-06-30 $d 2023-01-17 $x 0
100    $a 19       1944    m||y0frey5003    ba
101    $a fre
200    $a Le Roman de Tristan et Iseut   $f renouvelé par Joseph Bédier $g ill. de Robert Engels
210    $a Paris $c L'édition d'art H. Piazza $d 1944
215    $a 196 p. $d 24 cm $c ill. en noir et en coul.
300    $a Don de Madame Claire Remouan-Carton, décembre 2022 
300    $a Ex-libris ms de Fernand Carton
339    $a m
702    $4 320 $9 340005 $a Remouan-Carton $b Claire
702    $4 010 $9 37470 $a Bédier $b Joseph $f 1864-1938
702    $4 440 $9 340022 $a Engels $b Robert $f 1886-1926
801  0 $a FR $b 595126101 $c 20070903 $g AFNOR
930    $5 595126101:C0002024327 $b 595126101 $a MAG L/P 8/108 412 $e Fonds patrimonial
995    $0 0 $2 0 $4 0 $5 2023-01-17 $9 455939 $b MED $c MED $e MED3I $f C0006067434 $h PPEFGZZ $k MAG L/P 8/119 091 $o 2 $r PRETLIV $s MAG_L_P_8_119000000000000_091 $w 0 $y 2023-01-17 $7  $8  $A  $m  $z 

