02101cam1a2200529 i 4500
001 353584
003 http://www.mediathequederoubaix.fr/ark:/20179/KH353584
005 20240514034435.0
010    $a 9782021470574 $b br. $d 18 EUR
073  0 $a 9782021470574
090    $a 353584
100    $a 20220114d2022    |  |0frey5003||||ba
101 0  $a fre
102    $a FR
105    $a         0||a|
106    $a r
181  0 $6 01 $a i  $b xxxe  
181    $6 02 $c txt $2 rdacontent
182  0 $6 01 $a n
182    $6 02 $c n $2 rdamedia
183    $6 01 $a nga $2 rdafrcarrier
183    $6 02 $a nc $2 rdacarrier
200 1  $a Vivre à ta lumière $b Texte imprimé $e roman $f Abdellah Taïa
210    $a Paris $c Seuil $d 2022
211    $a 20220304
214  0 $a Paris $c Seuil $d 2022
215    $a 1 vol. (202 p.) $d 21 x 14 cm
225 2  $a Cadre rouge
330    $a Inspirée par la vie de la mère de l'auteur, l'histoire d'une femme marocaine à trois moments décisifs de sa vie et de son pays, entre 1954 et 1999. Son premier mari est envoyé par les Français combattre en Indochine. Dans les années 1960, elle fait tout pour que sa fille ne devienne pas servante chez un colon. La veille de la mort d'Hassan II, elle est menacée de mort par un jeune cambrioleur. ­Electre 2023
345    $b 9782021470574
410  0 $6 46999 $7 4366230000 $t Cadre rouge
676    $a AN843 $v 23
686    $a T321002 $2 electre
686    $a GLFC001 $2 electre
700  1 $3 13578549 $9 87070 $6 19758 $7 2000390088 $a Taïa $b Abdellah $f 1973-.... $4 070
801  3 $a FR $b Electre $c 20220422 $g AFNOR
830    $a ELECTREX-MA/LIT/ML/2301/LIT1 20230118
903    $a Littérature moderne et contemporaine - Romans - Romans $b T321002
903    $a Littérature française contemporaine - Texte en langue originale $b GLFC001
921    $a isabelle
939    $a 
947    $c 16.38 $a 18.00
969    $h  1 $a 1 $d  900
099    $t LI $d 2024-05-14 $x 11 $c 2023-01-18
339    $a m
091    $a 2 $b 20240514 $c 0
995    $0 0 $2 0 $4 0 $5 2023-01-18 $9 456163 $b MED $c MED $e MED1A $f C1400015549 $h ALTROZZ $k R/TAI $o 0 $p 18.00 $r PRETLIV $s R_TAI $w 11 $y 2024-02-06

