01356ncm a22002053  4500
001 353687
003 http://www.mediathequederoubaix.fr/ark:/20179/KH353687
073    $a 9790231102789
090    $a 353687
091    $a 0
099    $t PA $d 2023-09-21 $x 3 $c 2023-01-24
100    $a 20230124d1998    u||y0frey50      ba
101    $a fre
200    $a Emilie Jolie $b Mus. imprimée $e un conte musical $f de Philippe Chatel
210    $a Paris $c Musicom S.A. $d 1998
215    $a 75 p. $d 30 cm
327    $a Chanson de la petite fille dans la chambre vide $a Chanson de la compagnie des lapins bleus $a Chanson d' Émilie Jolie et du grand oiseau $a Chanson de l'autruche $a Chanson de la sorcière $a Chanson des baleines de parapluie $a Reprise de la Chanson de la compagnie des lapins bleus $a Chanson du hérisson $a Chanson de l'horloge d' Émilie Jolie $a Chanson de l'extra-terrestre $a Chanson du petit caillou $a Duo de l'horloge et de la sorcière $a Chanson du coq et de l'âne $a Chanson de la petite fleur triste $a Chanson du loup $a Chanson du raton-laveur rêveur $a Chanson du début de la fin $a Chanson du Prince charmant débutant $a Chanson finale
700    $9 268571 $a Chatel $b Philippe $f 1948-2021
801    $a FR $b 595126101 $c 20230124 $g AFNOR
995    $0 0 $2 0 $4 0 $5 2023-01-24 $9 456345 $b MED $c MED $e MED1A $f C0002744422 $h AMV50ZZ $k PA/510 EMI $o 0 $r PRETPAR $s PA_510_000000000000000_EMI $w 3 $y 2023-10-31 $7  $8  $A  $m  $z 

