02147cam1a2200529 i 4500
001 353794
003 http://www.mediathequederoubaix.fr/ark:/20179/KH353794
005 20240511052926.0
010    $a 9782226479693 $b br. $d 22,90 EUR
073  0 $a 9782226479693
090    $a 353794
100    $a 20221003d2023    |  |0frey5003||||ba
101 0  $a fre
102    $a FR
105    $a b       0||a|
106    $a r
181  0 $6 01 $a i  $b xxxe  
181    $6 02 $c txt $2 rdacontent
182  0 $6 01 $a n
182    $6 02 $c n $2 rdamedia
183    $6 01 $a nga $2 rdafrcarrier
183    $6 02 $a nc $2 rdacarrier
200 1  $a Morgane Pendragon $b Texte imprimé $e roman $f Jean-Laurent Del Socorro
210    $a Paris $c Albin Michel $d 2023
211    $a 20230118
214  0 $a Paris $c Albin Michel $d 2023
215    $a 1 vol. (355 p.) $c illustrations en noir et blanc, cartes $d 22 x 15 cm
225 2  $a Imaginaire
330    $a Au début du VIIe siècle, Morgane Pendragon réussit à extraire l'épée de son père Uther du rocher. Désormais reine de Logres, elle mène plusieurs guerres pour prouver sa légitimité et protéger la religion de ses parents contre l'expansion du christianisme. Aidée par son amant Arthur et par le druide Merlin, Morgane est victime d'une grave trahison. ­Electre 2023
345    $b 9782226479693
410  0 $6 350380 $t Imaginaire
676    $a 843 $v 23
686    $a T321011 $2 electre
686    $a GLFC001 $2 electre
700  1 $3 16964205 $9 306698 $6 11402949 $a Del Socorro $b Jean-Laurent $f 1977-.... $4 070
801  3 $a FR $b Electre $c 20230120 $g AFNOR
830    $a ELECTREX-MA/LIT/ML/2302/Lit2 20230208
903    $a Littérature moderne et contemporaine - Romans - Fantastique/Fantasy (romans ou nouvelles) $b T321011
903    $a Littérature française contemporaine - Texte en langue originale $b GLFC001
921    $a SUGG FAN
939    $a 
947    $c 20.84 $a 22.90
969    $h  1 $a 1 $d  900
099    $t LI $d 2024-05-11 $c 2023-02-08 $x 9
339    $a m
091    $a 2 $b 20240511 $c 0
995    $0 0 $2 0 $4 0 $5 2023-02-08 $9 456661 $b MED $c MED $e MED1A $f C1400015748 $h ALTIGFA $k FAN/DEL $o 0 $p 22.90 $r PRETLIV $s FAN_DEL $w 9 $y 2024-04-24

