02306cam a2200481   4500
001 353894
003 http://www.mediathequederoubaix.fr/ark:/20179/KH353894
010    $a 978-2-07-293674-6 $b br. $d 8,60 EUR
020    $a FR $b 02216117
033    $a http://catalogue.bnf.fr/ark:/12148/cb46898659s
035    $a FRBNF468986590000006
073  0 $a 9782072936746
090    $a 353894
091    $a 2 $b 20240514 $c 1
099    $t LI $d 2024-05-14 $x 7 $c 2023-02-10
100    $a 20211022d2021    m  y0frey50      ba
101 0  $a fre
102    $a FR
105    $a ||||z   00|y|
106    $a r
181  0 $6 01 $a i  $b xxxe  
181    $6 02 $c txt $2 rdacontent
182  0 $6 01 $a n
182    $6 02 $c n $2 rdamedia
200 1  $a 18.3 $b Texte imprimé $e une année à la PJ $f Pauline Guéna
210  0 $a [Paris] $c Gallimard $d DL 2021
214  0 $a [Paris] $c Gallimard $d DL 2021
214  3 $a 45-Malesherbes $c Maury impr.
215    $a 1 vol. (485 p.) $d 18 cm
225    $a Collection Folio $v 6990
330    $a L'auteure, romancière, a été stagiaire un an dans différents services de police : brigade criminelle, brigade des stupéfiants et brigade de répression du banditisme. Présente de jour comme de nuit, au commissariat comme sur les scènes de crime, pendant les interpellations, les interrogatoires et même à la morgue, elle témoigne ici sur le quotidien du crime et de ceux qui le combattent. ­Electre 2023
339    $a m
410  0 $0 34234540 $t Collection Folio $x 0768-0732 $v 6990
532 13 $a Dix-huit point trois : une année à la police judiciaire
606    $3 13318376 $9 6499 $a Police $3 11931476 $9 109 $y France $3 12432924 $9 2858 $z 1990-2020 $2 rameau
606    $3 13318985 $9 3301 $a Lutte contre la criminalité $3 11931476 $9 109 $y France $3 12432924 $9 2858 $z 1990-2020 $2 rameau
608    $3 11976851 $9 114 $a Récits personnels $2 rameau
676    $a 363.209 2 $v 23
686    $a 920 $2 Cadre de classement de la Bibliographie nationale française
700    $3 14607604 $9 104648 $o ISNI0000000049813898 $a Guéna $b Pauline $f 1976-.... $4 070
801  0 $a FR $b FR-751131015 $c 20211022 $g AFNOR $h FRBNF468986590000006 $2 intermrc
999    $a FRBNF468986590000006
995    $0 0 $2 0 $4 0 $5 2023-02-15 $9 456984 $b MED $c MED $e MED3A $f C2400004367 $h ACFSSZZ $k Doc./355 POL $o 0 $r PRETLIV $s DOC___355_000000000000000_POL $w 7 $y 2024-05-15 $7  $8  $A  $m  $z 

