02458cam a2200481   4500
001 354104
003 http://www.mediathequederoubaix.fr/ark:/20179/KH354104
010    $a 978-2-8189-9216-6 $b rel. $d 11,90 EUR
020    $a FR $b 02349273
033    $a http://catalogue.bnf.fr/ark:/12148/cb47178870c
035    $a FRBNF47178870000000X
073  0 $a 9782818992166
090    $a 354104
091    $a 2 $b 20240511 $c 1
099    $t LI $d 2024-05-15 $x 23 $c 2023-02-21
100    $a 20230201d2023    m  y0frey50      ba
101 0  $a fre
102    $a FR
105    $a ||||t   00|a|
106    $a r
181  0 $6 01 $a i  $b xxxe   $a b  $b xb2e  
181    $6 02 $c txt $c sti $2 rdacontent
182  0 $6 01 $a n
182    $6 02 $c n $2 rdamedia
200 1  $a Mandarine $e une semaine sur deux $h 2 $b Texte imprimé $f scénario, Sergio Salma $g dessin, Amelia Navarro
210  0 $a Charnay-lès-Mâcon $c Bamboo édition $d DL 2023
214  0 $a Charnay-lès-Mâcon $c Bamboo édition $d DL 2023
214  3 $a 91-Palaiseau $c Impr. PPO graphic
215    $a 1 vol. (46 p.) $c ill. en coul. $d 30 cm
329    $c Intéressant $2 CNLJ $k Avis critique donné par le Centre national de la littérature pour la jeunesse
330    $a Suite des aventures de Mandarine qui, depuis le divorce de ses parents, alterne une semaine en ville avec sa mère et une semaine à la campagne chez son père. Peu à peu, la jeune fille tente de s'habituer à cette nouvelle vie. ­Electre 2023
333    $a À partir de 9 ans $2 CNLJ $k Avis critique donné par le Centre national de la littérature pour la jeunesse
339    $a a
461  0 $0 46874585 $t Mandarine $v 2
608    $a Bandes dessinées $2 CNLJ $k Avis critique donné par le Centre national de la littérature pour la jeunesse
609    $9 4616 $a Enfants de divorcés
686    $a 805 $2 Cadre de classement de la Bibliographie nationale française
700    $3 12269396 $9 12647 $o ISNI0000000122809351 $a Salma $b Sergio $f 1960-.... $4 070
702    $3 17968461 $9 331291 $o ISNI0000000503777488 $a Navarro $b Amelia $f 1986-.... $4 440
801  0 $a FR $b FR-751131015 $c 20230201 $g AFNOR $h FRBNF47178870000000X $2 intermrc
999    $a FRBNF47178870000000X
995    $0 0 $2 0 $4 0 $5 2023-02-22 $9 457238 $P 11.90 $b MED $c MED $e MED2A $f C2500031319 $h JBDZZZZ $k E BD/SAL $n 2024-06-26 $o 0 $p 11.90 $r PRETLIV $s E_BD_SAL $w 22 $y 2024-05-15
995    $0 0 $2 0 $4 0 $5 2023-03-01 $9 457500 $P 11.90 $b MED $c MED $e MED0A $f C3500017767 $h JBDZZZZ $k EXT E BD/SAL $n 2024-07-13 $o 0 $p 11.90 $r PRETLIV $s EXT_E_BD_SAL $w 1 $y 2023-09-14

