01897cam1a22004451i 4500
001 354205
003 http://www.mediathequederoubaix.fr/ark:/20179/KH354205
005 20240514034607.0
010    $a 978-2-344-05503-8 $b cart. $d 19 EUR
073  0 $a 9782344055038
090    $a 354205
100    $a 20221014d2023    |  |0frey5003||||ba
101 0  $a fre
102    $a FR
105    $a     t   0||y|
106    $a r
181  0 $6 01 $a i  $b xxxe   $a b  $b xb2e  
181    $6 02 $c txt $c sti $2 rdacontent
182  0 $6 01 $a n
182    $6 02 $c n $2 rdamedia
183    $6 01 $a nga $2 rdafrcarrier
183    $6 02 $a nc $2 rdacarrier
200 1  $a Friday $b Texte imprimé $f scénario Ed Brubaker $g dessin Marcos Martin $g couleurs Muntsa Vicente
210    $a Grenoble $c Glénat $d 2023
211    $a 20230111
214  0 $a Grenoble $c Glénat $d 2023
215    $a 1 vol. (144 p.) $c illustrations en couleur $d 29 x 19 cm
300    $a Traduit de l'américain
330    $a Etudiante, Friday Fitzhugh retourne chez ses parents à Kings Hill pour les vacances de Noël. Elle y retrouve Lancelot Jones, son meilleur ami, avec qui elle passait son enfance à élucider des mystères en tout genre. Il l'embarque dans une nouvelle aventure afin de faire la lumière sur une étrange apparition survenue dans les bois environnants. ­Electre 2023
345    $b 9782344055038
676    $a 741.56 $v 23
686    $a T090500 $2 electre
700  1 $3 14594679 $9 98293 $6 180520 $7 2005270058 $a Brubaker $b Ed $f 1966-.... $4 070
701  1 $3 15750191 $9 306620 $6 1130401 $7 2008220268 $a Martin $b Marcos $4 440
702  1 $6 11459509 $a Vicente $b Muntsa $4 410
801  3 $a FR $b Electre $c 20230113 $g AFNOR
099    $t LI $d 2024-05-14 $c 2023-02-22 $x 14
339    $a m
091    $a 2 $b 20240514 $c 0
995    $0 0 $2 0 $4 0 $5 2023-02-23 $9 457261 $b MED $c MED $e MED0C $f C2300013692 $h AAPBDCM $k BD COMICS/BRU $n 2024-05-10 $o 0 $p 18.00 $r PRETLIV $s BD_COMICS_BRU $w 14 $y 2024-04-19

