00902nam a2200217   4500
001 354305
003 http://www.mediathequederoubaix.fr/ark:/20179/KH354305
010    $a 2-7338-0054-X
090    $a 354305
091    $a 0
099    $t LI $d 2023-03-04
100    $a 20230304d1982    m||y0frey50      ba
101    $a fre
200    $a L'Encyclopédie en bandes dessinées  $f sous la direction de Philippe Auzou $g scénario de Jean-Gérard Imbar $h Tome IX $i Ordinateurs et informatique
210    $a Paris $c P. Auzou $d 1982
215    $a Non paginé $c ill. en coul. $d 30 cm
606    $9 1694 $a Informatique $x Bandes dessinées
702    $4 651 $9 85699 $a Auzou $b Philippe
702    $4 690 $9 340405 $a Imbar $b Jean-Gérard 
801    $a FR $b 595126101 $c 20230304 $g AFNOR
995    $0 0 $2 0 $4 0 $5 2023-03-04 $9 457710 $b MED $c MED $e MED3J $f C0006066130 $h PPEFGZZ $k MAG L/P 4/212 162 $o 2 $r PRETLIV $s MAG_L_P_4_212000000000000_162 $w 0 $y 2023-03-04 $7  $8  $A  $m  $z 

