02318cam1a2200577 i 4500
001 354407
003 http://www.mediathequederoubaix.fr/ark:/20179/KH354407
005 20240505030940.0
010    $a 9782378800314 $b br. $d 22,90 EUR
073  0 $a 9782378800314
090    $a 354407
100    $a 20180717d2018    m  |0frey5003||||ba
101 0  $a fre
102    $a FR
105    $a         0||z|
106    $a r
181  0 $6 01 $a i  $b xxxe  
181    $6 02 $c txt $2 rdacontent
182  0 $6 01 $a n
182    $6 02 $c n $2 rdamedia
183    $6 01 $a nga $2 rdafrcarrier
183    $6 02 $a nc $2 rdacarrier
200 1  $a L'arrière-pays de Christian Bobin $b Texte imprimé $e les êtres, les lieux, les livres qui l'inspirent $f Dominique Pagnier $g préface de Lydie Dattas
210    $a Paris $c l'Iconoclaste $d 2018
211    $a 20181003
214  0 $a Paris $c l'Iconoclaste $d 2018
215    $a 1 vol. (287 p.) $c illustrations en noir et en couleur $d 22 x 16 cm
330    $a A travers les archives et carnets personnels de C. Bobin, ce récit mêle les éléments biographiques et les sources d'inspiration de cet auteur secret. ­Electre 2023
333    $a Tout public
345    $b 9782378800314
600  1 $3 11892471 $9 1699 $a Bobin $b Christian $f 1951-2022 $2 rameau
676    $a 840.900 914 $v 23
686    $a T290205 $2 electre
686    $a GDOC001 $2 electre
686    $a PG0100 $2 electre
700  1 $3 11918409 $9 340484 $6 1292836 $7 9401152008 $a Pagnier $b Dominique $f 1951-.... $4 070
701  1 $3 11892471 $9 1699 $6 1185707 $7 9401021483 $a Bobin $b Christian $f 1951-2022 $4 070
702  1 $3 12174793 $9 20140 $6 1210527 $7 9401052738 $a Dattas $b Lydie $f 1949-.... $4 080
801  3 $a FR $b Electre $c 20221231 $g AFNOR
830    $a ELECTREX-MA/LIT/ML/2303/Lit3 20230311
902    $a Grand public - Tout public $b PG0100
903    $a Littérature - Histoire de la littérature - Littérature contemporaine (20e et 21e siècles) $b T290205
903    $a Documents, essais - Biographies $b GDOC001
921    $a X0002180182
939    $a 
947    $c 20.84 $a 22.90
969    $h  1 $a 1 $d  900
099    $t LI $d 2024-05-05 $c 2023-03-11 $x 8
339    $a m
091    $a 2 $b 20240505 $c 0
995    $0 0 $2 0 $4 0 $5 2023-03-11 $9 457874 $b MED $c MED $e MED1A $f C1400015804 $h ALTDCZZ $k Doc./840.20 BOB $o 0 $p 22.90 $r PRETLIV $s DOC___840_200000000000000_BOB $w 8 $y 2024-02-14

