02305cam1a22005411i 4500
001 354507
003 http://www.mediathequederoubaix.fr/ark:/20179/KH354507
005 20240511053041.0
010    $a 979-10-95630-60-9 $b br. $d 25 EUR
073  0 $a 9791095630609
090    $a 354507
100    $a 20220923d2023    m  |0frey5003||||ba
101 1  $a fre $c ger
102    $a FR
105    $a         0||y|
106    $a r
181  0 $6 01 $a i  $b xxxe  
181    $6 02 $c txt $2 rdacontent
182  0 $6 01 $a n
182    $6 02 $c n $2 rdamedia
183    $6 01 $a nga $2 rdafrcarrier
183    $6 02 $a nc $2 rdacarrier
200 1  $a Ceci n'est pas un atlas $b Texte imprimé $e la cartographie comme outil de luttes $e 21 exemples à travers le monde $f Collectif Orangotango+ $g traduit par Nepthys Zwer
210    $a Rennes $c Editions du commun $d 2023
211    $a 20230224
214  0 $a Rennes $c Editions du commun $d 2023
215    $a 1 vol. (350 p.) $c cartes $d 23 x 25 cm
222    $a 
330    $a A la différence de la cartographie traditionnelle, la contre-cartographie rend compte des inégalités de conditions de vie et de droits, de la destruction des habitats par l'agro-industrie et l'industrie extractive, de la monopolisation des terres, entre autres. 21 exemples démontrent combien la cartographie critique peut être un outil de lutte et de mobilisation. ­Electre 2023
333    $a Tout public
345    $b 9791095630609
676    $a 912 $v 23 $a 
686    $a T380201 $2 electre
686    $a GDOC002 $2 electre
686    $a PG0100 $2 electre
702  1 $3 17771675 $9 340560 $6 12016888 $a Zwer $b Nepthys $f 1962-.... $4 730
710 02 $6 2335415 $a Collectif Orangotango $4 070
801  3 $a FR $b Electre $c 20230301 $g AFNOR
830    $a ELECTREA/CI/2023 Mars Loisirs Vie Pratique 20230314
902    $a Grand public - Tout public $b PG0100
903    $a Pays et peuples - Le monde d'aujourd'hui, descriptions et voyages - Monde $b T380201
903    $a Documents, essais - Documents $b GDOC002
947    $c 22.75 $a 25.00
969    $h  1 $a 1 $d  900
099    $t LI $d 2024-05-11 $c 2023-03-14 $x 4
339    $a m
091    $a 2 $b 20240511 $c 0
995    $0 0 $2 0 $4 0 $5 2023-03-24 $9 458398 $b MED $c MED $e MED1A $f C1400016017 $h AAPPLGO $k Doc./900 ATL $l + un livret $o 0 $p 25.00 $r PRETLIV $s DOC___900_000000000000000_ATL $w 4 $y 2024-03-27

