02415cam2a2200541 i 4500
001 354608
003 http://www.mediathequederoubaix.fr/ark:/20179/KH354608
005 20240511053102.0
010    $a 978-2-09-501531-2 $b br. $d 10,95 EUR
073  0 $a 9782095015312
090    $a 354608
100    $a 20221017d2023    d  |0frey5003||||ba
101 0  $a fre
102    $a FR
105    $a         0||y|
106    $a r
181  0 $6 01 $a i  $b xxxe  
181    $6 02 $c txt $2 rdacontent
182  0 $6 01 $a n
182    $6 02 $c n $2 rdamedia
183    $6 01 $a nga $2 rdafrcarrier
183    $6 02 $a nc $2 rdacarrier
200 1  $a Les derniers barbares $b Texte imprimé $f Chrysostome Gourio $g illustré par Joëlle Dreidemy
210    $a Paris $c Nathan Jeunesse $d 2023
211    $a 20230202
214  0 $a Paris $c Nathan Jeunesse $d 2023
215    $a 1 vol. (117 p.) $c illustrations en noir et blanc $d 21 x 14 cm
225 1  $a Le village sauve qui peut $v 3
225 2  $a Grand format
330    $a Après qu'un article calomnieux a vidé le Bar-bar de ses clients, un mystérieux homme d'affaires propose au grand-père de Younès de racheter le café. Accompagné de Margo, Alione et Ulysse, le jeune garçon tente de déjouer les plans machiavéliques de ­Electre 2023
333    $a A partir de 9 ans
345    $b 9782095015312
410  0 $6 46278 $7 4359050000 $t Grand format
461  0 $6 373976 $t Le village sauve qui peut $v 3
686    $a J000607 $2 electre
686    $a GJEU013 $2 electre
686    $a PJ0401 $2 electre
700  1 $3 14432322 $9 269077 $6 137831 $7 2002350247 $a Gourio $b Chrysostome $f 1970-.... $4 070
702  1 $3 14629189 $9 112922 $6 172045 $7 2005010108 $a Dreidemy $b Joëlle $f 1980-.... $4 440
801  3 $a FR $b Electre $c 20230308 $g AFNOR
830    $a ELECTREJ/Commande roman Tiph 20230314
856 4  $u https://www.electre.com/GetBlob.ashx?Ean=9782095015312,0-9199921&Size=Original
099    $t LI $d 2024-05-11 $c 2023-03-14 $x 7
339    $a a
091    $a 2 $b 20240511 $c 0
995    $0 0 $2 0 $4 0 $5 2023-03-15 $9 458057 $P 10.95 $b MED $c MED $e MED2A $f C2500031480 $h JROROZZ $k E R/GOU $o 0 $p 10.95 $r PRETLIV $s E_R_GOU $w 3 $y 2024-04-27
995    $0 0 $2 0 $4 0 $5 2023-04-04 $9 459098 $P 10.95 $b MED $c MED $e MED2A $f C2500032112 $h JROROZZ $k E R/GOU $o 0 $p 10.95 $r PRETLIV $s E_R_GOU $w 3 $y 2023-10-14
995    $0 0 $2 0 $4 0 $5 2023-04-26 $9 459715 $P 10.95 $b MED $c MED $e MED0A $f C3500017851 $h JROROZZ $k EXT E R/GOU $n 2024-07-12 $o 0 $p 10.95 $r PRETLIV $s EXT_E_R_GOU $w 1 $y 2023-09-02

