02064cam1a22005291i 4500
001 354711
003 http://www.mediathequederoubaix.fr/ark:/20179/KH354711
005 20240514035145.0
010    $a 979-10-395-2316-5 $b cart. $d 10,95 EUR
073  0 $a 9791039523165
090    $a 354711
100    $a 20230119d2023    b  |0frey5003||||ba
101 0  $a fre
102    $a FR
105    $a         0||y|
106    $a r
181  0 $6 01 $a i  $b xxxe   $a b  $b xb2e  
181    $6 02 $c txt $c sti $2 rdacontent
182  0 $6 01 $a n
182    $6 02 $c n $2 rdamedia
183    $6 01 $a nga $2 rdafrcarrier
183    $6 02 $a nc $2 rdacarrier
200 1  $a Le loup qui avait perdu sa langue $b Texte imprimé $f Orianne Lallemand $g illustrations Eléonore Thuillier
210    $a Paris $c Auzou $d 2023
211    $a 20230310
214  0 $a Paris $c Auzou $d 2023
215    $a 1 vol. (32 p.) $c illustrations en couleur $d 25 x 25 cm
225 2  $a Mes grands albums $x 2272-1711
225 2  $a Loup
330    $a Un jour, en se réveillant, Loup ne peut plus parler. Il a beau essayé, plus aucun son ne sort de sa bouche. Des premières lettres aux premiers mots, il doit réapprendre à s'exprimer. ­Electre 2023
333    $a A partir de 3 ans
345    $b 9791039523165
410  0 $6 294347 $t Mes grands albums $x 2272-1711
410  0 $6 309936 $t Loup
686    $a J000101 $2 electre
686    $a GJEU002 $2 electre
686    $a GJEU013 $2 electre
686    $a PJ0201 $2 electre
700  1 $3 14530793 $9 91992 $6 119855 $7 2001240030 $a Lallemand $b Orianne $f 1972-.... $4 070
701  1 $3 15982617 $9 108696 $6 1137962 $7 2008440372 $a Thuillier $b Eléonore $f 1979-.... $4 440
801  3 $a FR $b Electre $c 20230310 $g AFNOR
830    $a ELECTREJ/office mars23 20230317
856 4  $u https://www.electre.com/GetBlob.ashx?Ean=9791039523165,0-9684373&Size=Original
099    $t LI $c 2023-03-17 $d 2024-05-14 $x 14
339    $a a
091    $a 2 $b 20240514 $c 0
995    $0 0 $2 0 $4 0 $5 2023-03-25 $9 458531 $P 10.95 $b MED $c MED $e MED2A $f C2500031879 $h JABPFAF $k PE A/THU $n 2024-05-25 $o 0 $p 10.95 $r PRETLIV $s PE_A_THU $w 14 $y 2024-05-04

