02345cam a2200481   4500
001 354811
003 http://www.mediathequederoubaix.fr/ark:/20179/KH354811
010    $a 978-2-266-21064-5 $b br. $d 5,20 EUR
020    $a FR $b 01346984
033    $a http://catalogue.bnf.fr/ark:/12148/cb436396638
035    $a FRBNF436396630000000
073  0 $a 9782266210645
090    $a 354811
091    $a 2 $b 20240517 $c 1
099    $t LI $c 2023-03-21 $d 2024-05-17 $x 12
100    $a 20130724d2013    a  y0frey50      ba
101 1  $a fre $c eng
102    $a FR
105    $a ||||t   00|a|
106    $a r
181  0 $6 01 $a i  $b xxxe   $a b  $b xb2e  
181    $6 02 $c txt $c sti $2 rdacontent
182  0 $6 01 $a n
182    $6 02 $c n $2 rdamedia
200 1  $a Le retour du guerrier $b Texte imprimé $f écrit par Dan Jolley $g et illustré par James L. Barry $g créé par Erin Hunter $g traduit de l'anglais par Aude Carlier
210    $a Paris $c Pocket jeunesse $d impr. 2013 $e 27-Évreux $g Impr. Hérissey
215    $a 1 vol. (92 p.) $c ill., couv. ill. en coul. $d 18 cm
225 19 $a La guerre des clans $v 3
225    $a Pocket jeunesse $v J2313
330    $a Plume Grise et Millie ont finalement trouvé l'ancien territoire du Clan du Tonnerre. Mais leur forêt a été entièrement dévastée et il n'y a plus aucun chat. Les deux compagnons doivent poursuivre leur route, coûte que coûte, sans savoir dans quelle direction aller. ­Electre 2023
339    $a a
410  0 $0 36131984 $t Pocket jeunesse $x 1285-6339 $v 2313
454  1 $t Warrior's return
461  0 $0 44404649 $t La guerre des clans $v 3
608    $a Romans $2 CNLJ $k Avis critique donné par le Centre national de la littérature pour la jeunesse
686    $a 805 $2 Cadre de classement de la Bibliographie nationale française
700    $3 14492559 $9 111314 $o ISNI0000000109505150 $a Jolley $b Dan $4 070
702    $3 16707415 $9 340654 $o ISNI0000000055563661 $a Barry $b James L. $4 440
702    $3 14615990 $9 109072 $o ISNI0000000458754956 $a Hunter $b Erin $4 100
702    $3 14632634 $9 96372 $o ISNI0000000000962112 $a Carlier $b Aude $4 730
801  0 $a FR $b FR-751131015 $c 20130724 $g AFNOR $h FRBNF436396630000000 $2 intermrc
999    $a FRBNF436396630000000
995    $0 0 $2 0 $4 0 $5 2023-03-24 $9 458353 $P 5.90 $b MED $c MED $e MED2A $f C2500031722 $h JBDSRZZ $k E BD/SERIES $n 2024-05-23 $o 0 $p 5.90 $r PRETLIV $s E_BD_SERIES $w 12 $y 2024-05-02 $7  $8  $A  $m  $z 

