00898njm a2200217   4500
001 354924
003 http://www.mediathequederoubaix.fr/ark:/20179/KH354924
071    $a C.M. 3-67 $b Sonotec
090    $a 354924
091    $a 0
099    $t DV $c 2023-03-25 $d 2023-03-31
100    $a 20230325d1960    u||y0frey50      ba
101    $a fre
200    $a Soeur Monique $e Enr. sonore $f Carillon de Maubeuge $g Alfred Drapier, carillonneur
210    $c Sonotec $d [s.d.]
215    $a 1 disque $c 45 t. $d 17 cm
327    $a Aussi : La gavotte des vers luisants $a Face 2 : La Mabusienne $a Variations sur "Le carnaval de Venise"
702    $9 340752 $a Drapier $b Alfred $c Carillonneur de Maubeuge
710    $9 340751 $a Carillon de Maubeuge
801    $a FR $b 595126101 $c 20230325 $g AFNOR
995    $0 0 $2 0 $4 0 $5 2023-03-25 $9 458461 $b MED $c MED $e MED3C $f C3100011341 $h PENRSZZ $k FLRSON 17/5054 $o 2 $r PRETSON $s FLRSON_17_505400000000000 $w 0 $y 2023-03-25

