01662cam1a22004571i 4500
001 355027
003 http://www.mediathequederoubaix.fr/ark:/20179/KH355027
005 20240511053536.0
010    $a 978-2-87542-278-1 $b br. $d 22 EUR
073  0 $a 9782875422781
090    $a 355027
100    $a 20221108d2023    m  |0frey5003||||ba
101 0  $a fre
102    $a BE
105    $a         0||y|
106    $a r
181  0 $6 01 $a i  $b xxxe  
181    $6 02 $c txt $2 rdacontent
182  0 $6 01 $a n
182    $6 02 $c n $2 rdamedia
183    $6 01 $a nga $2 rdafrcarrier
183    $6 02 $a nc $2 rdacarrier
200 1  $a Nom de Zeus ! $b Texte imprimé $e les folles aventures des dieux et héros grecs $f Alain Van den Abeele
210    $a Waterloo (Belgique) $c Editions Luc Pire $d 2023
211    $a 20230124
214  0 $a Waterloo (Belgique) $c Editions Luc Pire $d 2023
215    $a 1 vol. (224 p.) $d 22 x 14 cm
330    $a Un tour d'horizon de la mythologie grecque présentant ses dieux, ses héros et les grands épisodes de leurs aventures. ­Electre 2023
333    $a Tout public
345    $b 9782875422781
676    $a 292.08 $v 23
686    $a T450204 $2 electre
686    $a GDOC002 $2 electre
686    $a PG0100 $2 electre
700  1 $3 11927559 $9 340709 $6 1332193 $7 9401198946 $a Van den Abeele $b Alain $4 070
801  3 $a FR $b Electre $c 20230201 $g AFNOR
830    $a ELECTREA/MA/ASD/2303/Office mars 20230329
099    $t LI $c 2023-03-29 $d 2024-05-11 $x 1
339    $a m
091    $a 2 $b 20240511 $c 0
995    $0 0 $2 0 $4 0 $5 2023-04-04 $9 459115 $b MED $c MED $e MED3A $f C2400004450 $h ACFREZZ $k Doc./280 MYT $o 0 $r PRETLIV $s DOC___280_000000000000000_MYT $w 1 $y 2023-05-30 $7  $8  $A  $m  $z 

