02062cam1a2200493 i 4500
001 355129
003 http://www.mediathequederoubaix.fr/ark:/20179/KH355129
005 20240511053555.0
010    $a 979-10-214-0799-2 $b br. $d 9,95 EUR
073  0 $a 9791021407992
090    $a 355129
100    $a 20220928d2023    d  |0frey5003||||ba
101 0  $a fre
102    $a FR
105    $a         0||y|
106    $a r
181  0 $6 01 $a i  $b xxxe  
181    $6 02 $c txt $2 rdacontent
182  0 $6 01 $a n
182    $6 02 $c n $2 rdamedia
183    $6 01 $a nga $2 rdafrcarrier
183    $6 02 $a nc $2 rdacarrier
200 1  $a Achille $b Texte imprimé $f Sabine du Faÿ
210    $a Paris $c Oskar éditeur $d 2023
211    $a 20230216
214  0 $a Paris $c Oskar éditeur $d 2023
215    $a 1 vol. (88 p.) $d 20 x 13 cm
225 2  $a Premiers romans
330    $a Entre des parents aventuriers et une grand-mère un brin loufoque, Oscar mène une vie peu ordinaire. Le jour où il arrive à l'école accompagné d'Achille, un petit dragon originaire de Patagonie, les gens ont peur ou se moquent de lui. De plus, le garde-chasse cherche par tous les moyens à se débarrasser d'Achille. ­Electre 2023
333    $a A partir de 9 ans
345    $b 9791021407992
410  0 $6 305865 $t Premiers romans
686    $a J000603 $2 electre
686    $a GJEU013 $2 electre
686    $a PJ0401 $2 electre
700  1 $3 15056201 $9 88098 $6 188579 $7 2006020228 $a Du Faÿ $b Sabine $f 1962-.... $4 070
801  3 $a FR $b Electre $c 20230224 $g AFNOR
830    $a ELECTREJEU/RomansOfficeMars 20230330
856 4  $u https://www.electre.com/GetBlob.ashx?Ean=9791021407992,0-9111752&Size=Original
099    $t LI $c 2023-03-30 $d 2024-05-11 $x 5
339    $a a
091    $a 2 $b 20240511 $c 0
995    $0 0 $2 0 $4 0 $5 2023-04-04 $9 459094 $P 9.95 $b MED $c MED $e MED2A $f C2500032116 $h JROROZZ $k E R/FAY $n 2024-06-11 $o 0 $p 9.95 $r PRETLIV $s E_R_FAY $w 4 $y 2024-04-30
995    $0 0 $2 0 $4 0 $5 2023-04-26 $9 459713 $P 9.95 $b MED $c MED $e MED0A $f C3500017847 $h JROROZZ $k EXT E R/DUF $n 2024-07-10 $o 0 $p 9.95 $r PRETLIV $s EXT_E_R_DUF $w 1 $y 2023-09-19

