02053cam2a22004811i 4500
001 355229
003 http://www.mediathequederoubaix.fr/ark:/20179/KH355229
005 20240505031014.0
010    $a 2-8001-3482-8 $b cart. $d 12 EUR
035    $a ELC212194 $z 2004180358
073  0 $a 9782800134826
090    $a 355229
100    $a 20040504d2004    |  |0frey5003||||ba
101 0  $a fre
102    $a BE
105    $a     t   0||y|
106    $a r
181  0 $6 01 $a i  $b xxxe   $a b  $b xb2e  
181    $6 02 $c txt $c sti $2 rdacontent
182  0 $6 01 $a n
182    $6 02 $c n $2 rdamedia
183    $6 01 $a nga $2 rdafrcarrier
183    $6 02 $a nc $2 rdacarrier
200 1  $a La maison du Dr Zack $b Texte imprimé $f illustrations Renaud $g Jean Dufaux
210    $a Marcinelle (Belgique) $c Dupuis $d 2004
211    $a 20040623
214  0 $a Marcinelle (Belgique) $c Dupuis $d 2004
215    $a 1 vol. (48 p.) $c illustrations en couleur $d 30 x 22 cm
225 1  $a Jessica Blandy $v 2
225 2  $a Repérages $x 0773-4794
330    $a Le mystère s'épaissit autour du meurtre de Scott Mitchell. Gus Bomby, détective et ami de Jessica, est mis hors-jeu par Robby, le flic véreux, alors que le tueur continue son mortel compte à rebours. Chaque cadavre le rapproche inexorablement de la belle romancière, qui n'a plus qu'une solution : affronter ses ennemis et se jeter dans la gueule du loup, dans la maison du docteur Zack. ­Electre 2023
345    $b 9782800134826
410  0 $6 15383 $7 0211890000 $t Repérages $x 0773-4794
461  0 $6 88548 $t Jessica Blandy $v 2
676    $a 741.56 $v 23
686    $a T090200 $2 electre
700  0 $3 11921511 $9 308523 $6 1306125 $7 9401167544 $a Renaud $f 1936-.... $4 440
701  1 $3 12051726 $9 34711 $6 1219937 $7 9401063743 $a Dufaux $b Jean $f 1949-.... $4 070
801  3 $a FR $b Electre $c 20210120 $g AFNOR
099    $t LI $c 2023-04-04 $d 2024-05-05
339    $a m
091    $a 2 $b 20240505 $c 0
995    $0 0 $2 0 $4 0 $5 2023-04-04 $9 459075 $P 10.95 $b MED $c MED $e MED3H $f C0004206454 $h AAPBDSR $k BD/SERIES $o 0 $p 10.95 $r PRETLIV $s BD_SERIES $w 0 $y 2023-04-04 $7  $8  $A  $m  $z 

