02043cam1a22005651i 4500
001 355331
003 http://www.mediathequederoubaix.fr/ark:/20179/KH355331
005 20240514212025.0
010    $a 2070376001 $b br. $d 7,50 EUR
035    $a ELC695900 $z 8440000292
073  0 $a 9782070376001
090    $a 355331
100    $a 19940101d1984    |  |0frey5003||||ba
101 0  $a fre
102    $a FR
105    $a         0||a|
106    $a r
181  0 $6 01 $a i  $b xxxe  
181    $6 02 $c txt $2 rdacontent
182  0 $6 01 $a n
182    $6 02 $c n $2 rdamedia
183    $6 01 $a nga $2 rdafrcarrier
183    $6 02 $a nc $2 rdacarrier
200 1  $a Les armoires vides $b Texte imprimé $f Annie Ernaux
210    $a Paris $c Gallimard $d 1984
211    $a 19840101
214  0 $a Paris $c Gallimard $d 1984
215    $a 1 vol. (192 p.) $d 18 x 11 cm
225 2  $a Folio $x 0768-0732 $v 1600
330    $a Etudiante en lettres, l'auteure se remémore la période où affligée par sa famille de tous les vices, elle en vient à la détester et se trouve confrontée à l'expérience difficile de l'avortement. ­Electre 2023
345    $b 9782070376001
410  0 $0 34234540 $6 6663 $7 0098010000 $t Folio $x 0768-0732 $v 1600
676    $a 843 $v 23
686    $a T321002 $2 electre
686    $a GLFC001 $2 electre
686    $a GRPO000 $2 electre
700  1 $3 11901841 $9 799 $6 1223636 $7 9401068308 $a Ernaux $b Annie $f 1940-.... $4 070
801  3 $a FR $b Electre $c 20230221 $g AFNOR
830    $a ELECTREX-MA/LIT/ML/2304/Lit4 20230405
903    $a Littérature moderne et contemporaine - Romans - Romans $b T321002
903    $a Littérature française contemporaine - Texte en langue originale $b GLFC001
903    $a Rayon poche $b GRPO000
921    $a 
939    $a réassort R
947    $c 6.83 $a 7.50
969    $h  1 $a 1 $d  900
099    $t LI $c 2023-04-05 $d 2024-05-14 $x 12
339    $a m
091    $a 2 $b 20240505 $c 0
995    $0 0 $2 0 $4 0 $5 2023-04-05 $9 459142 $b MED $c MED $e MED1A $f C1400016437 $h ALTROZZ $k R/ERN $n 2024-06-25 $o 0 $p 7.50 $r PRETLIV $s R_ERN $w 12 $y 2024-05-14

