02643cam1a2200661 i 4500
001 355434
003 http://www.mediathequederoubaix.fr/ark:/20179/KH355434
005 20240511053628.0
010    $a 978-2-38492-043-3 $b br. $d 9,99 EUR
073  0 $a 9782384920433
090    $a 355434
100    $a 20221021d2023    m  |0frey5003||||ba
101 0  $a fre
102    $a FR
105    $a         0||y|
106    $a r
181  0 $6 01 $a i  $b xxxe   $a b  $b xb2e  
181    $6 02 $c txt $c sti $2 rdacontent
182  0 $6 01 $a n
182    $6 02 $c n $2 rdamedia
183    $6 01 $a nga $2 rdafrcarrier
183    $6 02 $a nc $2 rdacarrier
200 1  $a Dubrovnik, Split et la côte dalmate en quelques jours $b Texte imprimé $f Peter Dragicevich
205    $a 2e édition
210    $a Victoria (Australie) $c Lonely planet $d 2023
211    $a 20230202
214  0 $a Victoria (Australie) $c Lonely planet $d 2023
215    $a 1 vol. (176 p.) $c illustrations en couleur, cartes $d 16 x 11 cm $e 1 plan
222    $a 
225 2  $a En quelques jours $x 2104-9572
300    $a Traduit de l'anglais
300    $a Index
330    $a Un guide pour découvrir la côte dalmate et ses deux principales villes. Des suggestions d'excursions sont proposées vers le port de Cavtat, les vignobles de Konavle ou encore les îles Elaphites. ­Electre 2023
333    $a Tout public
345    $b 9782384920433
410  0 $0 41255842 $6 55341 $7 4464720000 $t En quelques jours $x 2104-9572
607    $3 11951337 $9 117295 $a Dubrovnik (Croatie) $2 rameau
607    $3 11946334 $9 341097 $a Split (Croatie) $2 rameau
607    $3 12009784 $9 341098 $a Adriatique, Côte de l' (Croatie) $2 rameau
608    $3 11976799 $9 3609 $a Guides touristiques et de visite $2 rameau
676    $a 914.972 $v 23 $a 
686    $a T380203 $2 electre
686    $a GGUI002 $2 electre
686    $a GRPO000 $2 electre
686    $a PG0100 $2 electre
700  1 $3 15599798 $9 278789 $6 1120516 $7 2007480082 $a Dragicevich $b Peter $4 070
801  3 $a FR $b Electre $c 20230214 $g AFNOR
830    $a ELECTREA/CI/2023 Avril Loisirs Vie Pratique 20230407
902    $a Grand public - Tout public $b PG0100
903    $a Pays et peuples - Le monde d'aujourd'hui, descriptions et voyages - Europe $b T380203
903    $a Guides (Tourisme, loisirs) - Guides touristiques (villes) $b GGUI002
903    $a Rayon poche $b GRPO000
947    $c 9.09 $a 9.99
969    $h  1 $a 1 $d  900
099    $t LI $c 2023-04-07 $d 2024-05-11 $x 6
339    $a m
091    $a 2 $b 20240511 $c 0
995    $0 0 $2 0 $4 0 $5 2023-04-12 $9 459381 $b MED $c MED $e MED1A $f C1400016198 $h AAPPLGO $k Doc./905 SUD $o 0 $p 9.99 $r PRETLIV $s DOC___905_000000000000000_SUD $w 6 $y 2024-04-24

