03123njm0a2200349   4500
001 355542
003 http://www.mediathequederoubaix.fr/ark:/20179/KH355542
071 01 $a SPCD1525 $b Sub Pop Records
073  0 $a 0098787152524
090    $a 355542
091    $a 1 $b 20240505 $c 0
099    $c 2023-04-20 $d 2024-05-05 $t DC $x 10
100    $a 20230418d2023    u  y0frey5003    ba
101 0  $a eng
127    $a 003900
200 1  $a Smalltown stardust $b [enr. sonore] $f King Tuff, ens. voc. & instr.
210    $a Seattle $c Sub Pop Records $d 2023
215    $a 1 CD (39 min) $e 1 dépliant
327 1  $a Love letters to plants $a How I love $a A meditation $a Portrait of god $a Smalltown stardust $a Pebbles in a stream $a Tell me $a Rock river $a The bandits of blue sky $a Always find me $a The wheel
330    $a Kyle Thomas, alias King Tuff, auteur-compositeur-interprète originaire de Brattleboro dans le Vermont, a entrepris d'écrire une lettre d'amour aux précieux moments d'inspiration de la vie et à la petite ville qui l'a formé. C'est là qu'il a ressenti un lien profond avec la nature. Les images de la nature, des blizzards aux montagnes, en passant par les jours nuageux, remplissent les chansons et créent un cadre indubitablement éloigné de Los Angeles. Ses colocataires Meg Duffy (Hand Habits) et Sasami Ashworth enregistraient en même temps leurs propres albums (respectivement Fun House, 2021 et Squeeze, 2022) dans la même maison. Thomas a servi d'ingénieur et contribé aux deux disques, et Ashworth a co-produit Smalltown Stardust. La contribution d'Ashworth est vitale : elle a coécrit la majorité du disque et a contribué aux voix, aux arrangements et à l'instrumentation de chaque chanson. Les guitares criardes des précédents albums de King Tuff ont disparu, remplacées par des touches tendres et réfléchies de violoncelle et de violon, un saxophone plaintif et des harmonies vocales orchestrales qui élèvent les chansons à un niveau céleste. Si le premier disque de King Tuff affirmait que Thomas n'était plus mort, Smalltown Stardust est un hymne à ce que signifie cette vie. Une déclaration de foi et un hymne à la magie que l'on peut encore contempler tout autour de nous.
345    $a GAM $b 0098787152524 $c disque compact $d 17,10 E
610    $a Rock garage
679    $a 2
710 02 $a King Tuff $4 545 $4 ens. voc. & instr.
801  0 $a FR $b GAM $c 20230418
856 4  $u https://www.gamannecy.com/upload/albums/202212/0098787152524_thumb.jpg
856 4  $u https://www.gamannecy.com/polysson/202302/01-0098787152524.mp3 $z Love letters to plants
856 4  $u https://www.gamannecy.com/polysson/202302/02-0098787152524.mp3 $z How I love
856 4  $u https://www.gamannecy.com/polysson/202302/03-0098787152524.mp3 $z A meditation
856 4  $u https://www.gamannecy.com/polysson/202302/04-0098787152524.mp3 $z Portrait of god
856 4  $u https://www.gamannecy.com/polysson/202302/05-0098787152524.mp3 $z Smalltown stardust
995    $0 0 $2 0 $4 0 $5 2023-05-26 $9 461140 $b MED $c MED $e MED1A $f C3100011402 $h AMV20ZZ $k DC/2 KIN $l contient 1 DC + 1 dépliant $o 0 $p 17.10 $r PRETSON $s DC_2_000000000000000_KIN $w 10 $y 2024-04-23

