01848cam a2200409   4500
001 355643
003 http://www.mediathequederoubaix.fr/ark:/20179/KH355643
010    $a 978-2-205-08981-3 $b rel. $d 23 EUR
020    $a FR $b 02355170
033    $a http://catalogue.bnf.fr/ark:/12148/cb471985792
035    $a FRBNF471985790000006
073  0 $a 9782205089813
090    $a 355643
091    $a 2 $b 20240514 $c 1
099    $t LI $c 2023-04-25 $d 2024-05-14 $x 15
100    $a 20230301d2022    m  y0frey50      ba
101 1  $a fre $c ita
102    $a FR
105    $a ||||t   00|a|
106    $a r
181  0 $6 01 $a i  $b xxxe   $a b  $b xb2e  
181    $6 02 $c txt $c sti $2 rdacontent
182  0 $6 01 $a n
182    $6 02 $c n $2 rdamedia
200 1  $a Hypericon $b Texte imprimé $f M. Fior
210  0 $d 2022
214  0 $a [Paris] $c Dargaud $d DL 2022
214  3 $a 91-Palaiseau $c Impr. PPO graphic
215    $a 1 vol. (139 p.) $c ill. en coul. $d 30 cm
300    $a Trad. de l'italien
330    $a Berlin, 1998. Odile, étudiante en archéologie, participe à la préparation d'une exposition sur le tombeau de Toutankhamon, se fondant sur le journal d'H. Carter pour mener ses recherches. Elle rencontre Ruben, un Italien venu à Berlin pour faire la fête, avec lequel elle vit une histoire d'amour. Leur destin se dessine entre l'Egypte antique et l'effervescence de la capitale allemande. ­Electre 2023
339    $a m
686    $a 805 $2 Cadre de classement de la Bibliographie nationale française
700    $3 14626629 $9 101535 $o ISNI0000000115990084 $a Fior $b Manuele $f 1975-.... $4 070
801  0 $a FR $b FR-751131015 $c 20230301 $g AFNOR $h FRBNF471985790000006 $2 intermrc
999    $a FRBNF471985790000006
995    $0 0 $2 0 $4 0 $5 2023-06-10 $9 462049 $P 23.00 $b MED $c MED $e MED0C $f C2300013836 $h AAPBDZZ $k BD/FIO $n 2024-06-13 $o 0 $p 23.00 $r PRETLIV $s BD_FIO $w 15 $y 2024-05-02 $7  $8  $A  $m  $z 

