02550cam1a2200613 i 4500
001 355743
003 http://www.mediathequederoubaix.fr/ark:/20179/KH355743
005 20240514035744.0
010    $a 978-2-84673-340-3 $b br. $d 20 EUR
073  0 $a 9782846733403
090    $a 355743
100    $a 20191007d2020    m  |0frey5003||||ba
101 1  $a fre $c eng
102    $a FR
105    $a a       0||y|
106    $a r
181  0 $6 01 $a i  $b xxxe   $a b  $b xb2e  
181    $6 02 $c txt $c sti $2 rdacontent
182  0 $6 01 $a n
182    $6 02 $c n $2 rdamedia
183    $6 01 $a nga $2 rdafrcarrier
183    $6 02 $a nc $2 rdacarrier
200 1  $a L'hydroponie à la maison ou Comment cultiver des plantes comestibles hors sol $b Texte imprimé $f Rob Laing $g traduction Lucie Leprêtre
210    $a Louviers (Eure) $c Ysec Editions $d 2020
211    $a 20200416
214  0 $a Louviers (Eure) $c Ysec Editions $d 2020
215    $a 1 vol. (191 p.) $c illustrations en couleur $d 27 x 19 cm
222    $a 
225 2  $a Jardins & nature
300    $a Traduit de l'américain
300    $a Index
330    $a Un guide pour faire pousser chez soi des herbes culinaires et pour apprendre à les intégrer dans la préparation de plats. L'histoire et les principes fondamentaux de l'hydroponie sont présentés avant des recommandations pour l'installation de ses plantations et des indications sur le choix des plantes. ­Electre 2023
333    $a Tout public
345    $b 9782846733403
410  0 $6 354654 $t Jardins & nature
606    $3 11942206 $9 341310 $a Cultures hydroponiques $2 rameau
608    $3 11975688 $9 1606 $a Guides pratiques $2 rameau
676    $a 635.98 $v 23 $a 
686    $a T340307 $2 electre
686    $a GOPV001 $2 electre
686    $a PG0100 $2 electre
700  1 $6 12109575 $a Laing $b Rob $4 070
702  1 $3 16990658 $9 341311 $6 11794663 $a Leprêtre $b Lucie $f 1985-.... $4 730
801  3 $a FR $b Electre $c 20210310 $g AFNOR
830    $a ELECTREA/CI/2023 Mai Loisirs Vie Pratique 20230426
902    $a Grand public - Tout public $b PG0100
903    $a Loisirs et temps libre (nature, plein air) - Jardinage et jardins - Techniques horticoles et matériels $b T340307
903    $a Ouvrages pratiques - Conseils pratiques $b GOPV001
947    $c 18.20 $a 20.00
969    $h  1 $a 1 $d  900
099    $t LI $c 2023-04-26 $d 2024-05-14 $x 9
339    $a m
091    $a 2 $b 20240514 $c 0
995    $0 0 $2 0 $4 0 $5 2023-04-27 $9 459778 $b MED $c MED $e MED1A $f C1400016351 $h AAPPLFF $k Doc./585 ABC $n 2024-05-11 $o 0 $p 20.00 $r PRETLIV $s DOC___585_000000000000000_ABC $w 9 $y 2024-04-20

