02621cam2a2200577 i 4500
001 355846
003 http://www.mediathequederoubaix.fr/ark:/20179/KH355846
005 20240517053652.0
010    $a 9782330149987 $b br. $d 9,30 EUR
073  0 $a 9782330149987
090    $a 355846
100    $a 20210225d2021    |  |0frey5003||||ba
101 1  $a fre $c swe
102    $a FR
105    $a         0||a|
106    $a r
181  0 $6 01 $a i  $b xxxe  
181    $6 02 $c txt $2 rdacontent
182  0 $6 01 $a n
182    $6 02 $c n $2 rdamedia
183    $6 01 $a nga $2 rdafrcarrier
183    $6 02 $a nc $2 rdacarrier
200 1  $a La fille qui devait mourir $b Texte imprimé $f David Lagercrantz $g roman traduit du suédois par Esther Sermage $g d'après les personnages créés par Stieg Larsson
210    $a Arles (Bouches-du-Rhône) $c Actes Sud $d 2021
211    $a 20210505
214  0 $a Arles (Bouches-du-Rhône) $c Actes Sud $d 2021
215    $a 1 vol. (388 p.) $d 18 x 11 cm
225 2  $a Babel $f Marie Desmeures $x 1140-3853 $i Babel noir $f sér. dir. par Jean-Christophe Brochier $x 1281-6515 $v 253
330    $a A Stockholm, un sans-abri est retrouvé mort dans un parc, certains de ses doigts et orteils amputés. Les semaines précédentes, des témoins l'avaient entendu parler de Johannes Forsell, le ministre de la Défense. Pour mener son enquête, Mikael Blomkvist a besoin de l'aide de Lisbeth Salander, en voyage à Moscou pour régler ses comptes avec sa soeur, Camilla. Dernier volume de la série. ­Electre 2023
345    $b 9782330149987
410  0 $0 34293353 $6 15950 $7 0219580900 $t Babel. Babel noir $x 1281-6515 $v 253
676    $a 839.7 $v 23
686    $a T321010 $2 electre
686    $a GLEC001 $2 electre
686    $a GRPO000 $2 electre
700  1 $3 13524873 $9 113026 $6 1838563 $a Lagercrantz $b David $f 1962-.... $4 070
701  1 $3 15093700 $9 27447 $6 192344 $7 2006130049 $a Larsson $b Stieg $f 1954-2004 $4 100
702  1 $3 15542336 $9 92786 $6 1107683 $7 2007090171 $a Sermage $b Esther $f 1969-.... $4 730
801  3 $a FR $b Electre $c 20220902 $g AFNOR
830    $a ELECTREX-MA/LIT/ML/2304/Lit5 20230429
903    $a Littérature moderne et contemporaine - Romans - Thrillers/Suspense $b T321010
903    $a Littératures étrangères contemporaines - Traduction en français $b GLEC001
903    $a Rayon poche $b GRPO000
921    $a 
939    $a réassort RP T6
947    $c 8.46 $a 9.30
969    $h  1 $a 1 $d  900
099    $t LI $c 2023-04-29 $d 2024-05-17
339    $a m
091    $a 2 $b 20240517 $c 0
995    $0 0 $2 0 $4 0 $5 2023-04-29 $9 459914 $b MED $c MED $e MED1A $f C1400016640 $h ALTROPL $k RP/MIL $o 0 $p 9.30 $r PRETLIV $s RP_MIL $w 0 $y 2023-06-10

