01254nam a22002173  4500
001 355946
003 http://www.mediathequederoubaix.fr/ark:/20179/KH355946
010    $a 2-7242-6568-8
090    $a 355946
091    $a 2 $b 20240511 $c 0
099    $t LI $c 2023-05-05 $d 2024-05-11 $x 4
100    $a 20230505d1992    u||y0frey50      ba
101    $a fre
200    $a Star $f Danielle Steel
210    $a Paris $c France loisirs $d 1992
215    $a 472 p. $c couv. ill. $d 21 cm
330    $a "Déjà les oiseaux s'appelaient dans l'aurore tranquille d'Alexander Valley tandis que le soleil montait lentement derrière les collines, étalant son or sur un ciel presque mauve. Les arbres bruissaient doucement sous la brise ténue et Crystal demeurait silencieuse dans l'herbe humide, regardant l'aube lumineuse exploser en couleurs chatoyantes. Par instants, les oiseaux cessaient de chanter, comme si eux aussi admiraient la beauté de la vallée et ses champs opulents bordés de collines rocailleuses où paissait le bétail..."
339    $a m
700    $9 3853 $a Steel $b Danielle $f 1947-....
801    $a FR $b 595126101 $c 20230505 $g AFNOR
995    $0 0 $2 0 $4 0 $5 2023-05-05 $9 460155 $P 16.00 $b BUS $c BUS $e BUS1A $f C2500031931 $h ALTROZZ $k BUS R/STE $o -3 $p 16.00 $r PRETLIV $s BUS_R_STE $w 4 $y 2024-03-26

