01784cam1a2200445 i 4500
001 356150
003 http://www.mediathequederoubaix.fr/ark:/20179/KH356150
005 20240517053817.0
010    $a 978-2-490190-11-9 $b cart. $d 16 EUR
073  0 $a 9782490190119
090    $a 356150
091    $a 2 $b 20240517 $c 0
099    $t LI $c 2023-05-12 $d 2024-05-17 $x 5
100    $a 20230111d2023    b  |0frey5003||||ba
101 0  $a fre
102    $a FR
105    $a         0||y|
106    $a r
200 1  $a Mieux que les orages et les tempêtes $b Texte imprimé $f Anaïs Debanne et Chloé Lefèvre $g illustrations Cynthia Thiéry
210    $a Lille $c Editions Pera $d 2023
211    $a 20230424
214  0 $a Lille $c Editions Pera $d 2023
215    $a 1 vol. (40 p.) $c illustrations en couleur $d 25 x 19 cm
330    $a Maman Nuage et Papa Nuage vivent heureux et jouent à cache-cache avec leur enfant derrière la colline. Mais un jour, ils se disputent, de plus en plus souvent et de plus en plus fort. Un album évoquant la séparation des parents. ­Electre 2023
333    $a A partir de 5 ans
339    $a a
345    $b 9782490190119
609    $9 10472 $a Divorce
609    $9 337346 $a Ouvrages pour la jeunesse
686    $2 electre
686    $2 electre
686    $2 electre
686    $2 electre
700  1 $a Debanne $b Anaïs $4 070
701  1 $a Lefèvre $b Chloé $4 070
701  1 $3 15107623 $9 276001 $a Thiéry $b Cynthia $4 440
801  3 $a FR $b Electre $c 20230504 $g AFNOR
830    $a ELECTREJ/ office serv jeunesse mai23 20230512
856 4  $u https://www.electre.com/GetBlob.ashx?Ean=9782490190119,0-9676875&Size=Original
995    $0 0 $2 0 $4 0 $5 2023-05-23 $9 461009 $P 16.00 $b MED $c MED $e MED2A $f C2500032349 $h JABEFAE $k E A/THI $o 0 $p 16.00 $r PRETLIV $s E_A_THI $w 5 $y 2023-12-10 $7  $8  $A  $m  $z 

