02534cam a2200493   4500
001 356303
003 http://www.mediathequederoubaix.fr/ark:/20179/KH356303
010    $a 978-2-35325-947-2 $b br. $d 9,95 EUR
020    $a FR $b 02366329
033    $a http://catalogue.bnf.fr/ark:/12148/cb47238556b
035    $a FRBNF472385560000002
073  0 $a 9782353259472
090    $a 356303
091    $a 2 $b 20240508 $c 1
099    $t LI $c 2023-05-16 $d 2024-05-15 $x 14
100    $a 20230503d2023    a  y0frey50      ba
101 0  $a fre
102    $a FR
105    $a ||||t   00|a|
106    $a r
181  0 $6 01 $a i  $b xxxe   $a b  $b xb2e  
181    $6 02 $c txt $c sti $2 rdacontent
182  0 $6 01 $a n
182    $6 02 $c n $2 rdamedia
200 1  $a Des lérus en pagaille ! $b Texte imprimé $f [scénario], Marc Cantin & Isabel $g [dessins & couleurs], Fabrice Mosca
210  0 $a Marseille $c Éditions Clair de lune $d DL 2023
214  0 $a [Marseille] $c Éditions Clair de lune $d DL 2023
214  3 $a impr. en Europe
215    $a 1 vol. (78 p.) $c ill. en coul $d 20 cm
225 19 $a Merlin Zinzin $v 2
225    $a Petit Pierre & Ieiazel
300    $a Notice réd. d'après la couv.
330    $a Merlin, Guenièvre, Viviane, Lancelot et Arthur trouvent des lérus, petites créatures adorables qui ont une longue queue. Ils les ramènent à Brocéliande où ils font fureur auprès des enfants. Merlin propose alors d'utiliser la magie pour les multiplier et les vendre. L'expérience tourne mal et la sorcière Morphage en profite pour prendre sa revanche. ­Electre 2023
339    $a a
410  0 $0 43582854 $t Petit Pierre & Ieiazel $x 2266-7903 $d 2023
686    $a 805 $2 Cadre de classement de la Bibliographie nationale française
700    $3 12476717 $9 45660 $o ISNI0000000121221281 $a Cantin $b Marc $f 1967-.... $4 070
701    $3 16255544 $9 106598 $o ISNI0000000111588370 $a Isabel $f 1969-.... $4 070
702    $3 15824226 $9 104723 $o ISNI0000000002567773 $a Mosca $b Fabrice $4 440
801  0 $a FR $b FR-751131015 $c 20230503 $g AFNOR $h FRBNF472385560000002 $2 intermrc
999    $a FRBNF472385560000002
995    $0 0 $2 0 $3 0 $4 0 $5 2023-05-16 $9 460641 $P 9.95 $b MED $c MED $e MED0A $f C3500017979 $h JBDZZZZ $k EXT E BD/CAN $n 2024-07-12 $o 0 $r PRETLIV $s EXT_E_BD_CAN $w 1 $y 2023-09-20 $A 0
995    $0 0 $2 0 $3 0 $4 0 $5 2023-06-08 $9 461965 $P 9.95 $b MED $c MED $e MED2A $f C2500032452 $h JBDPFZZ $k E BD/CAN $o 0 $p 9.95 $r PRETLIV $s E_BD_CAN $w 8 $y 2024-05-15 $A 0
995    $0 0 $2 0 $3 0 $4 0 $5 2023-09-28 $9 466279 $b BUS $c BUS $e BUS1A $f C2500033411 $h JBDPFZZ $k BUS E BD/PF $n 2024-06-05 $o 0 $r PRETLIV $s BUS_E_BD_PF $w 5 $y 2024-05-15 $A 0

