01242nam a2200325   4500
001 356404
003 http://www.mediathequederoubaix.fr/ark:/20179/KH356404
010    $a 978-2-302-09325-6 $b br. $d 6,99 EUR
033    $a http://catalogue.bnf.fr/ark:/12148/cb47163423b
035    $a FRBNF471634230000001
073  0 $a 9782302093256
090    $a 356404
091    $a 0 $b 20230520 $c 1
099    $t LI $c 2023-05-19 $d 2024-05-04 $x 17
100    $a 20230105d        m  y0frey50      ba
101 0  $a fre
102    $a FR
105    $a ||||z   00|||
106    $a r
200 1  $a Super Mario $b Texte imprimé $e Manga Adventures $h 27
210  0 $a Toulon $c Soleil $d DL 2022
214  0 $a Toulon $c Soleil $d DL 2022
215    $a 1 vol. (189 p.) $d 18 cm
225 1  $a Soleil manga $i j-vidéo
225 1  $a Super Mario Manga Adventures $i 27
330    $a La suite des aventures de Mario, Luigi, Bowser et Yoshi racontées en une série de gags. ­Electre 2023
339    $a a
700    $3 16943855 $9 267265 $a Sawada $b Yukio
801  0 $a FR $b FR-751131015 $c 20230105 $g AFNOR $h FRBNF471634230000001 $2 intermrc
995    $0 0 $2 0 $4 0 $5 2023-05-20 $9 460828 $P 6.99 $V 27 $b MED $c MED $e MED2A $f C2500032398 $h JBDMGZZ $k E BD/MANGAS $n 2024-05-25 $o 0 $p 6.99 $r PRETLIV $s E_BD_MANGAS $w 17 $y 2024-05-04 $A 0

