02164cam a2200457   4500
001 356506
003 http://www.mediathequederoubaix.fr/ark:/20179/KH356506
010    $a 978-2-330-01000-3 $b br. $d 22 EUR
020    $a FR $b 01263155
033    $a http://catalogue.bnf.fr/ark:/12148/cb427656978
035    $a FRBNF427656970000002
073  0 $a 9782330010003
090    $a 356506
091    $a 2 $b 20240517 $c 1
099    $t LI $c 2023-05-25 $d 2024-05-17 $x 4
100    $a 20121009d2012    m  y0frey50      ba
101 0  $a fre
102    $a FR
105    $a ||||z   00|y|
106    $a r
181  0 $6 01 $a i  $b xxxe  
181    $6 02 $c txt $2 rdacontent
182  0 $6 01 $a n
182    $6 02 $c n $2 rdamedia
200 1  $a Ces écoles qui rendent nos enfants heureux $b Texte imprimé $e expériences et méthodes pour éduquer à la joie $f Antonella Verdiani
210    $a Arles $c Actes Sud $d impr. 2012 $e 61-Lonrai $g Normandie roto impr.
215    $a 1 vol. (181 p.) $d 19 cm
225    $a Domaine du possible
300    $a La couv. porte en plus : "pédagogies et méthodes pour éduquer à la joie"
330    $a Une présentation des approches pédagogiques développées par des écoles alternatives en France, en Europe et dans le monde, destinée à permettre un rapprochement entre acteurs concernés et personnes intéressées par ce type de démarche. ­Electre 2023
339    $a m
410  0 $0 42536426 $t Domaine du possible $x 2119-3312 $d 2012
606    $3 12207623 $9 80670 $a Écoles parallèles $2 rameau
606    $3 11939400 $9 101393 $a Enseignement $x Innovations $2 rameau
608    $a Ouvrages de référence $2 CNLJ $k Avis critique donné par le Centre national de la littérature pour la jeunesse
676    $a 371.39 $v 23
686    $a 370 $2 Cadre de classement de la Bibliographie nationale française
700    $3 16645738 $9 341598 $o ISNI0000000387678684 $a Verdiani $b Antonella $4 070
801  0 $a FR $b FR-751131015 $c 20121009 $g AFNOR $h FRBNF427656970000002 $2 intermrc
999    $a FRBNF427656970000002
995    $0 0 $2 0 $4 0 $5 2023-06-17 $9 462353 $P 22.00 $b MED $c MED $e MED2A $f C2500032627 $h AAPPLPA $k E FP 605 ABC $o 0 $p 22.00 $r PRETLIV $s E_FP_605_000000000000000_ABC $w 4 $y 2024-05-07

