01205cam a2200325   4500
001 356606
003 http://www.mediathequederoubaix.fr/ark:/20179/KH356606
010    $a 978-2-35947-008_6 $d 30 EUR
020    $a FR $b 00754752
090    $a 356606
091    $c 0 $a 0
099    $t LI $c 2023-05-27 $d 2023-05-27
100    $a 20070824d2010    m||y0frey50      ba
101 0  $a fre
102    $a FR
105    $a ||||z   00|y|
106    $a r
200 1  $a CFSL.net
210    $a Paris $c CFSL Ink $e [Luçon]  $f Pollina
215    $c tout en illl. en noir et en coul., couv. ill. en coul. $d 29 cm $a 301-[3] p.
225 19 $a Café salé-Artbook $v 04
300    $a Préface en français, anglais, espagnol et japonais
339    $a m
410    $t Café salé-Artbook $v 04
601    $3 15579972 $9 100667 $a Café salé $c Paris $2 rameau
608    $a Bandes dessinées $2 CNLJ
676    $a 741.609 22 $v 23
686    $2 Cadre de classement de la Bibliographie nationale française
801  0 $a FR $b FR-751131015 $c 20070824 $g AFNOR $h FRBNF410965980000009 $2 intermrc
995    $0 0 $2 0 $4 0 $5 2023-05-27 $9 461243 $b MED $c MED $e MED3J $f c0005185677 $h PPEFGZZ $k MAG L/P 4/212 207 $o 2 $r PRETLIV $s MAG_L_P_4_212000000000000_207 $w 0 $y 2023-05-27 $7  $8  $A  $m  $z 

