02766njm0a2200409   4500
001 356712
003 http://www.mediathequederoubaix.fr/ark:/20179/KH356712
071 01 $a O13SF03020 $b Transgressive Records
073  0 $a 5400863088453
090    $a 356712
091    $a 1 $b 20240511 $c 0
099    $c 2023-05-31 $d 2024-05-11 $t DC $x 9
100    $a 20230525d2022    u  y0frey5003    ba
101 0  $a eng
127    $a 005400
200 1  $a The Waeve $b [enr. sonore] $f Waeve (The), ens. voc. & instr.
210    $a Londres $c Transgressive Records $d 2022
215    $a 1 CD (54 min) $e 1 dépliant
300    $a Textes des chansons
327 1  $a Can I call you $a Kill me again $a Over and over $a Sleepwalking $a Drowning $a Someone up there $a All along $a Undine $a Alone and free $a You're all I want to know
330    $a The Waeve, c'est la rencontre entre le légendaire guitariste de Blur Graham Coxon et Rose Elinor Dougall du groupe The Pipettes. Ensemble, ils présentent leur premier album coproduit avec le super-producteur James Ford (Arctic Monkeys, Florence & The Machine, Foals, HAIM). L'album est une collection de 10 morceaux à l'univers sonore inattendu. S'inspirant initialement d'un amour partagé pour la musique folklorique anglaise, les contes et les paysages de cette île, les deux collaborateurs ont pris confiance pour s'aventurer dans des territoires inconnus. Le son s'est développé lentement mais sûrement, les voix et les mots ont commencé à trouver leur espace naturel, les guitares et les saxophones ont lancé des appels au clairon et les cordes se sont élevées vers d'autres stratosphères.
334    $a Télérama No.3815 p.63 du 21/02/2023 $b 4/4
334    $a RollingStone No.149 p.80 du 27/01/2023 $b 3/5
334    $a Inrockuptibles No.17 p.110 du 24/01/2023
334    $a Magic Hebdo No.44 p.0 du 23/02/2023 $b 5/6
345    $a GAM $b 5400863088453 $c disque compact $d 18,37 E
610    $a Noisy pop, noisy rock, indie rock
679    $a 2
710 02 $a Waeve (The) $4 545 $4 ens. voc. & instr.
801  0 $a FR $b GAM $c 20230525
856 4  $u https://www.gamannecy.com/upload/albums/202212/5400863088453_thumb.jpg
856 4  $u https://www.gamannecy.com/polysson/202302/01-5400863088453.mp3 $z Can I call you
856 4  $u https://www.gamannecy.com/polysson/202302/02-5400863088453.mp3 $z Kill me again
856 4  $u https://www.gamannecy.com/polysson/202302/03-5400863088453.mp3 $z Over and over
856 4  $u https://www.gamannecy.com/polysson/202302/04-5400863088453.mp3 $z Sleepwalking
856 4  $u https://www.gamannecy.com/polysson/202302/05-5400863088453.mp3 $z Drowning
995    $0 0 $2 0 $4 0 $5 2023-06-01 $9 461474 $b MED $c MED $e MED1A $f C3100011456 $h AMV20ZZ $k DC/2 WAE $l contient 1 DC + 1 dépliant $o 0 $p 18.37 $r PRETSON $s DC_2_000000000000000_WAE $w 9 $y 2024-04-24

