02113cam a2200445   4500
001 356812
003 http://www.mediathequederoubaix.fr/ark:/20179/KH356812
010    $a 978-2-3828-4349-9 $b br. $d 20 EUR
020    $a FR $b 02328651
033    $a http://catalogue.bnf.fr/ark:/12148/cb472181366
035    $a FRBNF472181360000000
073  0 $a 9782382843499
090    $a 356812
091    $a 2 $b 20240509 $c 1
099    $t LI $c 2023-05-31 $d 2024-05-09
100    $a 20230330d2023    m  y0frey50      ba
101 0  $a fre
102    $a FR
105    $a ||||z   00|y|
106    $a r
181  0 $6 01 $a i  $b xxxe  
181    $6 02 $c txt $2 rdacontent
182  0 $6 01 $a n
182    $6 02 $c n $2 rdamedia
200 1  $a Entre nuage et eau $b Texte imprimé $e le quotidien d'un apprenti moine zen $f Tōzan
210  0 $a Paris $c Équateurs $d DL 2023
214  0 $a Paris $c Équateurs $d DL 2023
214  3 $a 53-Mayenne $c Impr. Floch
215    $a 1 vol. (234 p.) $d 21 cm
330    $a Devenu moine zen en 2021 sous le nom de Tozan, Clément Sans vit désormais à Antaiji, un temple niché sur une montagne au nord de Kyoto. L'endroit réunit une petite communauté vivant en autarcie et en totale autosuffisance. Entre le récit de vie et le carnet de méditation, il annote son quotidien et son cheminement intellectuel tout en livrant sa vision du bouddhisme zen. ­Electre 2023
339    $a m
606    $3 11961511 $9 19507 $a Vie religieuse $3 11931066 $9 14835 $x Zen $2 rameau
606    $3 11963552 $9 341706 $a Ordres monastiques et religieux zen $3 11934253 $9 11687 $y Japon $3 13536525 $9 53759 $z 2000-.... $2 rameau
608    $3 11976851 $9 114 $a Récits personnels $2 rameau
676    $a 294.392 7092 $v 23
686    $a 920 $2 Cadre de classement de la Bibliographie nationale française
700    $3 18077708 $9 341707 $o ISNI0000000511072082 $a Tōzan $f 1992-.... $4 070
801  0 $a FR $b FR-751131015 $c 20230330 $g AFNOR $h FRBNF472181360000000 $2 intermrc
999    $a FRBNF472181360000000
995    $0 0 $2 0 $4 0 $5 2023-07-04 $9 462930 $b MED $c MED $e MED3A $f C2400004594 $h ACFREZZ $k Doc./260 ZEN $o 0 $r PRETLIV $s DOC___260_000000000000000_ZEN $w 0 $y 2023-07-04 $7  $8  $A  $m  $z 

