02422cam2a2200577 i 4500
001 356915
003 http://www.mediathequederoubaix.fr/ark:/20179/KH356915
005 20240511054122.0
010    $a 9782493405135 $b br. $d 28 EUR
073  0 $a 9782493405135
090    $a 356915
100    $a 20220316d2022    |  |0frey5003||||ba
101 1  $a fre $c eng
102    $a FR
105    $a b       0||a|
106    $a r
181  0 $6 01 $a i  $b xxxe  
181    $6 02 $c txt $2 rdacontent
182  0 $6 01 $a n
182    $6 02 $c n $2 rdamedia
183    $6 01 $a nga $2 rdafrcarrier
183    $6 02 $a nc $2 rdacarrier
200 1  $a La poussière des rêves $b Texte imprimé $f Steven Erikson $g traduction Emmanuel Chastellière
210    $a Marseille $c Editions Leha $d 2022
211    $a 20220617
214  0 $a Marseille $c Editions Leha $d 2022
215    $a 1 vol. (1086 p.) $c illustrations en noir et blanc, cartes $d 24 x 16 cm
225 1  $a Le livre des martyrs $v 9
225 2  $a Leha romans
300    $a Traduit de l'anglais
330    $a A Lether, l'armée malazéenne en exil dirigée par l'adjointe Tavore est en route vers les terres stériles. Dans les rangs des soldats, tout le monde ignore la cause de cette nouvelle guerre et, surtout, personne n'a jamais vu l'ennemi que les troupes s'apprêtent à affronter. En outre, le jeu des dragons a rendu son verdict, et un pouvoir redoutable a été libéré. ­Electre 2023
345    $b 9782493405135
410  0 $6 366757 $t Leha romans
461  0 $6 348842 $t Le livre des martyrs $v 9
676    $a 823 $v 23
686    $a T321011 $2 electre
686    $a GLEC001 $2 electre
700  1 $3 13615257 $9 96178 $6 116767 $7 2001120071 $a Erikson $b Steven $f 1959-.... $4 070
702  1 $3 15725770 $9 114811 $6 1123305 $7 2008030241 $a Chastellière $b Emmanuel $f 1981-.... $4 730
801  3 $a FR $b Electre $c 20230103 $g AFNOR
830    $a ELECTREX-MA/LIT/ML/2305/Lit7 20230602
903    $a Littérature moderne et contemporaine - Romans - Fantastique/Fantasy (romans ou nouvelles) $b T321011
903    $a Littératures étrangères contemporaines - Traduction en français $b GLEC001
921    $a X0001414040
939    $a 
947    $c 25.48 $a 28.00
969    $h  1 $a 1 $d  900
099    $t LI $c 2023-06-02 $d 2024-05-11 $x 2
339    $a m
091    $a 2 $b 20240511 $c 0
995    $0 0 $2 0 $4 0 $5 2023-06-02 $9 461578 $b MED $c MED $e MED1A $f C1400016601 $h ALTIGFA $k FAN/ERI $o 0 $p 28.00 $r PRETLIV $s FAN_ERI $w 2 $y 2023-10-21

