02701cam1a2200637 i 4500
001 357017
003 http://www.mediathequederoubaix.fr/ark:/20179/KH357017
005 20240514212026.0
010    $a 978-2-501-13931-1 $b br. $d 7,90 EUR
073  0 $a 9782501139311
090    $a 357017
100    $a 20181112d2019    m  |0frey5003||||ba
101 1  $a fre $c eng
102    $a BE
105    $a         0||y|
106    $a r
181  0 $6 01 $a i  $b xxxe  
181    $6 02 $c txt $2 rdacontent
182  0 $6 01 $a n
182    $6 02 $c n $2 rdamedia
183    $6 01 $a nga $2 rdafrcarrier
183    $6 02 $a nc $2 rdacarrier
200 1  $a Ces mères qui ne savent pas aimer $b Texte imprimé $e apprendre à dépasser le traumatisme $f Susan Forward $g traduction Véronique Merland
205    $a Nouvelle édition
210    $a Paris $c Marabout $d 2019
211    $a 20190227
214  0 $a Paris $c Marabout $d 2019
215    $a 1 vol. (352 p.) $d 18 x 13 cm
222    $a 
225 2  $a Poche Marabout $x 2265-0849 $i Psy
330    $a A travers plusieurs profils de mères mal-aimantes (narcissiques, compétitives, envahissantes ou abusives), la psychothérapeute analyse les effets destructeurs qu'elles peuvent avoir sur la construction de l'identité et le manque d'estime de soi de leurs filles, avant de proposer à celles-ci des techniques pour surmonter les blessures de l'enfance, se reconstruire et se protéger. ­Electre 2023
333    $a Tout public
345    $b 9782501139311
410  0 $6 313919 $t Poche Marabout. Psy
606    $3 11946074 $9 10560 $a Mères et filles $2 rameau
606    $3 11931116 $9 81213 $a Carence maternelle $2 rameau
606    $3 11938497 $9 66857 $a Amour maternel $2 rameau
676    $a 155.64 $v 23 $a KERNIN, Valérie (X0001536868)
686    $a T440500 $2 electre
686    $a GDOC002 $2 electre
686    $a GRPO000 $2 electre
686    $a PG0100 $2 electre
700  1 $3 12072530 $9 119076 $6 1228934 $7 9401075367 $a Forward $b Susan $4 070
702  1 $3 16660249 $9 108246 $6 1165066 $7 2010160045 $a Merland $b Véronique $4 730
801  3 $a FR $b Electre $c 20221004 $g AFNOR
830    $a ELECTREA/CI/2023 Juin 2e commande Loisirs Vie Pratique 20230614
902    $a Grand public - Tout public $b PG0100
903    $a Psychologie - Psychologie individuelle (identité, personnalité) $b T440500
903    $a Documents, essais - Documents $b GDOC002
903    $a Rayon poche $b GRPO000
947    $c 7.19 $a 7.90
969    $h  1 $a 1 $d  900
099    $t LI $c 2023-06-14 $d 2024-05-14 $x 11
339    $a m
091    $a 2 $b 20240511 $c 0
995    $0 0 $2 0 $4 0 $5 2023-06-14 $9 462208 $b MED $c MED $e MED1A $f C1400016739 $h AAPPLPS $k Doc./157 PAR $n 2024-06-25 $o 0 $p 7.90 $r PRETLIV $s DOC___157_000000000000000_PAR $w 11 $y 2024-05-14

