02010cam a2200481   4500
001 357219
003 http://www.mediathequederoubaix.fr/ark:/20179/KH357219
010    $a 978-2-7440-6756-3 $b br. $d 21 EUR
020    $a FR $b 02128044
033    $a http://catalogue.bnf.fr/ark:/12148/cb465946537
035    $a FRBNF465946530000006
073  0 $a 9782744067563
090    $a 357219
091    $a 2 $b 20240511 $c 1
099    $t LI $c 2023-06-27 $d 2024-05-11 $x 3
100    $a 20200812d2020    m  y0frey50      ba
101 0  $a fre
102    $a FR
105    $a ||||z   00|y|
106    $a r
181  0 $6 01 $a i  $b xxxe  
181    $6 02 $c txt $2 rdacontent
182  0 $6 01 $a n
182    $6 02 $c n $2 rdamedia
200 1  $a Le management lean $b Texte imprimé $f Michael Ballé et Godefroy Beauvallet $g préface de Dan Jones
205    $a 2e éd. actualisée
210  0 $a Montreuil $c Pearson $d DL 2020
214  0 $a Montreuil $c Pearson $d DL 2020
214  3 $a impr. en Espagne
215    $a 1 vol. (XXII-234 p.) $c ill. $d 21 cm
300    $a Bibliogr. p. 229-230
330    $a Une présentation de cette méthode de management, ses concepts fondamentaux, son utilité et ses domaines d'application. Avec une préface inédite des auteurs. ­Electre 2023
339    $a m
606    $3 11980276 $9 88353 $a Efficacité de l'organisation $2 rameau
606    $3 11980212 $9 113604 $a Efficience (gestion) $2 rameau
676    $a 658.51 $v 23
686    $a 650 $2 Cadre de classement de la Bibliographie nationale française
700    $3 13579306 $9 113605 $o ISNI0000000035437481 $a Ballé $b Michael $4 070
701    $3 12535672 $9 45113 $o ISNI0000000052363963 $a Beauvallet $b Godefroy $4 070
702    $3 12247634 $9 342016 $o ISNI000000008127509X $a Jones $b Daniel T. $4 080
801  0 $a FR $b FR-751131015 $c 20200812 $g AFNOR $h FRBNF465946530000006 $2 intermrc
999    $a FRBNF465946530000006
995    $0 0 $2 0 $4 0 $5 2023-07-04 $9 462924 $b MED $c MED $e MED3A $f C2400004561 $h ACFSSZZ $k Doc./335 MAN $o 0 $r PRETLIV $s DOC___335_000000000000000_MAN $w 3 $y 2024-03-16 $7  $8  $A  $m  $z 

