02396cam a2200469   4500
001 357319
003 http://www.mediathequederoubaix.fr/ark:/20179/KH357319
010    $a 978-2-413-04083-5 $b rel. $d 11,50 EUR
020    $a FR $b 02404700
033    $a http://catalogue.bnf.fr/ark:/12148/cb47230452r
035    $a FRBNF472304520000001
073  0 $a 9782413040835
090    $a 357319
091    $a 2 $b 20240511 $c 1
099    $t LI $c 2023-06-30 $d 2024-05-11 $x 16
100    $a 20230419d2023    a  y0frey50      ba
101 0  $a fre
102    $a FR
105    $a ||||t   00|a|
106    $a r
181  0 $6 01 $a i  $b xxxe   $a b  $b xb2e  
181    $6 02 $c txt $c sti $2 rdacontent
182  0 $6 01 $a n
182    $6 02 $c n $2 rdamedia
200 1  $a Le démon endormi $b Texte imprimé $f scénario, dessin, couleur, Dara
210  0 $a Paris] $c Delcourt $d DL 2023
214  0 $a [Paris] $c Delcourt $d DL 2023
214  3 $a 91-Palaiseau $c Impr. PPO graphic
215    $a 1 vol. (42 p.) $c ill. en coul. $d 30 cm
225 19 $a Oxalys $v 1
329    $c Pourquoi pas ? $2 CNLJ $k Avis critique donné par le Centre national de la littérature pour la jeunesse
330    $a Le monde fantastique d'Helianthis est convoité par le terrible seigneur Mormoloch et son armée de démons. Les Vagabandits, des aventuriers motivés chacun par une quête personnelle mais réunis par leur désir de combattre le mal, s'opposent à ces ennemis assoiffés de pouvoir et découvrent leur propre part d'ombre dans des aventures aux multiples rebondissements. ­Electre 2023
333    $a À partir de 9 ans $2 CNLJ $k Avis critique donné par le Centre national de la littérature pour la jeunesse
339    $a a
461  0 $0 47244241 $t Oxalys $v 1
608    $a Bandes dessinées $2 CNLJ $k Avis critique donné par le Centre national de la littérature pour la jeunesse
686    $a 805 $2 Cadre de classement de la Bibliographie nationale française
700    $3 16509451 $9 120306 $o ISNI0000000119719435 $a Dara $f 1979-.... $4 070
801  0 $a FR $b FR-751131015 $c 20230419 $g AFNOR $h FRBNF472304520000001 $2 intermrc
999    $a FRBNF472304520000001
995    $0 0 $2 0 $4 0 $5 2023-07-05 $9 462964 $P 11.50 $b MED $c MED $e MED0A $f C3500018461 $h JBDZZZZ $k EXT E BD/DAR $o 0 $r PRETLIV $s EXT_E_BD_DAR $w 2 $y 2023-12-27
995    $0 0 $2 0 $4 0 $5 2023-07-13 $9 463534 $P 11.50 $b MED $c MED $e MED2A $f C2500032766 $h JBDZZZZ $k E BD/DAR $n 2024-06-06 $o 0 $p 11.50 $r PRETLIV $s E_BD_DAR $w 14 $y 2024-04-25

