01801cam2a22004811i 4500
001 357419
003 http://www.mediathequederoubaix.fr/ark:/20179/KH357419
005 20240517054524.0
010    $a 978-2-36480-915-4 $b cart. $d 18 EUR
073  0 $a 9782364809154
090    $a 357419
100    $a 20230321d2023    |  |0frey5003||||ba
101 0  $a fre
102    $a FR
105    $a     t   0||y|
106    $a r
181  0 $6 01 $a i  $b xxxe   $a b  $b xb2e  
181    $6 02 $c txt $c sti $2 rdacontent
182  0 $6 01 $a n
182    $6 02 $c n $2 rdamedia
183    $6 01 $a nga $2 rdafrcarrier
183    $6 02 $a nc $2 rdacarrier
200 1  $a Grim $b Texte imprimé $h 1 $f scénario Stephanie Phillips $g dessin Flaviano $g couleurs Rico Renzi
210    $a Paris $c Huginn & Muninn $d 2023
211    $a 20230505
214  0 $a Paris $c Huginn & Muninn $d 2023
215    $a 1 vol. (128 p.) $c illustrations en noir et blanc $d 27 x 18 cm
225 2  $a Para-BD
300    $a Traduit de l'américain
330    $a Jessica, une faucheuse qui ignore les raisons de sa mort, veut découvrir la vérité. Néanmoins, sa quête d'identité est mise au second plan lorsque la Mort disparaît. ­Electre 2023
345    $b 9782364809154
410  0 $6 330125 $t Para-BD
461  0 $6 380307 $t Grim $v 1
676    $a 741.56 $v 23
686    $a T090306 $2 electre
700  1 $3 18007799 $9 342085 $6 12293356 $a Phillips $b Stephanie $f 1991-.... $4 070
701  0 $3 16967259 $9 120149 $6 11406195 $a Flaviano $f 1983-.... $4 440
702  1 $6 11352249 $a Renzi $b Rico $4 410
801  3 $a FR $b Electre $c 20230510 $g AFNOR
099    $t LI $c 2023-07-05 $d 2024-05-17 $x 3
339    $a m
091    $a 2 $b 20240517 $c 0
995    $0 0 $2 0 $4 0 $5 2023-07-06 $9 463055 $P 18.00 $b MED $c MED $e MED0C $f C2300013968 $h AAPBDCM $k BD COMICS/PHI $o 0 $p 18.00 $r PRETLIV $s BD_COMICS_PHI $w 3 $y 2023-10-27

