01910cam1a2200457 i 4500
001 357520
003 http://www.mediathequederoubaix.fr/ark:/20179/KH357520
005 20240505032217.0
010    $a 978-2-215-18296-2 $b br. $d 13,95 EUR
073  0 $a 9782215182962
090    $a 357520
100    $a 20230320d2023    d  |0frey5003||||ba
101 0  $a fre
102    $a FR
105    $a         0||y|
106    $a r
181  0 $6 01 $a i  $b xxxe  
181    $6 02 $c txt $2 rdacontent
182  0 $6 01 $a n
182    $6 02 $c n $2 rdamedia
183    $6 01 $a nga $2 rdafrcarrier
183    $6 02 $a nc $2 rdacarrier
200 1  $a Les mystères d'Anglefer $b Texte imprimé $f Johan Héliot
210    $a Paris $c Fleurus $d 2023
211    $a 20230526
214  0 $a Paris $c Fleurus $d 2023
215    $a 1 vol. (236 p.) $d 21 x 14 cm
330    $a Altaïr, 13 ans, vit dans les Hautes Sphères d'Anglefer, les quartiers situés au-dessus du Schmock, l'épais brouillard qui envahit le Bas District. Dans ces bas-fonds pollués, Orno, 16 ans, est un Décrasseur chargé de désengorger les tuyaux qui alimentent les Hautes Sphères en air pur. Tous deux ont vu un renard, une créature qui, comme tous les autres animaux, aurait dû déserter la cité. ­Electre 2023
333    $a A partir de 9 ans
345    $b 9782215182962
686    $a J000609 $2 electre
686    $a GJEU013 $2 electre
686    $a PJ0401 $2 electre
700  1 $3 13567071 $9 79070 $6 112001 $7 2000470119 $a Heliot $b Johan $f 1970-.... $4 070
801  3 $a FR $b Electre $c 20230609 $g AFNOR
830    $a ELECTREJEU/OfficeRomansJuillet2023 20230706
856 4  $u https://www.electre.com/GetBlob.ashx?Ean=9782215182962,0-9828699&Size=Original
099    $t LI $c 2023-07-06 $d 2024-05-05 $x 2
339    $a a
091    $a 2 $b 20240505 $c 0
995    $0 0 $2 0 $4 0 $5 2023-07-18 $9 463650 $P 13.95 $b MED $c MED $e MED2A $f C2500032918 $h JROROZZ $k E R/HEL $o 0 $p 13.95 $r PRETLIV $s E_R_HEL $w 2 $y 2024-02-12

