01870cam a22004213n 4500
001 357620
003 http://www.mediathequederoubaix.fr/ark:/20179/KH357620
010    $a 979-10-95030-33-1 $b rel. $d 16 EUR
033    $a http://catalogue.bnf.fr/ark:/12148/cb472588677
035    $a FRBNF47258867000000X
073  0 $a 9791095030331
090    $a 357620
091    $a 2 $b 20240505 $c 1
099    $t LI $c 2023-07-07 $d 2024-05-05 $x 5
100    $a 20230602d2023    a  y0frey50      ba
101 0  $a fre
102    $a FR
105    $a ||||z   00|a|
106    $a r
181  0 $6 01 $a b  $b xb2e  
181    $6 02 $c sti $2 rdacontent
182  0 $6 01 $a n
182    $6 02 $c n $2 rdamedia
200 1  $a Chez moi $b Texte imprimé $f Ève Gentilhomme
210  0 $a [Paris] $c Voce verso $d DL 2023
215    $a 1 vol. (40 p.) $c ill. en coul. $d 16 cm
225 1  $a Écho écho
330    $a Dépassée par ses émotions, une petite fille part dans la nature avec son chat. Elle rencontre un escargot dont la coquille est une maison. Au contact de la nature, elle comprend que son corps est sa maison et qu'elle peut s'y épanouir. Un album sans texte pour aborder le thème du respect du corps et du consentement. ­Electre 2023
339    $a a
606    $3 11944030 $9 16184 $a Émotions $2 rameau
608    $3 16235216 $9 346624 $a Livres sans texte $2 rameau
608    $3 11938887 $9 998 $a Livres illustrés pour enfants $2 rameau
608    $a Albums $2 CNLJ $k Avis critique donné par le Centre national de la littérature pour la jeunesse
609    $9 114649 $a Émotions chez l'enfant
700    $3 17675338 $9 346625 $a Gentilhomme $b Éve $4 070
801  0 $a FR $b FR-751131015 $c 20230602 $g AFNOR $h FRBNF47258867000000X $2 intermrc
999    $a FRBNF47258867000000X
995    $0 0 $2 0 $4 0 $5 2023-07-08 $9 463242 $P 16.00 $b MED $c MED $e MED2A $f C2500032816 $h JABPFAF $k PE A/GEN $o 0 $p 16.00 $r PRETLIV $s PE_A_GEN $w 5 $y 2024-03-13 $A 0

