01919ngm0a22003851i 4500
001 357720
003 http://www.mediathequederoubaix.fr/ark:/20179/KH357720
010    $d 39.24 EUR TTC
073  0 $a 5051889725060 $d 59.46 EUR TTC
090    $a 357720
091    $a 1 $b 20240511 $c 0
099    $t VD $c 2023-07-13 $d 2024-05-15 $x 16
100    $a 20230713              frey50        
101    $a fre
102    $a FR
200 1  $a De grandes espérances $b DVD $f Sylvain Desclous, réal. $g Olivier Lorelle, Sylvain Desclous, Raphaël Chevènement, scénario $g Florencia Di Concilio, mus. $g Rebecca Marder, Benjamin Lavernhe, Emmanuelle Bercot... [et al.], act.
210    $c The Jokers $d 2023
215    $a 1 DVD (105 min) PAL $c 16/9, Couleur, Dolby Digital 5.1
300    $a Prêt + Consultation
330    $a Madeleine, brillante et idéaliste jeune femme issue d'un milieu modeste, prépare l'oral de l'ENA dans la maison de vacances d'Antoine, en Corse. Un matin, sur une petite route déserte, le couple se trouve impliqué dans une altercation qui tourne au drame. Lorsqu'ils incorporent les hautes sphères du pouvoir, le secret menace d'être révélé. Et tous les coups deviennent permis. 
339    $a m
606    $9 309987 $a Drames (cinéma) $x DVD $y France
700  1 $a Desclous $b Sylvain $4 370 $4 690
702  1 $a Marder $b Rebecca $4 005
702  1 $a Lavernhe $b Benjamin $f 1984-.... $4 005
702  1 $a Bercot $b Emmanuelle $f 1967-.... $4 005
702  1 $a Barbé $b Marc $f 1961-.... $4 005
702  1 $a Elso $b Pascal $f 1955-.... $4 005
702  1 $a Appietto $b Cédric $4 005
702  1 $a Lorelle $b Olivier $4 690
702  1 $a Chevènement $b Raphaël $4 690
702  1 $a Guillaume $b Pierre-Erwan $4 690
702  1 $a Di Concilio $b Florencia $4 230
801  0 $a FR $b COLACO $c 20230713
995    $0 0 $2 0 $4 0 $5 2023-09-13 $9 465409 $b MED $c MED $e MED1A $f C1400017364 $h AAPCIFI $k DVD/F DES $n 2024-06-26 $o 0 $p 39.00 $r PRETDVD $s DVD_F_DES $w 16 $y 2024-05-15 $7  $8  $A  $m  $z 

