02387cam1a2200577 i 4500
001 357823
003 http://www.mediathequederoubaix.fr/ark:/20179/KH357823
005 20240511054608.0
010    $a 9782743659769 $b br. $d 9,50 EUR
073  0 $a 9782743659769
090    $a 357823
100    $a 20221226d2023    |  |0frey5003||||ba
101 1  $a fre $c eng
102    $a FR
105    $a         0||a|
106    $a r
181  0 $6 01 $a i  $b xxxe  
181    $6 02 $c txt $2 rdacontent
182  0 $6 01 $a n
182    $6 02 $c n $2 rdamedia
183    $6 01 $a nga $2 rdafrcarrier
183    $6 02 $a nc $2 rdacarrier
200 1  $a Shutter Island $b Texte imprimé $f Dennis Lehane $g traduit de l'anglais (Etats-Unis) par Isabelle Maillet
205    $a Nouvelle édition
210    $a Paris $c Rivages $d 2023
211    $a 20230301
214  0 $a Paris $c Rivages $d 2023
215    $a 1 vol. (392 p.) $d 17 x 11 cm
225 2  $a Rivages-Noir $f coll. dir. par François Guérif $x 0764-7786 $v 587
330    $a Années 1950. Au large de Boston, Shutter Island abrite un hôpital psychiatrique qui accueille des pensionnaires au lourd passé de meurtriers sanguinaires. Le marshal Teddy Daniels et Chuck Aule, son coéquipier, sont appelés là-bas car une dangereuse schizophrène a disparu. Prix Policier des lectrices de Elle 2004. ­Electre 2023
345    $b 9782743659769
410  0 $0 34243656 $6 11796 $7 0162000000 $t Rivages-Noir $x 0764-7786 $v 587
676    $a 813 $v 23
686    $a T321009 $2 electre
686    $a GLEC001 $2 electre
686    $a GRPO000 $2 electre
700  1 $3 13518479 $9 52446 $6 1382855 $7 9841000334 $a Lehane $b Dennis $f 1965-.... $4 070
702  1 $3 12991744 $9 45542 $6 1390311 $7 9920000210 $a Maillet $b Isabelle $4 730
801  3 $a FR $b Electre $c 20230303 $g AFNOR
830    $a ELECTREX-MA/LIT/ML/2307/Lit9 20230713
903    $a Littérature moderne et contemporaine - Romans - Policiers (romans ou nouvelles) $b T321009
903    $a Littératures étrangères contemporaines - Traduction en français $b GLEC001
903    $a Rayon poche $b GRPO000
921    $a 
939    $a réassort RP surprise
947    $c 8.64 $a 9.50
969    $h  1 $a 1 $d  900
099    $t LI $c 2023-07-13 $d 2024-05-11 $x 7
339    $a m
091    $a 2 $b 20240511 $c 0
995    $0 0 $2 0 $4 0 $5 2023-07-13 $9 463518 $b MED $c MED $e MED1A $f C1400017156 $h ALTROPL $k RP/LEH $o 0 $p 9.50 $r PRETLIV $s RP_LEH $u surprise $w 7 $y 2024-05-18 $7  $8  $A  $m  $z 

