02034nam a2200445   4500
001 357923
003 http://www.mediathequederoubaix.fr/ark:/20179/KH357923
010    $a 978-2-07-063012-7 $b Br. $d 6.60 EUR
033    $a http://catalogue.bnf.fr/ark:/12148/cb43477432f
035    $a FRBNF434774320000003
039    $o ALS $a 1703656
073  0 $a 9782070630127
090    $a 357923
091    $a 2 $b 20240505 $c 1
099    $t LI $c 2023-07-21 $d 2024-05-05 $x 3
100    $a 20100824d2010    a  y0frey50      ba
101 1  $a fre $c eng
102    $a FR
105    $a ||||z   00|y|
106    $a r
181  0 $6 01 $a i  $b xxxe  
181    $6 02 $c txt $2 rdacontent
182  0 $6 01 $a n
182    $6 02 $c n $2 rdamedia
200 1  $a La machine à explorer le temps $b Texte imprimé $f Herbert George Wells $g traduit de l'anglais par Henry D. Davray $g illustrations Willi Glasauer
205    $a Nouv. présentation
210    $a Paris $c Gallimard-Jeunesse $d 2010
215    $a 1 vol. (192 p.) $c illustrations en noir et en couleur $d 18 x 11 cm
225    $a Folio junior $x 0153-0593 $v 246
308    $a Coll. principale : Folio ; 246, ISSN 0768-0732
330    $a Convaincu que la durée est une quatrième dimension de même nature que la longueur, la largeur et la hauteur, l'explorateur du temps construit une extraordinaire machine qui va lui permettre de se déplacer à travers les siècles. ­Electre 2023
339    $a a
410  0 $0 34234540 $t Collection Folio $x 0768-0732 $v 246
500 11 $3 11972664 $9 322745 $a The time machine $m français $2 lien automatique
700    $3 11929053 $9 413 $o ISNI0000000122832703 $a Wells $b Herbert George $4 070
702    $3 11898839 $9 1591 $o ISNI0000000121430497 $a Durand-Davray $b Henry $4 730
702    $3 11905154 $9 12924 $o ISNI000000012148361X $a Glasauer $b Willi $4 440
801  0 $a FR $b FR-751131015 $c 20100824 $g AFNOR $h FRBNF434774320000003 $2 intermrc
999    $a FRBNF434774320000003
995    $0 0 $2 0 $4 0 $5 2023-07-21 $9 463844 $P 7.80 $b MED $c MED $e MED2A $f C2500033001 $h JROROZZ $k E R/WEL $o 0 $p 7.80 $r PRETLIV $s E_R_WEL $w 3 $y 2024-04-11

