01734cam a2200409   4500
001 358023
003 http://www.mediathequederoubaix.fr/ark:/20179/KH358023
010    $a 978-2-7499-5163-8 $b br. $d 7,95 EUR
020    $a FR $b 02375158
033    $a http://catalogue.bnf.fr/ark:/12148/cb47249447j
035    $a FRBNF472494470000006
073  0 $a 9782749951638
090    $a 358023
091    $a 2 $b 20240511 $c 1
099    $t LI $c 2023-07-25 $d 2024-05-11 $x 5
100    $a 20230522d2023    m  y0frey50      ba
101 1  $a fre $c jpn
102    $a FR
105    $a ||||t   00|a|
106    $a r
181  0 $6 01 $a i  $b xxxe   $a b  $b xb2e  
181    $6 02 $c txt $c sti $2 rdacontent
182  0 $6 01 $a n
182    $6 02 $c n $2 rdamedia
200 1  $a Nina du royaume aux étoiles $h 6 $b Texte imprimé $f Rikachi
210  0 $c Michel Lafon $d DL 2023
214  0 $a Neuilly-sur-Seine $c Michel Lafon $d DL 2023
214  3 $a 53-Mayenne $c Dupliprint
215    $a 1 vol. (non paginé [ca 176] p.) $c ill. $d 18 cm
300    $a Trad. du japonais
330    $a Azur tente de convaincre Nina de revenir au royaume de Fortuna, mais la princesse est bien résolue à suivre son plan pour protéger son pays. C'est alors que le roi de Galgada décide soudainement d'avancer le mariage entre Nina et son fils Sett, puis d'envahir Fortuna. ­Electre 2023
339    $a a
686    $a 805 $2 Cadre de classement de la Bibliographie nationale française
700    $3 18004310 $9 336210 $a Rikachi $4 070
801  0 $a FR $b FR-751131015 $c 20230522 $g AFNOR $h FRBNF472494470000006 $2 intermrc
999    $a FRBNF472494470000006
995    $0 0 $2 0 $4 0 $5 2023-07-29 $9 464326 $P 7.95 $b MED $c MED $e MED2A $f C2400004704 $h JBDMGZZ $k E BD/MANGAS $o 0 $p 7.95 $r PRETLIV $s E_BD_MANGAS $w 5 $y 2024-04-12 $7  $8  $A  $m  $z 

