01701cam a2200433   4500
001 358123
003 http://www.mediathequederoubaix.fr/ark:/20179/KH358123
010    $a 978-2-8203-4608-7 $b br. $d 7,15 EUR
020    $a FR $b 02402151
033    $a http://catalogue.bnf.fr/ark:/12148/cb472601996
035    $a FRBNF472601990000002
073  0 $a 9782820346087
090    $a 358123
091    $a 2 $b 20240511 $c 1
099    $t LI $c 2023-07-26 $d 2024-05-12 $x 6
100    $a 20230605d2023    m  y0frey50      ba
101 1  $a fre $c jpn
102    $a FR
105    $a ||||t   00|a|
106    $a r
181  0 $6 01 $a i  $b xxxe   $a b  $b xb2e  
181    $6 02 $c txt $c sti $2 rdacontent
182  0 $6 01 $a n
182    $6 02 $c n $2 rdamedia
200 1  $a Rinne $h 39 $b Texte imprimé $f Rumiko Takahashi
210  0 $a Paris $c Crunchyroll $d 2023
214  0 $a Paris $c Crunchyroll $d DL 2023
214  3 $a impr. en Italie
215    $a 1 vol. (187 p.) $c ill. $d 18 cm
225    $a Shōnen up !
330    $a La suite des aventures de Rinne Rokudô, un étudiant qui a pour mission de convoyer les âmes récalcitrantes jusqu'à la roue de la réincarnation. ­Electre 2023
339    $a a
410  0 $0 42157447 $t Shônen up ! $x 2107-2280 $d 2023
454  1 $t Kyōkai no Rinne $h Vol. 39
686    $a 805 $2 Cadre de classement de la Bibliographie nationale française
700    $3 12991183 $9 47814 $o ISNI0000000078355144 $a Takahashi $b Rumiko $f 1957-.... $4 070
801  0 $a FR $b FR-751131015 $c 20230605 $g AFNOR $h FRBNF472601990000002 $2 intermrc
999    $a FRBNF472601990000002
995    $0 0 $2 0 $4 0 $5 2023-07-28 $9 464269 $P 7.15 $b MED $c MED $e MED2B $f C2400004703 $h JBDMGZZ $k E BD/MANGAS $n 2024-06-23 $o 0 $p 7.15 $r PRETLIV $s E_BD_MANGAS $w 6 $y 2024-05-12

