02250njm0a2200385   4500
001 358223
003 http://www.mediathequederoubaix.fr/ark:/20179/KH358223
071 01 $a 7240888 $b Concord Records
073  0 $a 0888072408883
090    $a 358223
091    $a 1 $b 20240517 $c 0
099    $c 2023-07-29 $d 2024-05-17 $t DC $x 13
100    $a 20230727d2022    u  y0frey5003    ba
101 0  $a eng
127    $a 004700
200 1  $a The tipping point $b [enr. sonore] $f Tears for Fears, ens. voc. & instr.
210    $a Beverly Hills $c Concord Records $d 2022
215    $a 1 CD (47 min) $e 1 livret
300    $a Textes des chansons
327 1  $a No small thing $a The tipping point $a Long, long, long time $a Break the man $a My demons $a Rivers of mercy $a Please be happy $a Master plan $a End of night $a Stay $a Secret location
330    $a 17 ans après leur dernier album, le duo emblématique de la New Wave revient avec The Tipping Point. Tears For Fears ont à leur actif 40 ans de carrière, plus de 20 millions d'albums vendus à travers la planète et des tubes inoubliables comme Everybody wants to rule the world ou Shout repris par des artistes de renom tels que The Weeknd, David Guetta ou encore Kanye West.
334    $a Télérama No.3763 p.50 du 22/02/2022 $b 2/4
334    $a Rock & Folk No.655 p.64 du 16/03/2022 $b 3/5
345    $a GAM $b 0888072408883 $c disque compact $d 19,51 E
610    $a Power-pop, pop-rock
679    $a 2
710 02 $a Tears for Fears $4 545 $4 ens. voc. & instr.
801  0 $a FR $b GAM $c 20230727
856 4  $u https://www.gamannecy.com/upload/albums/202201/0888072408883_thumb.jpg
856 4  $u https://www.gamannecy.com/polysson/202202/01-0888072408883.mp3 $z No small thing
856 4  $u https://www.gamannecy.com/polysson/202202/02-0888072408883.mp3 $z The tipping point
856 4  $u https://www.gamannecy.com/polysson/202202/03-0888072408883.mp3 $z Long, long, long time
856 4  $u https://www.gamannecy.com/polysson/202202/04-0888072408883.mp3 $z Break the man
856 4  $u https://www.gamannecy.com/polysson/202202/05-0888072408883.mp3 $z My demons
995    $0 0 $2 0 $4 0 $5 2023-08-02 $9 464385 $P 19.51 $b MED $c MED $e MED1A $f C3100011599 $h AMV20ZZ $k DC/2 TEA $l contient 1 DC + 1 livret $o 0 $p 19.51 $r PRETSON $s DC_2_000000000000000_TEA $w 13 $y 2024-03-19

