02338cam a2200445   4500
001 358327
003 http://www.mediathequederoubaix.fr/ark:/20179/KH358327
010    $a 978-2-02-101982-7 $b rel. $d 13 EUR
020    $a FR $b 01032136
033    $a http://catalogue.bnf.fr/ark:/12148/cb42203340w
035    $a FRBNF422033400000009
073  0 $a 9782021019827
090    $a 358327
091    $a 2 $b 20240505 $c 1
099    $t LI $c 2023-08-19 $d 2024-05-05 $x 1
100    $a 20100521d2010    a  y0frey50      ba
101 0  $a fre
102    $a FR
105    $a ||||z   00|a|
106    $a r
181  0 $6 01 $a i  $b xxxe  
181    $6 02 $c txt $2 rdacontent
182  0 $6 01 $a n
182    $6 02 $c n $2 rdamedia
200 1  $a C'est moi le roi ! $b Texte imprimé $f conté par Gilles Bizouerne $g [illustrations de] Daniela Cytryn
210    $a [Paris] $c Seuil jeunesse $d DL 2010 $e impr. en Chine
215    $a 1 vol. (non paginé [14] p. dont 2 dépl.) $c ill. en coul., couv. ill. en coul. $d 35 cm
225    $a Petits contes du tapis
321    $a La Revue des livres pour enfants $x 0398-8384
329    $c Problème... $d 20100603 $f EC $2 CNLJ $k Avis critique donné par le Centre national de la littérature pour la jeunesse
330    $a Ce conte de randonnée évoque la faiblesse du fort. Au milieu de la brousse, un lion surgit et effraie les habitants de la savane. Ce vacarme éveille le moucheron, qui lui demande de se taire. Furieux, le lion réplique, le moucheron lui propose alors un combat singulier. Le texte sur le dépliant permet de lire tout en déployant l'album en double page. ­Electre 2023
339    $a a
410  0 $0 40973523 $t Petits contes du tapis $x 1956-6247 $d 2010
608    $a Contes, légendes et folklore $2 CNLJ $k Avis critique donné par le Centre national de la littérature pour la jeunesse
686    $a 809 $2 Cadre de classement de la Bibliographie nationale française
700    $3 14619655 $9 8481 $o ISNI0000000121330488 $a Bizouerne $b Gilles $f 1978-.... $4 070
702    $3 15564634 $9 276127 $o ISNI0000000002442778 $a Cytryn $b Daniela $f 1979-.... $4 440
801  0 $a FR $b FR-751131015 $c 20100521 $g AFNOR $h FRBNF422033400000009 $2 intermrc
999    $a FRBNF422033400000009
995    $0 0 $2 0 $3 0 $4 0 $5 2023-08-22 $9 464725 $P 16.00 $b MED $c MED $e MED0A $f C3500018557 $h JABCTPE $k EXT PE C/BIZ $n 2024-07-04 $o 0 $r PRETLIV $s EXT_PE_C_BIZ $w 1 $y 2023-09-05 $A 0

