02260cam1a22005531i 4500
001 358429
003 http://www.mediathequederoubaix.fr/ark:/20179/KH358429
005 20240512062847.0
010    $a 9782021497885 $b br. $d 26,90 EUR
073  0 $a 9782021497885
090    $a 358429
100    $a 20230516d2023    |  |0frey5003||||ba
101 1  $a fre $c eng
102    $a FR
105    $a         0||a|
106    $a r
181  0 $6 01 $a i  $b xxxe  
181    $6 02 $c txt $2 rdacontent
182  0 $6 01 $a n
182    $6 02 $c n $2 rdamedia
183    $6 01 $a nga $2 rdafrcarrier
183    $6 02 $a nc $2 rdacarrier
200 1  $a Chroniques du pays des gens les plus heureux du monde $b Texte imprimé $e roman $f Wole Soyinka $g traduit de l'anglais (Nigéria) par David Fauquemberg, Fabienne Kanor
210    $a Paris $c Seuil $d 2023
211    $a 20230825
214  0 $a Paris $c Seuil $d 2023
215    $a 1 vol. (512 p.) $d 24 x 16 cm
225 2  $a Cadre vert
330    $a Dans un Nigeria imaginaire, le docteur Menka confie à son ami ingénieur Duyole Pitan-Payne les pratiques exécrables d'un entrepreneur qui dérobe des organes à l'hôpital. Alors que Duyole est sur le point de se voir confier un poste aux Nations unies, quelqu'un se dresse sur sa route. ­Electre 2023
345    $b 9782021497885
410  0 $6 47002 $7 4366260000 $t Cadre vert
676    $a AS823 $v 23
686    $a T321002 $2 electre
686    $a GLEC001 $2 electre
700  1 $3 11925300 $9 7161 $6 1322218 $7 9401186793 $a Soyinka $b Wole $f 1934-.... $4 070
702  1 $3 13743109 $9 90406 $6 128886 $7 2002040032 $a Fauquemberg $b David $f 1974-.... $4 730
702  1 $3 14512787 $9 47225 $6 153219 $7 2003440285 $a Kanor $b Fabienne $f 1970-.... $4 730
801  3 $a FR $b Electre $c 20230824 $g AFNOR
830    $a ELECTREX-MA/LIT/ML/2308/Lit11 20230825
903    $a Littérature moderne et contemporaine - Romans - Romans $b T321002
903    $a Littératures étrangères contemporaines - Traduction en français $b GLEC001
921    $a 
939    $a 
947    $c 24.48 $a 26.90
969    $h  1 $a 1 $d  900
099    $t LI $c 2023-08-25 $d 2024-05-12 $x 6
339    $a m
091    $a 2 $b 20240512 $c 0
995    $0 0 $2 0 $4 0 $5 2023-08-25 $9 464947 $b MED $c MED $e MED1A $f C1400017241 $h ALTROZZ $k R/SOY $o 0 $p 26.90 $r PRETLIV $s R_SOY $w 6 $y 2024-05-04

