02740njm0a2200397   4500
001 358531
003 http://www.mediathequederoubaix.fr/ark:/20179/KH358531
071 01 $a 5419730447 $b Atlas Artists
073  0 $a 5054197304477
090    $a 358531
091    $a 2 $b 20240514 $c 0
099    $c 2023-08-31 $d 2024-05-14 $t DC $x 7
100    $a 20230828d2023    u  y0frey5003    ba
101 0  $a eng
127    $a 012100
200 1  $a Angels & queens $b [enr. sonore] $f Gabriels, ens. voc. & instr. $g Ashley Sade, chant
210    $a [S.l.] $c Atlas Artists $d 2023
215    $a 1 CD (81 min) $e 1 livret
300    $a Textes des chansons
327 1  $a Offering $a The blind $a Angels & queens $a Taboo $a To the moon and back $a Professional $a We will remember $a Remember me $a If you only knew $a Love and hate in a different time $a Glory $a Great wind $a Mama $a Love and hate in a different time (Greg Wilson & Che Wilson remix) $a Blame (live at Glastonbury) $a Great wind (live at Glastonbury) $a Professional (live at Glastonbury) $a We will remember (live at Glastonbury) $a Spanish harlem (live from Maida Vale) $a Bloodline $a Loyalty $g Ashley Sade
330    $a Le trio soul US révèle  Angels & Queens, leur très attendu  premier album en 2 parties, produit par Sounwave (Kendrick Lamar, Beyonce).Après 2 EPs acclamés par la critique et le titre phare Love & Hate In a Different Time, le trio qui se démarque par son originalité et la voix hors du commun de Jacob Lusk promet de nous faire vivre encore de belles émotions avec ces nouveaux morceaux, à l’instar de l’exceptionnelle performance qu'ils ont livrée lors de la cérémonie d’ouverture du dernier Festival de Cannes.
334    $a Inrockuptibles No.22 p.144 du 12/07/2023
334    $a Soul Bag No.251 p.69 du 22/06/2023 $b 5/5
345    $a GAM $b 5054197304477 $c disque compact $d 20,17 E
610    $a Nu-soul
679    $a 180
702  1 $a Sade $b Ashley $4 721
710 02 $a Gabriels $4 545 $4 ens. voc. & instr.
801  0 $a FR $b GAM $c 20230828
856 4  $u https://www.gamannecy.com/upload/albums/202308/5054197304477_thumb.jpg
856 4  $u https://gam.hosting-media.net/partners/10000001/5054197304477-01_01.mp3 $z Offering
856 4  $u https://gam.hosting-media.net/partners/10000001/5054197304477-01_02.mp3 $z The blind
856 4  $u https://gam.hosting-media.net/partners/10000001/5054197304477-01_03.mp3 $z Angels & queens
856 4  $u https://gam.hosting-media.net/partners/10000001/5054197304477-01_04.mp3 $z Taboo
856 4  $u https://gam.hosting-media.net/partners/10000001/5054197304477-01_05.mp3 $z To the moon and back
995    $0 0 $2 0 $4 0 $5 2023-08-31 $9 465155 $b MED $c MED $e MED1A $f C3100011663 $h AMV14ZZ $k DC/180 GAB $l contient 1 DC + 1 livret $o 0 $p 20.17 $r PRETSON $s DC_180_000000000000000_GAB $w 7 $y 2024-03-23

