02197cam1a22005411i 4500
001 358643
003 http://www.mediathequederoubaix.fr/ark:/20179/KH358643
005 20240509054629.0
010    $a 978-2-01-719681-5 $b br. $d 11,90 EUR
073  0 $a 9782017196815
090    $a 358643
100    $a 20230615d2023    k  |0frey5003||||ba
101 0  $a fre
102    $a FR
105    $a         0||y|
106    $a r
181  0 $6 01 $a i  $b xxxe  
181    $6 02 $c txt $2 rdacontent
182  0 $6 01 $a n
182    $6 02 $c n $2 rdamedia
183    $6 01 $a nga $2 rdafrcarrier
183    $6 02 $a nc $2 rdacarrier
200 1  $a Droit des sociétés $b Texte imprimé $e 2023-2024 $f François Lenglart, Pierre Tcherkessoff
205    $a 5e édition
210    $a Vanves (Hauts-de-Seine) $c Hachette Supérieur $d 2023
211    $a 20230830
214  0 $a Vanves (Hauts-de-Seine) $c Hachette Supérieur $d 2023
215    $a 1 vol. (168 p.) $d 19 x 14 cm
225 2  $a Les fondamentaux $f Caroline Benoist-Lucy $x 1152-1392 $v 121 $i Droit, sciences politiques
300    $a Bibliogr. Index
330    $a Synthèse sur le droit des sociétés : les différentes formes d'entreprises, leur réglementation en France, leur structure sociale, leur fonctionnement, entre autres. ­Electre 2023
333    $a Licence
345    $b 9782017196815
410  0 $6 17272 $7 0238800600 $t Les fondamentaux. Droit, sciences politiques $v 121
606    $3 11951155 $9 54593 $a Sociétés $x Droit $3 11931476 $9 109 $y France $2 rameau
608    $3 12167353 $9 2941 $a Manuels d'enseignement supérieur $2 rameau
676    $a 346.06 $v 23
686    $a T190205 $2 electre
686    $a GOET001 $2 electre
686    $a PU0401 $2 electre
700  1 $3 12573767 $9 342630 $6 1355469 $7 9612000190 $a Lenglart $b François $4 070
701  1 $3 17839561 $9 342631 $6 1147296 $7 2009180101 $a Tcherkessoff $b Pierre $4 070
801  3 $a FR $b Electre $c 20230901 $g AFNOR
830    $a ELECTREMA/HSR/ASD/2308/Cde août 20230909
099    $t LI $c 2023-09-09 $d 2024-05-09 $x 3
339    $a m
091    $a 2 $b 20240509 $c 0
995    $0 0 $2 0 $4 0 $5 2023-09-30 $9 466355 $P 11.90 $b MED $c MED $e MED3A $f C2400004789 $h ACFSSZZ $k Doc./343.5 XYZ $o 0 $p 11.90 $r PRETLIV $s DOC___343_500000000000000_XYZ $w 3 $y 2024-03-09

