02239cam1a22005292i 4500
001 358743
003 http://www.mediathequederoubaix.fr/ark:/20179/KH358743
005 20240514035851.0
010    $a 9791091555814 $b br. $d 9 EUR
073  0 $a 9791091555814
090    $a 358743
100    $a 20230525d2023    |  |0frey5003||||ba
101 1  $a fre $c kor
102    $a FR
105    $a         0||a|
106    $a r
181  0 $6 01 $a i  $b xxxe  
181    $6 02 $c txt $2 rdacontent
182  0 $6 01 $a n
182    $6 02 $c n $2 rdamedia
183    $6 01 $a nga $2 rdafrcarrier
183    $6 02 $a nc $2 rdacarrier
200 1  $a Chère mamie, chère maman $b Texte imprimé $f Baik Sou-Linne $g traduit du coréen par Arnaud Duval, Guillaume Jeanmaire
210    $a Paris $c l'Atelier des cahiers $d 2023
211    $a 20230921
214  0 $a Paris $c l'Atelier des cahiers $d 2023
215    $a 1 vol. (64 p.) $d 17 x 12 cm
330    $a En Corée, la vie de trois générations de femmes. Ina, la narratrice, passe quelques mois chez sa grand-mère et fait le point sur sa relation avec sa mère, une femme absente et toujours insatisfaite. La grand-mère, la mère et la petite-fille se sont éloignées les unes des autres, mais se redécouvrent, se pardonnent et apprennent à se comprendre. Une histoire sur la condition des Coréennes. ­Electre 2023
345    $b 9791091555814
676    $a 895.7 $v 23
686    $a T321002 $2 electre
686    $a GLEC001 $2 electre
700  1 $6 12487443 $a Baik $b Sou-Linne $f 1982-.... $4 070
702  1 $3 16673887 $9 342689 $6 11345760 $a Duval $b Arnaud $f 1963-.... $4 730
702  1 $3 17981185 $9 342690 $6 12185308 $a Jeanmaire $b Guillaume $4 730
801  3 $a FR $b Electre $c 20230905 $g AFNOR
830    $a ELECTREX-MA/LIT/ML/2309/Lit12 20230915
903    $a Littérature moderne et contemporaine - Romans - Romans $b T321002
903    $a Littératures étrangères contemporaines - Traduction en français $b GLEC001
921    $a Lucie D.
939    $a 
947    $c 9.01 $a 9.90
969    $h  1 $a 1 $d  900
099    $t LI $c 2023-09-15 $d 2024-05-14 $x 4
339    $a m
091    $a 2 $b 20240514 $c 0
995    $0 0 $2 0 $4 0 $5 2023-09-15 $9 465655 $P 9.00 $b MED $c MED $e MED1A $f C1400017855 $h ALTROZZ $k R/BAI $o 0 $p 9.00 $r PRETLIV $s R_BAI $w 4 $y 2024-05-18

