02091cam a2200445   4500
001 358843
003 http://www.mediathequederoubaix.fr/ark:/20179/KH358843
010    $a 978-2-03-604254-4 $b br. $d 6,95 EUR
020    $a FR $b 02364140
033    $a http://catalogue.bnf.fr/ark:/12148/cb47226802j
035    $a FRBNF472268020000005
073  0 $a 9782036042544
090    $a 358843
091    $a 2 $b 20240514 $c 1
099    $t LI $c 2023-09-16 $d 2024-05-14 $x 7
100    $a 20230414d2023    a  y0frey50      ba
101 0  $a fre
102    $a FR
105    $a ||||z   00|a|
106    $a r
181  0 $6 01 $a i  $b xxxe   $a b  $b xb2e  
181    $6 02 $c txt $c sti $2 rdacontent
182  0 $6 01 $a n
182    $6 02 $c n $2 rdamedia
200 1  $a Mission T-Rex $b Texte imprimé $f texte, Pascal Prévot $g illustrations, Art Grootfontein $g mise en couleurs, Laurence Croix
210  0 $a Paris $c Larousse $d 2023
214  0 $a Paris $c Larousse jeunesse $d DL 2023
214  3 $a impr. en Espagne
215    $a 1 vol. (45 p.) $c ill. en coul. $d 20 cm
225 19 $a P'tit Sherlock
225    $a Je lis, j'enquête
330    $a P'tit Sherlock visite le Muséum d'histoire naturelle avec sa classe. Tous sont ravis de pouvoir contempler le célèbre squelette de T.rex dont les ossements ont été découverts dans le sous-sol de leur ville. Trois os manquent cependant pour compléter le tyrannosaure. Voyou, le chien de P'tit Sherlock, compte bien les retrouver. Une histoire avec des énigmes à résoudre. ­Electre 2023
339    $a a
410  0 $0 47216382 $t Je lis, j'enquête $x 2969-8898 $d 2023
686    $a 809 $2 Cadre de classement de la Bibliographie nationale française
700    $3 15090215 $9 87682 $o ISNI0000000002599601 $a Prévot $b Pascal $f 1961-.... $4 070
702    $3 17974462 $9 331938 $o ISNI0000000503926308 $a Grootfontein $b Art $4 440
801  0 $a FR $b FR-751131015 $c 20230414 $g AFNOR $h FRBNF472268020000005 $2 intermrc
999    $a FRBNF472268020000005
995    $0 0 $2 0 $4 0 $5 2023-09-20 $9 465848 $P 6.95 $b MED $c MED $e MED2A $f C2500033437 $h JRORMZZ $k PRE R2/PRE $n 2024-06-23 $o 0 $p 6.95 $r PRETLIV $s PRE_R2_PRE $w 7 $y 2024-05-12

