01911cam a2200469   4500
001 358943
003 http://www.mediathequederoubaix.fr/ark:/20179/KH358943
010    $a 978-2-215-17334-2 $b rel. $d 5,99 EUR
020    $a FR $b 02019775
033    $a http://catalogue.bnf.fr/ark:/12148/cb46505041z
035    $a FRBNF465050410000004
073  0 $a 9782215173342
090    $a 358943
091    $a 2 $b 20240512 $c 1
099    $t LI $c 2023-09-28 $d 2024-05-12 $x 7
100    $a 20200122d2020    a  y0frey50      ba
101 0  $a fre
102    $a FR
105    $a ||||z   00|y|
106    $a r
181  0 $6 01 $a i  $b xxxe   $a b  $b xb2e  
181    $6 02 $c txt $c sti $2 rdacontent
182  0 $6 01 $a n
182    $6 02 $c n $2 rdamedia
200 1  $a Licornes & autres animaux mignons $b Texte imprimé $f Mayumi Jezewski
210  0 $a Paris $c Fleurus $d DL 2020
214  0 $a Paris $c Fleurus $d DL 2020
214  3 $a impr. au Portugal
215    $a 1 vol. (27 p.) $c ill. en coul. $d 24 cm
225 19 $a Mes dessins kawaii étape par étape
330    $a Des modèles et des conseils pour apprendre à dessiner des animaux inspirés de l'univers kawaii : licornes, lamas, paresseux, cygnes, entre autres. ­Electre 2023
339    $a a
461  0 $0 46568073 $t Mes dessins kawaii étape par étape
517 1  $a Licornes et autres animaux mignons
606    $3 11987250 $9 68928 $a Dessin $x Technique $2 rameau
608    $3 12042408 $9 314947 $a Ouvrages pour la jeunesse $2 rameau
676    $a 741.208 3 $v 23
686    $a 740 $2 Cadre de classement de la Bibliographie nationale française
700    $3 16159668 $9 101271 $o ISNI0000000072891093 $a Jezewski $b Mayumi $4 070
801  0 $a FR $b FR-751131015 $c 20200122 $g AFNOR $h FRBNF465050410000004 $2 intermrc
999    $a FRBNF465050410000004
995    $0 0 $2 0 $4 0 $5 2023-10-04 $9 466506 $P 5.99 $b MED $c MED $e MED2A $f C2500033620 $h JDT70ZZ $k E/704 DES $o 0 $p 5.99 $r PRETLIV $s E_704_000000000000000_DES $w 7 $y 2024-05-17

