02094ngm0a22003971i 4500
001 359044
003 http://www.mediathequederoubaix.fr/ark:/20179/KH359044
010    $d 57.66 EUR TTC
073  0 $a 3333290017128 $d 87.36 EUR TTC
090    $a 359044
091    $a 1 $b 20240514 $c 0
099    $t VD $c 2023-09-29 $d 2024-05-14 $x 10
100    $a 20230929              frey50        
101    $a fre $j fre $a eng $j eng
102    $a US
200 1  $a The crown - Saison 5 $b DVD $f Jessica Hobbs, réal. $g Christian Schwochow, Erik Richter Strand, réal. $g Peter Morgan, Jonathan D. Wilson, Meriel Baistow-Clare, scénario $g Martin Phipps, mus. $g Imelda Staunton, Jonathan Pryce, Lesley Manville... [et al.], act.
210    $c Sony Pictures Home Entertainment $d 2023
215    $a 4 DVD (525 min) PAL $c 16/9, Couleur, Dolby Digital 5.1
300    $a Prêt + Consultation
330    $a Une intrigue qui se concentre cette fois sur les années 1990 et les nombreux scandales qui ont éclaboussé la Reine Elizabeth et son entourage : les divorces royaux, notamment le plus médiatisé, celui de Charles et Diana ; l'incendie du Château de Windsor ; la tentative de coup d'état de Charles à sa mère ; les petits messages salaces de ce dernier à Camilla révélés par la presse ; l'arrivée de Tony Blair au pouvoir... 10 épisodes. 
339    $a m
510 0  $a The Crown
606    $9 253027 $a Séries télévisées $x DVD $y Grande-Bretagne
700  1 $a Hobbs $b Jessica $4 370
702  1 $a Staunton $b Imelda $f 1956-.... $4 005
702  1 $a Pryce $b Jonathan $f 1947-.... $4 005
702  1 $a Manville $b Lesley $f 1956-.... $4 005
702  1 $a West $b Dominic $f 1969-.... $4 005
702  1 $a Debicki $b Elizabeth $f 1990-.... $4 005
702  1 $a Williams $b Olivia $f 1968-.... $4 005
702  1 $a Morgan $b Peter $4 690 $4 100
702  1 $a Wilson $b Jonathan D. $4 690
702  1 $a Baistow-Clare $b Meriel $4 690
702  1 $a Phipps $b Martin $4 230
801  0 $a FR $b COLACO $c 20230929
995    $0 0 $2 0 $4 0 $5 2023-11-08 $9 468798 $b MED $c MED $e MED1A $f C1400017925 $h AAPCITV $k DVD/F CRO $n 2024-05-31 $o 0 $p 57.00 $r PRETDVD $s DVD_F_CRO $w 10 $y 2024-05-10 $7  $8  $A  $m  $z 

