02629cam1a2200625 i 4500
001 359146
003 http://www.mediathequederoubaix.fr/ark:/20179/KH359146
005 20240517055123.0
010    $a 978-2-266-33264-4 $b br. $d 8,60 EUR
073  0 $a 9782266332644
090    $a 359146
100    $a 20230425d2023    m  |0frey5003||||ba
101 0  $a fre
102    $a FR
105    $a         0||y|
106    $a r
181  0 $6 01 $a i  $b xxxe  
181    $6 02 $c txt $2 rdacontent
182  0 $6 01 $a n
182    $6 02 $c n $2 rdamedia
183    $6 01 $a nga $2 rdafrcarrier
183    $6 02 $a nc $2 rdacarrier
200 1  $a Mémoire $b Texte imprimé $e vous avez le pouvoir ! $e tout comprendre pour mieux s'entraîner et la développer $f Michel Cymes & Fabien Olicard
210    $a Paris $c Pocket $d 2023
211    $a 20230831
214  0 $a Paris $c Pocket $d 2023
215    $a 1 vol. (245 p.) $c illustrations en couleur $d 18 x 12 cm
222    $a 
225 2  $a Pocket $x 0244-6405 $i Evolution $x 1639-5727 $v 18970
304    $a La couverture porte en complément de titre : tout comprendre pour s'entraîner et développer son potentiel
330    $a Des explications sur le fonctionnement de la mémoire, sur les techniques de mémorisation ainsi que sur les manières de stimuler et d'entretenir cette capacité mentale. Avec des conseils et des astuces pour entretenir ses neurones au quotidien. ­Electre 2023
333    $a Tout public
345    $b 9782266332644
410  0 $0 38974851 $6 4194 $7 0061291900 $t Pocket. Evolution $x 1639-5727 $v 18970
606    $3 13162678 $9 19882 $a Mémoire $2 rameau
608    $3 11975688 $9 1606 $a Guides pratiques $2 rameau
676    $a 153.1 $v 23 $a 
686    $a T440402 $2 electre
686    $a GDOC002 $2 electre
686    $a GRPO000 $2 electre
686    $a PG0100 $2 electre
700  1 $3 12253211 $9 68776 $6 1209158 $7 9401051161 $a Cymes $b Michel $f 1957-.... $4 070
701  1 $3 17144323 $9 271806 $6 11451000 $a Olicard $b Fabien $f 1982-.... $4 070
801  3 $a FR $b Electre $c 20230912 $g AFNOR
830    $a ELECTREA/CI/2023 Octobre bis Arts Théâtre 20231005
902    $a Grand public - Tout public $b PG0100
903    $a Psychologie - Psychologie sensorielle et mentale - Intelligence et aptitudes $b T440402
903    $a Documents, essais - Documents $b GDOC002
903    $a Rayon poche $b GRPO000
947    $c 7.83 $a 8.60
969    $h  1 $a 1 $d  900
099    $t LI $c 2023-10-05 $d 2024-05-17 $x 8
339    $a m
091    $a 2 $b 20240517 $c 0
995    $0 0 $2 0 $4 0 $5 2023-10-06 $9 466839 $b MED $c MED $e MED1A $f C1400017539 $h AAPPLPS $k Doc./153 MEM $n 2024-06-01 $o 0 $p 8.60 $r PRETLIV $s DOC___153_000000000000000_MEM $w 8 $y 2024-05-11

