02485cam1a2200613 i 4500
001 359246
003 http://www.mediathequederoubaix.fr/ark:/20179/KH359246
005 20240517055141.0
010    $a 978-2-317-03412-1 $b br. $d 24,95 EUR
073  0 $a 9782317034121
090    $a 359246
100    $a 20230525d2023    m  |0frey5003||||ba
101 0  $a fre
102    $a FR
105    $a a       0||y|
106    $a r
181  0 $6 01 $a i  $b xxxe   $a b  $b xb2e  
181    $6 02 $c txt $c sti $2 rdacontent
182  0 $6 01 $a n
182    $6 02 $c n $2 rdamedia
183    $6 01 $a nga $2 rdafrcarrier
183    $6 02 $a nc $2 rdacarrier
200 1  $a Le grand livre du modelage $b Texte imprimé $f Elisabeth Bonvalot $g photographies Pascal Despeaux
205    $a 2e édition
210    $a Paris $c Mango $d 2023
211    $a 20230825
214  0 $a Paris $c Mango $d 2023
215    $a 1 vol. (143 p.) $c illustrations en couleur $d 29 x 23 cm
222    $a 
225 2  $a Le grand livre de...
300    $a Glossaire
330    $a Cette initiation au modelage présente toutes les techniques du travail de la terre à travers dix réalisations détaillées étape par étape, des parties du corps humain à des postures en passant par la sculpture animale et le bas-relief. Avec un cahier de photographies des créations personnelles de l'auteure. ­Electre 2023
333    $a Tout public
345    $b 9782317034121
410  0 $6 348921 $t Le grand livre de...
606    $3 11949571 $9 71416 $a Modelage $2 rameau
608    $3 11976167 $9 3372 $a Manuels d'amateurs $2 rameau
676    $a 731.4 $v 23 $a 
686    $a T330205 $2 electre
686    $a GOPV001 $2 electre
686    $a PG0100 $2 electre
700  1 $3 16644472 $9 342880 $6 11354114 $a Bonvalot $b Elisabeth $4 070
702  1 $3 16644484 $9 342881 $6 11355932 $a Despeaux $b Pascal $f 1963-.... $4 600
801  3 $a FR $b Electre $c 20230907 $g AFNOR
830    $a ELECTREA/CI/2023 Octobre Arts Théâtre 20231006
902    $a Grand public - Tout public $b PG0100
903    $a Loisirs et temps libre (activités créatrices et culturelles) - Activités artistiques - Sculpture et taille $b T330205
903    $a Ouvrages pratiques - Conseils pratiques $b GOPV001
947    $c 22.70 $a 24.95
969    $h  1 $a 1 $d  900
099    $t LI $c 2023-10-06 $d 2024-05-17 $x 3
339    $a m
091    $a 2 $b 20240517 $c 0
995    $0 0 $2 0 $4 0 $5 2023-10-06 $9 466854 $b MED $c MED $e MED1A $f C1400017577 $h AAPATLC $k Doc./705 SCU $o 0 $p 24.95 $r PRETLIV $s DOC___705_000000000000000_SCU $w 3 $y 2024-04-19

