02045cam1a2200529 i 4500
001 359347
003 http://www.mediathequederoubaix.fr/ark:/20179/KH359347
005 20240517055149.0
010    $a 9782207176672 $b br. $d 18 EUR
073  0 $a 9782207176672
090    $a 359347
100    $a 20230516d2023    |  |0frey5003||||ba
101 0  $a fre
102    $a FR
105    $a         0||a|
106    $a r
181  0 $6 01 $a i  $b xxxe  
181    $6 02 $c txt $2 rdacontent
182  0 $6 01 $a n
182    $6 02 $c n $2 rdamedia
183    $6 01 $a nga $2 rdafrcarrier
183    $6 02 $a nc $2 rdacarrier
200 1  $a Jules et Joe $b Texte imprimé $e roman $f Alexis Salatko
210    $a Paris $c Denoël $d 2023
211    $a 20230823
214  0 $a Paris $c Denoël $d 2023
215    $a 1 vol. (227 p.) $d 21 x 14 cm
225 2  $a Roman français
330    $a 1981. Au crépuscule de sa carrière, terrassé par le chagrin, le réalisateur Jules Dassin se raccroche à une idée de documentaire pour rendre hommage à son fils Joe, décédé un an plus tôt : commémorer tous les 20 août de sa vie. Au gré des souvenirs se déploie la trajectoire croisée du père et du fils. ­Electre 2023
345    $b 9782207176672
410  0 $6 16534 $7 0228290000 $t Roman français
676    $a 843 $v 23
686    $a T321014 $2 electre
686    $a GLFC001 $2 electre
700  1 $3 11923443 $9 5773 $6 1313940 $7 9401176725 $a Salatko $b Alexis $f 1959-.... $4 070
801  3 $a FR $b Electre $c 20230904 $g AFNOR
830    $a ELECTREMA/LIT/ML/2310/Lit13 20231006
903    $a Littérature moderne et contemporaine - Romans - Biographies romancées $b T321014
903    $a Littérature française contemporaine - Texte en langue originale $b GLFC001
921    $a 
939    $a pour RB
947    $c 16.38 $a 18.00
969    $h  1 $a 1 $d  900
099    $t LI $c 2023-10-06 $d 2024-05-17 $x 7
339    $a m
091    $a 2 $b 20240517 $c 0
995    $0 0 $2 0 $4 0 $5 2023-10-06 $9 466769 $b MED $c MED $e MED1A $f C1400017649 $h ALTROBI $k RB/SAL $n 2024-05-31 $o 0 $p 18.00 $r PRETLIV $s RB_SAL $w 7 $y 2024-05-10

