02704cam a2200493   4500
001 359447
003 http://www.mediathequederoubaix.fr/ark:/20179/KH359447
010    $a 978-2-36290-154-6 $b rel. $d 15 EUR
033    $a http://catalogue.bnf.fr/ark:/12148/cb47324908k
035    $a FRBNF473249080000008
073  0 $a 9782362901546
090    $a 359447
091    $a 2 $b 20240517 $c 1
099    $t LI $c 2023-10-06 $d 2024-05-17 $x 8
100    $a 20230912d2023    a  y0frey50      ba
101 1  $a fre $c eng
102    $a FR
105    $a ||||z   00|a|
106    $a r
181  0 $6 01 $a i  $b xxxe   $a b  $b xb2e  
181    $6 02 $c txt $c sti $2 rdacontent
182  0 $6 01 $a n
182    $6 02 $c n $2 rdamedia
200 1  $a Max et son os $b Texte imprimé $f Corey R. Tabor $g [adaptation de l'américain par Gaël Renan]
210  0 $a [La Garenne-Colombes] $c le Genévrier $d DL 2023
214  0 $a [La Garenne-Colombes] $c le Genévrier $d DL 2023
214  3 $a impr. au Portugal
215    $a 1 vol. (non paginé [39] p.) $c ill. en coul. $d 27 cm
225    $a Collection Est-Ouest
329    $c Pourquoi pas ? $2 CNLJ $k Avis critique donné par le Centre national de la littérature pour la jeunesse
330    $a Alors qu'il joue près d'un étang, Max, un chien, découvre un os. En voyant son ombre dans l'eau, il croit voir un autre chien tenant dans sa gueule un os encore plus beau que le sien. Une histoire librement adaptée de la fable Le chien et son reflet d'Esope. ­Electre 2023
333    $a À partir de 3 ans $2 CNLJ $k Avis critique donné par le Centre national de la littérature pour la jeunesse
339    $a a
410  0 $0 42648418 $t Collection Est-Ouest (Paris) $x 2259-4698 $d 2023
454  1 $t Simon and the better bone
608    $a Albums $2 CNLJ $k Avis critique donné par le Centre national de la littérature pour la jeunesse
700    $3 18033704 $9 336778 $o ISNI0000000454799719 $a Tabor $b Corey R. $f 1987-.... $4 070
702    $3 16278114 $9 107026 $o ISNI0000000399507137 $a Renan $b Gaël $4 730
801  0 $a FR $b FR-751131015 $c 20230912 $g AFNOR $h FRBNF473249080000008 $2 intermrc
999    $a FRBNF473249080000008
995    $0 0 $2 0 $4 0 $5 2023-10-18 $9 467420 $P 15.00 $b MED $c MED $e MED2A $f C2500033746 $h JABPFAF $k PE A/TAB $o 0 $p 15.00 $r PRETLIV $s PE_A_TAB $w 6 $y 2024-04-17 $A 0
995    $0 0 $2 0 $4 0 $5 2023-11-21 $9 469581 $P 15.00 $b MED $c MED $e MED0A $f C3500019379 $h JABEFAE $k EXT E A/TAB $o 0 $r PRETLIV $s EXT_E_A_TAB $w 0 $y 2023-11-21
995    $0 0 $2 0 $4 0 $5 2023-12-01 $9 470519 $P 15.00 $b MED $c MED $e MED0A $f C3500019642 $h JABPFAF $k EXT PE A/TAB $n 2024-09-29 $o 0 $r PRETLIV $s EXT_PE_A_TAB $w 1 $y 2024-02-02
995    $0 0 $2 0 $4 0 $5 2023-12-01 $9 470543 $P 15.00 $b MED $c MED $e MED0A $f C3500019629 $h JABPFAF $k EXT PE A/TAB $n 2024-09-05 $o 0 $r PRETLIV $s EXT_PE_A_TAB $w 1 $y 2024-01-09

