01764nam a22003853n 4500
001 359547
003 http://www.mediathequederoubaix.fr/ark:/20179/KH359547
010    $a 978-2-09-502214-3 $b br. $d 10,95 EUR
033    $a http://catalogue.bnf.fr/ark:/12148/cb47336543p
035    $a FRBNF473365430000008
073  0 $a 9782095022143
090    $a 359547
091    $a 2 $b 20240505 $c 1
099    $t LI $c 2023-10-10 $d 2024-05-05 $x 5
100    $a 20230929d2023    a  y0frey50      ba
101 0  $a fre
102    $a FR
105    $a ||||a   00|||
106    $a r
181  0 $6 01 $a i  $b xxxe  
181    $6 02 $c txt $2 rdacontent
182  0 $6 01 $a n
182    $6 02 $c n $2 rdamedia
200 1  $a Mystère et Pyjamas-Chaussettes $b Texte imprimé $h 5 $i Panique préhistorique
210  0 $a Paris  $c Nathan Pôle Jeunesse $d 2023
214  0 $a Paris $c Nathan Pôle Jeunesse $d 2023
215    $a 1 vol. (117 p.) $d 22 cm
330    $a La classe de Camille se rend au Museum d'histoire naturelle. Répartis en petits groupes, les élèves sont invités à participer à une chasse au trésor au sein du musée. L'équipe de Camille, déterminée à gagner, s'aventure dans un espace interdit. ­Electre 2023
339    $a a
700    $3 17062741 $9 266646 $o ISNI0000000459681154 $a Mey $b Louise $4 570
701    $3 16700732 $9 119293 $o ISNI0000000416554833 $a Ceulemans $b Églantine $4 570
801  0 $a FR $b FR-751131015 $c 20230929 $g AFNOR $h FRBNF473365430000008 $2 intermrc
999    $a FRBNF473365430000008
995    $0 0 $2 0 $4 0 $5 2023-10-21 $9 467763 $P 10.95 $b MED $c MED $e MED2A $f C2600008506 $h JROROZZ $k E R/MEY $n 2024-05-28 $o 0 $p 10.95 $r PRETLIV $s E_R_MEY $w 4 $y 2024-04-16
995    $0 0 $2 0 $4 0 $5 2023-11-17 $9 469380 $P 10.95 $b MED $c MED $e MED0A $f C3500019327 $h JROROZZ $k EXT E R/MEY $o 0 $r PRETLIV $s EXT_E_R_MEY $w 1 $y 2024-04-18

