02351cam a2200469   4500
001 359647
003 http://www.mediathequederoubaix.fr/ark:/20179/KH359647
010    $a 978-2-348-07316-8 $b br. $d 23 EUR
020    $a FR $b 02361968
033    $a http://catalogue.bnf.fr/ark:/12148/cb473294688
035    $a FRBNF473294680000001
073  0 $a 9782348073168
090    $a 359647
091    $a 2 $b 20240505 $c 1
099    $t LI $c 2023-10-12 $d 2024-05-05 $x 1
100    $a 20230920d2023    k  y0frey50      ba
101 0  $a fre
102    $a FR
105    $a ||||7   00|y|
106    $a r
181  0 $6 01 $a i  $b xxxe  
181    $6 02 $c txt $2 rdacontent
182  0 $6 01 $a n
182    $6 02 $c n $2 rdamedia
200 1  $a La nuit de noces $b Texte imprimé $e une histoire de l'intimité conjugale $f Aïcha Limbada
210  0 $a Paris $c La Découverte $d 2023
214  0 $a Paris $c la Découverte $d DL 2023
214  3 $a 18-Saint-Amand-Montrond $c Impr. CPI Bussière
215    $a 1 vol. (351 p.) $c ill. $d 24 cm
328  0 $z Texte remaniée de $b Thèse de doctorat $c Histoire contemporaine $e Paris 1
330    $a Fondée sur les archives apostoliques vaticanes et sur les sources littéraires, médicales, religieuses ou judiciaires produites entre 1800 et 1920, cette étude analyse l'imaginaire du XIXe siècle autour de la nuit de noces, un moment considéré comme décisif pour la construction du couple, mais qui n'est pas sans soulever la problématique du viol conjugal. ­Electre 2023
339    $a m
606    $3 11932418 $a Rites et cérémonies du mariage $3 11931476 $y France $3 11975999 $z 19e siècle $2 rameau
606    $3 12491955 $a Défloration $3 11931476 $y France $3 11975999 $z 19e siècle $2 rameau
606    $3 12491955 $a Défloration $3 11931476 $y France $3 11976044 $z 1900-1945 $2 rameau
606    $3 11932418 $a Rites et cérémonies du mariage $3 11931476 $y France $3 11976044 $z 1900-1945 $2 rameau
676    $a 306.709 44 $v 23
686    $a 300 $2 Cadre de classement de la Bibliographie nationale française
700    $3 18109044 $o ISNI000000051313569X $a Limbada $b Aïcha $4 070
801  0 $a FR $b FR-751131015 $c 20230920 $g AFNOR $h FRBNF473294680000001 $2 intermrc
999    $a FRBNF473294680000001
995    $0 0 $2 0 $4 0 $5 2023-11-03 $9 468506 $P 23.00 $b MED $c MED $e MED3A $f C2400004875 $h ACFSSZZ $k Doc./308 SEX $o 0 $p 23.00 $r PRETLIV $s DOC___308_000000000000000_SEX $w 1 $y 2023-11-29 $7  $8  $A  $m  $z 

