03551cam1a22005292i 4500
001 359747
003 http://www.mediathequederoubaix.fr/ark:/20179/KH359747
005 20240509055335.0
010    $a 978-2-413-08207-1 $b coffret $d 92,45 EUR
073  0 $a 9782413082071
090    $a 359747
100    $a 20230816d2023    |  |0frey5003||||ba
101 0  $a fre
102    $a FR
105    $a     t   0||y|
106    $a r
181  0 $6 01 $a i  $b xxxe   $a b  $b xb2e  
181    $6 02 $c txt $c sti $2 rdacontent
182  0 $6 01 $a n
182    $6 02 $c n $2 rdamedia
183    $6 01 $a nga $2 rdafrcarrier
183    $6 02 $a nc $2 rdacarrier
200 1  $a Les 5 terres $b Texte imprimé $e coffret tomes 7 à 12
210    $a Paris $c Delcourt $d 2023
211    $a 20231206
214  0 $a Paris $c Delcourt $d 2023
215    $a 6 vol. $c illustrations en couleur
225 2  $a Terres de légendes $x 1248-5144
327 1  $a Les 5 terres, cycle 2, Lys, Vol. 7. L'heure du cadeau / scénario Lewelyn (Andoryss, Chauvel, Wong) ; sur une idée originale de David Chauvel ; dessin Jérôme Lereculey ; couleur Dimitris Martinos.  $a Les 5 terres, cycle 2, Lys, Vol. 8. Plus morte que morte / scénario Lewelyn (Andoryss, Chauvel, Wong) ; sur une idée originale de David Chauvel ; dessin Jérôme Lereculey ; couleur Dimitris Martinos.  $a Les 5 terres, cycle 2, Lys, Vol. 9. Ton rire intérieur / scénario Lewelyn (Andoryss, Chauvel, Wong) ; sur une idée originale de David Chauvel ; dessin Jérôme Lereculey ; couleur Dimitris Martinos.  $a Les 5 terres, cycle 2, Lys, Vol. 10. Réapprendre la peur / scénario Lewelyn (Andoryss, Chauvel, Wong) ; dessin Jérôme Lereculey ; sur une idée originale de David Chauvel ; couleur Dimitris Martinos.  $a Les 5 terres, cycle 2, Lys, Vol. 11 / scénario Lewelyn (Andoryss, Chauvel, Wong) ; dessin Jérôme Lereculey ; sur une idée originale de David Chauvel
330    $a Un coffret comprenant l'intégralité du deuxième cycle de la série Les 5 Terres. ­Electre 2023
345    $b 9782413082071
410  0 $0 34280290 $6 19999 $7 0270740000 $t Terres de légendes $x 1248-5144
464  0 $t Les 5 terres, cycle 2, Lys, Vol. 7. L'heure du cadeau $f scénario Lewelyn (Andoryss, Chauvel, Wong) $g sur une idée originale de David Chauvel $g dessin Jérôme Lereculey $g couleur Dimitris Martinos
464  0 $t Les 5 terres, cycle 2, Lys, Vol. 8. Plus morte que morte $f scénario Lewelyn (Andoryss, Chauvel, Wong) $g sur une idée originale de David Chauvel $g dessin Jérôme Lereculey $g couleur Dimitris Martinos
464  0 $t Les 5 terres, cycle 2, Lys, Vol. 9. Ton rire intérieur $f scénario Lewelyn (Andoryss, Chauvel, Wong) $g sur une idée originale de David Chauvel $g dessin Jérôme Lereculey $g couleur Dimitris Martinos
464  0 $t Les 5 terres, cycle 2, Lys, Vol. 10. Réapprendre la peur $f scénario Lewelyn (Andoryss, Chauvel, Wong) $g dessin Jérôme Lereculey $g sur une idée originale de David Chauvel $g couleur Dimitris Martinos
464  0 $t Les 5 terres, cycle 2, Lys, Vol. 11 $f scénario Lewelyn (Andoryss, Chauvel, Wong) $g dessin Jérôme Lereculey $g sur une idée originale de David Chauvel
676    $a 741.56 $v 23
686    $a T090207 $2 electre
700  0 $6 12102956 $a Lewelyn $4 070
701  1 $3 12418591 $9 63157 $6 1348394 $7 9524000018 $a Lereculey $b Jérôme $f 1970-.... $4 440
701  1 $3 12337049 $9 53115 $6 1201091 $7 9401040439 $a Chauvel $b David $f 1969-.... $4 100
702  1 $6 11374599 $a Martinos $b Dimitris $4 410
801  3 $a FR $b Electre $c 20230823 $g AFNOR
099    $t LI $c 2023-10-13 $d 2024-05-09
339    $a m
091    $a 2 $b 20240509 $c 0

