02224cam a2200469   4500
001 359847
003 http://www.mediathequederoubaix.fr/ark:/20179/KH359847
010    $a 978-2-37731-926-8 $b rel. $d 28 EUR
020    $a FR $b 02402070
033    $a http://catalogue.bnf.fr/ark:/12148/cb473146285
035    $a FRBNF473146280000000
073  0 $a 9782377319268
090    $a 359847
091    $a 2 $b 20240509 $c 1
099    $t LI $c 2023-10-13 $d 2024-05-09 $x 7
100    $a 20230825d2023    m  y0frey50      ba
101 0  $a fre
102    $a FR
105    $a ||||t   00|a|
106    $a r
181  0 $6 01 $a i  $b xxxe   $a b  $b xb2e  
181    $6 02 $c txt $c sti $2 rdacontent
182  0 $6 01 $a n
182    $6 02 $c n $2 rdamedia
200 1  $a Le fils de Pan $b Texte imprimé $f Fabrizio Dori
210  0 $a Paris $c Sarbacane $d DL 2023
214  0 $a Paris $c Sarbacane $d DL 2023
214  3 $a 85-Luçon $c Impr. Pollina
215    $a 1 vol. (236 p.) $c ill. en coul. $d 30 cm
300    $a Suite de : "Le dieu vagabond", ISBN 978-2-37731-046-3
305    $a Le dieu vagabond
329    $c Bravo ! $2 CNLJ $k Avis critique donné par le Centre national de la littérature pour la jeunesse
330    $a Après avoir volé de l'ambroisie à Arès, le satyre déchu Eustis, dont la tête est mise à prix, est parachuté dans le monde des mortels. Séléné, la déesse de la Lune, lui confie le fils qu'elle a eu avec Pan pour qu'il l'aide à trouver sa spécialité divine. Cette mission est loin de le ravir. ­Electre 2023
333    $a À partir de 15 ans $2 CNLJ $k Avis critique donné par le Centre national de la littérature pour la jeunesse
339    $a m
422  0 $0 45653291 $t Le dieu vagabond $y 978-2-37731-046-3
608    $a Bandes dessinées $2 CNLJ $k Avis critique donné par le Centre national de la littérature pour la jeunesse
686    $a 805 $2 Cadre de classement de la Bibliographie nationale française
700    $3 17040510 $9 267160 $o ISNI0000000459596558 $a Dori $b Fabrizio $4 070
801  0 $a FR $b FR-751131015 $c 20230825 $g AFNOR $h FRBNF473146280000000 $2 intermrc
999    $a FRBNF473146280000000
995    $0 0 $2 0 $4 0 $5 2023-10-21 $9 467784 $b MED $c MED $e MED0C $f C2300014189 $h AAPBDZZ $k BD/DOR $o 0 $p 28.00 $r PRETLIV $s BD_DOR $w 7 $y 2024-05-17

