01893cim1a2200421 i 4500
001 359947
003 http://www.mediathequederoubaix.fr/ark:/20179/KH359947
005 20240512063400.0
010    $a 9791036628078 $d 24,90 EUR
073  0 $a 9791036628078
090    $a 359947
091    $a 2 $b 20240512 $c 0
099    $t LS $c 2023-10-14 $d 2024-05-12 $x 5
100    $a 20230425d2023    |  |0frey5003||||ba
101 1  $a fre $c eng
102    $a FR
105    $a         0||a|
106    $a r
200 1  $a Et c'est ainsi que nous vivrons $b Enr. sonore $f Douglas Kennedy, aut. $g traduit de l'anglais (Etats-Unis) par Chloé Royer $g lu par Marie Bouvier
210    $a Paris $c Lizzie $d 2023
211    $a 20230817
214  0 $a Paris $c Lizzie $d 2023
215    $a 1 d.c. audio (11 h 48 min)
307    $a Format MP3
330    $a En 2045, une guerre a redessiné les frontières des Etats-Unis. Les côtes Est et Ouest forment une République où la liberté est totale mais la surveillance constante. Les Etats du centre sont réunis en une confédération dans laquelle les valeurs chrétiennes font loi. Sur les traces d'une dangereuse cible, Samantha Stengel, agent des services secrets républicains, s'apprête à infiltrer l'autre camp. ­Electre 2023
339    $a m
345    $b 9791036628078
676    $a 813 $v 23
686    $2 electre
686    $2 electre
686    $2 electre
700  1 $3 13184212 $9 43168 $a Kennedy $b Douglas $f 1955-.... $4 070
702  1 $3 17050135 $9 266318 $a Royer $b Chloé $4 730
702  1 $3 16561937 $9 266873 $a Bouvier $b Marie
801  3 $a FR $b Electre $c 20230830 $g AFNOR
830    $a ELECTREX-MA/LIT/ML/2310/Lit14 LA 20231014
856 4  $u https://www.electre.com/GetBlob.ashx?Ean=9791036628078,0-10009054&Size=Original
995    $0 0 $2 0 $4 0 $5 2023-10-14 $9 467205 $P 24.90 $b MED $c MED $e MED1A $f C1400017817 $h ALTLSZZ $k LA R/KEN $n 2024-05-24 $o 0 $p 24.90 $r PRETLS $s LA_R_KEN $w 5 $y 2024-05-03

