02465cam1a2200457 i 4500
001 360047
003 http://www.mediathequederoubaix.fr/ark:/20179/KH360047
005 20231024112934.0
010    $a 978-2-35906-400-1 $b rel. $d 35 EUR
073  0 $a 9782359064001
090    $a 360047
091    $a 0 $b 20231020 $c 0
099    $t LI $c 2023-10-19 $d 2023-10-24
100    $a 20230301d2023    m  |0frey5003||||ba
101 0  $a fre
102    $a FR $a FR $a FR
105    $a a       0||y|
106    $a r
200 1  $a Yves Saint Laurent $b Texte imprimé $e transparences $f commisariat général Elsa Janssen, Anne-Claire Laronde
210    $a Calais (Pas-de-Calais) $c Cité de la dentelle et de la mode de Calais $d 2023 $a Paris $c Lienart éditions $c Musée Yves Saint Laurent $d 2023
215    $a 1 vol. (117 p.) $c illustrations en noir et en couleur $d 27 x 21 cm
300    $a Glossaire. Chronol. Bibliogr.
304    $a Exposition, Calais, Cité internationale de la dentelle et de la mode, du 24 juin au 12 novembre 2023 ; Paris, Musée Yves Saint Laurent Paris, du 9 février au 1er septembre 2024
330    $a Présentation d'une soixantaine de modèles issus des collections de la Fondation Pierre Bergé-Yves Saint Laurent ainsi que de la Cité de la dentelle et de la mode, qui mettent en lumière la manière dont le couturier utilisait les effets de transparence des tissus pour promouvoir une figure de femme puissante et sensuelle. Les créations sont complétées d'accessoires. ­Electre 2023
333    $a Tout public
339    $a m
345    $b 9782359064001
503 1  $a Exposition $m Calais $n Cité internationale de la dentelle et de la mode $j 2023
503 1  $a Exposition $m Paris $n Musée Yves Saint Laurent $j 2024
600  1 $3 12028999 $9 59506 $a Saint Laurent $b Yves $f 1936-2008 $2 rameau
601    $9 139205 $a Cite de la dentelle et de la mode $c Calais, Pas-de-Calais $x Catalogues d'exposition
606    $3 11932508 $9 11250 $a Mode $3 11931476 $9 109 $y France $3 12433520 $9 3628 $z 1945-.... $2 rameau
608    $3 11938837 $9 136 $a Catalogues d'exposition $2 rameau
676    $a 746.92 $v 23
686    $2 electre
686    $2 electre
686    $2 electre
702  1 $3 16705626 $9 113404 $a Janssen $b Elsa $4 651
702  1 $3 15790726 $9 343417 $a Laronde $b Anne-Claire $f 1978-.... $4 651
801  3 $a FR $b Electre $c 20230719 $g AFNOR
995    $0 0 $2 0 $4 0 $5 2023-10-24 $9 467845 $b MED $c MED $e MED0C $f C3200035227 $h PRRRGZZ $k FR/719 EXP $o 0 $p 35.00 $r PRETLIV $s FR_719_000000000000000_EXP $w 0 $y 2023-10-24

