02642cam1a22006251i 4500
001 360150
003 http://www.mediathequederoubaix.fr/ark:/20179/KH360150
005 20240509055431.0
010    $a 2742739068 $b br. $d 11,20 EUR
035    $a ELC149216 $z 2003070343
073  0 $a 9782742739066
073  0 $a 9782760978423
090    $a 360150
100    $a 20030218d2002    |  |0frey5003||||ba
101 1  $a fre $c rus
102    $a FR $a CA
105    $a         0||a|
106    $a r
181  0 $6 01 $a i  $b xxxe  
181    $6 02 $c txt $2 rdacontent
182  0 $6 01 $a n
182    $6 02 $c n $2 rdamedia
183    $6 01 $a nga $2 rdafrcarrier
183    $6 02 $a nc $2 rdacarrier
200 1  $a Crime et châtiment $b Texte imprimé $f Fedor Mikhaïlovitch Dostoïevski $g traduit du russe par André Markowicz
205    $a Nouv. éd.
210    $a Arles (Bouches-du-Rhône) $c Actes Sud $d 2002 $a Montréal (Canada) $c Leméac $d 2002
211    $a 20020510
214  0 $a Arles (Bouches-du-Rhône) $c Actes Sud $d 2002 $a Montréal (Canada) $c Leméac $d 2002
215    $a 1 vol. $d 18 x 11 cm
225 1  $a Crime et châtiment $v 2
225 2  $a Babel $f coll. dir. par Jacques Dubois et Hubert Nyssen $x 1140-3853 $v 232
330    $a Un homme extraordinaire a-t-il le droit de tuer une repoussante vieille usurière afin de pouvoir, par ce crime, améliorer le sort de l'humanité? En tuant, ne risque-t-il pas de se tuer aux yeux des autres? Telles sont les interrogations de Dostoïevski dans sa première grande oeuvre romanesque. ­Electre 2023
345    $b 9782742739066 $b 9782760978423
410  0 $0 34252526 $6 15941 $7 0219580000 $t Babel $x 1140-3853 $v 232
461  0 $6 91426 $t Crime et châtiment $v 2
676    $a 891.73 $v 23
686    $a T321002 $2 electre
686    $a GLET001 $2 electre
686    $a GRPO000 $2 electre
700  1 $3 11900477 $9 289403 $6 1345497 $7 9508000103 $a Dostoïevski $b Fedor Mikhaïlovitch $f 1821-1881 $4 070
702  1 $3 11914636 $9 1550 $6 1276410 $7 9401132441 $a Markowicz $b André $f 1960-.... $4 730
801  3 $a FR $b Electre $c 20230222 $g AFNOR
830    $a ELECTREX-MA/LIT/ML/2310/réassort/Lit16 20231024
903    $a Littérature moderne et contemporaine - Romans - Romans $b T321002
903    $a Littératures et textes étrangers classiques - Traduction en français $b GLET001
903    $a Rayon poche $b GRPO000
921    $a 
939    $a réassort R
947    $c 10.19 $a 11.20
969    $h  1 $a 1 $d  900
099    $t LI $c 2023-10-24 $d 2024-05-09 $x 1
339    $a m
091    $a 2 $b 20240509 $c 0
995    $0 0 $2 0 $4 0 $5 2023-10-24 $9 467936 $P 11.20 $b MED $c MED $e MED1A $f C1400018411 $h ALTROZZ $k R/DOS $o 0 $p 11.20 $r PRETLIV $s R_DOS $w 1 $y 2024-03-09

