01637ngm0a22003611i 4500
001 360251
003 http://www.mediathequederoubaix.fr/ark:/20179/KH360251
010    $d 39.78 EUR TTC
073  0 $a 3545020085233 $d 60.28 EUR TTC
090    $a 360251
091    $a 1 $b 20240512 $c 0
099    $t VD $c 2023-10-25 $d 2024-05-17 $x 10
100    $a 20231025              frey50        
101    $a fre $j fre $a tur
102    $a TR
200 1  $a Burning days $b DVD $f Emin Alper, réal. $g Emin Alper, scénario $g Stefan Will, mus. $g Selahattin Pasali, Ekin Koç, Erol Babaoglu... [et al.], act.
210    $c Memento Films Distribution $d 2023
215    $a 1 DVD (123 min) PAL $c 16/9, Couleur, Dolby Digital 5.1
300    $a Prêt + Consultation
330    $a Emre, un jeune procureur déterminé et inflexible, vient d'être nommé dans une petite ville reculée de Turquie. A peine arrivé, il se heurte aux notables locaux bien décidés à défendre leurs privilèges par tous les moyens, même les plus extrêmes. 
339    $a m
510 0  $a Kurak Günler
606    $9 309987 $a Drames (cinéma) $x DVD $y Turquie
700  1 $a Alper $b Emin $f 1974-.... $4 370 $4 690
702  1 $a Pasali $b Selahattin $f 1990-.... $4 005
702  1 $a Koç $b Ekin $4 005
702  1 $a Babaoglu $b Erol $f 1977-.... $4 005
702  1 $a Senocak $b Erdem $f 1979-.... $4 005
702  1 $a Yeninci $b Selin $f 1988-.... $4 005
702  1 $a Demirer $b Sinan $f 1972-.... $4 005
702  1 $a Will $b Stefan $4 230
801  0 $a FR $b COLACO $c 20231025
995    $0 0 $2 0 $4 0 $5 2023-11-08 $9 468718 $b MED $c MED $e MED1A $f C1400017801 $h AAPCIFI $k DVD/F ALP $n 2024-06-07 $o 0 $p 39.00 $r PRETDVD $s DVD_F_ALP $w 10 $y 2024-05-17 $7  $8  $A  $m  $z 

