02066cam1a2200505 i 4500
001 360351
003 http://www.mediathequederoubaix.fr/ark:/20179/KH360351
005 20240514040536.0
010    $a 9782819507314 $b br. $d 18,95 EUR
073  0 $a 9782819507314
090    $a 360351
100    $a 20230111d2023    |  |0frey5003||||ba
101 0  $a fre
102    $a FR
105    $a         0||a|
106    $a r
181  0 $6 01 $a i  $b xxxe  
181    $6 02 $c txt $2 rdacontent
182  0 $6 01 $a n
182    $6 02 $c n $2 rdamedia
183    $6 01 $a nga $2 rdafrcarrier
183    $6 02 $a nc $2 rdacarrier
200 1  $a Je nous ai attendus si longtemps $b Texte imprimé $e roman $f Joffrey Gabriel
210    $a Paris $c Nouveaux auteurs $d 2023
211    $a 20230907
214  0 $a Paris $c Nouveaux auteurs $d 2023
215    $a 1 vol. (264 p.) $d 21 x 14 cm
330    $a Emma, 30 ans, comptable dans un cabinet parisien, est mère de deux enfants et une épouse heureuse. Au cours d'un week-end dans la maison familiale de Deauville, elle retrouve un cliché oublié qui ravive des souvenirs de Maxime, son premier amour, lorsqu'elle était âgée de 18 ans. Submergée par les émotions du passé et les regrets, elle se met en quête de cet homme qu'elle a aimé. ­Electre 2023
345    $b 9782819507314
676    $a 843 $v 23
686    $a T321002 $2 electre
686    $a GLFC001 $2 electre
700  1 $3 17891186 $9 336054 $6 12146085 $a Gabriel $b Joffrey $f 1991-.... $4 070
801  3 $a FR $b Electre $c 20230929 $g AFNOR
830    $a ELECTREX-MA/LIT/ML/2310/Lit15 20231027
903    $a Littérature moderne et contemporaine - Romans - Romans $b T321002
903    $a Littérature française contemporaine - Texte en langue originale $b GLFC001
921    $a X0002272245
939    $a 
947    $c 17.24 $a 18.95
969    $h  1 $a 1 $d  900
099    $t LI $c 2023-10-27 $d 2024-05-14 $x 5
339    $a m
091    $a 2 $b 20240514 $c 0
995    $0 0 $2 0 $4 0 $5 2023-10-27 $9 468231 $P 18.95 $b MED $c MED $e MED1A $f C1400018179 $h ALTROZZ $k R/GAB $n 2024-05-30 $o 0 $p 18.95 $r PRETLIV $s R_GAB $w 5 $y 2024-04-17

