00843nam a2200205   4500
001 360452
003 http://www.mediathequederoubaix.fr/ark:/20179/KH360452
010    $a 9791069965515
090    $a 360452
091    $a 0
099    $t LI $c 2023-10-28 $d 2023-10-28
100    $a 20231028d2020    m||y0frey50      ba
101    $a fre
200    $a Naissances des communes minières du Pas-de-Calais et du Nord $f Guy Dubois
210    $a [Arras $c Département du Pas-de-Calais  $d ca 2020]
215    $a 288 p. $c ill. en coul, couv. ill. en coul. $d 21 cm
606    $9 343606 $a Villes minières $y France $y Pas-de-Calais (France)
700    $9 118280 $a Dubois $b Guy $f 1938-....
801    $a FR $b 595126101 $c 20231028 $g AFNOR
995    $0 0 $2 0 $4 0 $5 2023-10-28 $9 468403 $b MED $c MED $e MED0C $f C3200035392 $h PRRRGZZ $k FR/622 MIN $o 0 $p 10.00 $r PRETLIV $s FR_622_000000000000000_MIN $w 0 $y 2023-11-07

