01349cam1a22003611i 4500
001 360556
003 http://www.mediathequederoubaix.fr/ark:/20179/KH360556
005 20231108145247.0
010    $a 978-2-38533-048-4 $b br. $d 18 EUR
073  0 $a 9782385330484
090    $a 360556
091    $a 0 $b 20231108 $c 0
099    $t LI $c 2023-11-07 $d 2023-11-08
100    $a 20230731d2023    |  |0frey5003||||ba
101 0  $a fre
102    $a FR
105    $a         0||a|
106    $a r
200 1  $a Les 7 prières de Lille $f Jean-Marc Demetz
210    $a Saint-Clément-de-Rivière (Hérault) $c La Combe $d 2023
215    $a 1 vol. (162 p.) $d 21 x 15 cm
225 2  $a Noire & suspense
330    $a Le policier Bill est harcelé par un tueur qui lui adresse un indice chaque fois qu'un de ses proches est tué. Pour mettre un terme à ce jeu de piste, il doit résoudre l'énigme des sept prières de Lille. ­Electre 2023
339    $a m
345    $b 9782385330484
410  0 $t Noire & suspense
607    $9 141027 $a Lille (Nord) $x Roman
676    $a 843 $v 23
686    $2 electre
686    $2 electre
700  1 $3 15064533 $9 293248 $a Demetz $b Jean-Marc $f 1956-.... $4 070
801  3 $a FR $b Electre $c 20230929 $g AFNOR
995    $0 0 $2 0 $4 0 $5 2023-11-08 $9 468763 $b MED $c MED $e MED0C $f C3200035507 $h PRRRGZZ $k FR/RP DEM $o 0 $p 18.00 $r PRETLIV $s FR_RP_DEM $w 0 $y 2023-11-09

