02001njm0a2200397   4500
001 360656
003 http://www.mediathequederoubaix.fr/ark:/20179/KH360656
071 01 $a GEFA0061 $b Gemelli Factory
073  0 $a 3770031472004
090    $a 360656
091    $a 1 $b 20240514 $c 0
099    $c 2023-11-10 $d 2024-05-14 $t DC $x 1
100    $a 20231026d2023    u  y0frey5003    ba
101 0  $a ita
127    $a 010800 $a 010500 $a 004600
200 1  $a Il ritorno d'Ulisse in patria $b [enr. sonore] $f Claudio Monteverdi, comp. $g Mathilde Etienne, S $g Zachary Wilder, T $g Emöke Barath, S... [et al.]
210    $a [S.l.] $c Gemelli Factory $d 2023
215    $a 3 CD (68, 65, 46 min) $e 1 livret (24cm)
300    $a Textes des chansons
330    $a Deuxième opéra conservé de Claudio Monteverdi, "le Retour d'Ulysse en sa patrie" conte les dernières aventures du héros au retour de la Guerre de Troie. Au royaume d'Ithaque, Pénélope, menacée par les Prétendants qui convoitent le trône, attend depuis vingt ans le retour de son époux. Heureusement, la déesse Minerve veille sur ce petit monde.
334    $a Télérama No.3847 p.65 du 03/10/2023 $b 4/4
334    $a Diapason No.725 p.89 du 01/09/2023 $b 5/5
334    $a Classica No.256 p.107 du 25/10/2023 $b 5/5
345    $a GAM $b 3770031472004 $c disque compact $d 56,92 E
610    $a Opéra (intégrale), festa teatrale
679    $a 3 $c 35
700  1 $a Monteverdi $b Claudio $f 1567-1643 $4 230
702  1 $a Etienne $b Mathilde $4 721
702  1 $a Wilder $b Zachary $4 721
702  1 $a Barath $b Emöke $f 1985-.... $4 721
702  1 $a Chaieb $b Rihab $4 721
702  1 $a Gonzalez Toro $b Emiliano $4 721
712 02 $a Gemelli (I) $4 545
801  0 $a FR $b GAM $c 20231026
856 4  $u https://www.gamannecy.com/upload/albums/202309/3770031472004_thumb.jpg
995    $0 0 $2 0 $4 0 $5 2024-01-12 $9 472289 $P 56.92 $b MED $c MED $e MED1A $f C3100011909 $h AMV30ZZ $k DC/3 MON Opéra $l contient 3 DC + 1 livret hors format $o 0 $p 56.92 $r PRETSON $s DC_3_000000000000000_MON_OPÉRA $w 1 $y 2024-02-24 $7  $8  $A  $m  $z 

