01574cam2a2200445 i 4500
001 360756
003 http://www.mediathequederoubaix.fr/ark:/20179/KH360756
005 20240509060110.0
010    $a 978-2-35348-264-1 $b br. sous jaquette $d 8,50 EUR
073  0 $a 9782353482641
090    $a 360756
100    $a 20230602d2023    |  |0frey5003||||ba
101 1  $a fre $c jpn
102    $a FR
105    $a     t   0||y|
106    $a r
181  0 $6 01 $a i  $b xxxe   $a b  $b xb2e  
181    $6 02 $c txt $c sti $2 rdacontent
182  0 $6 01 $a n
182    $6 02 $c n $2 rdamedia
183    $6 01 $a nga $2 rdafrcarrier
183    $6 02 $a nc $2 rdacarrier
200 1  $a Le roi des limbes $b Texte imprimé $h 1 $f Ai Tanaka $g traduit du japonais par Yohan Leclerc
210    $a Poitiers $c le Lézard noir $d 2023
211    $a 20230705
214  0 $a Poitiers $c le Lézard noir $d 2023
215    $a 1 vol. (175 p.) $c illustrations en noir et blanc $d 18 x 14 cm
307    $a Sens de lecture japonais
330    $a Un soldat de l'US Navy et un ancien héros légendaire se trouvent confrontés à une épidémie de maladie du sommeil. Ils doivent faire équipe afin de tenter de l'éradiquer. ­Electre 2023
345    $b 9782353482641
461  0 $6 381544 $t Le roi des limbes $v 1
676    $a 741.56 $v 23
686    $a T090400 $2 electre
686    $a GRPO000 $2 electre
700  1 $6 12492437 $a Tanaka $b Ai $4 070
702  1 $3 16277056 $9 327192 $6 11327925 $a Leclerc $b Yohan $4 730
801  3 $a FR $b Electre $c 20230824 $g AFNOR
099    $t LI $c 2023-11-14 $d 2024-05-09
339    $a m
091    $a 2 $b 20240509 $c 0

