01772cam a2200433   4500
001 360856
003 http://www.mediathequederoubaix.fr/ark:/20179/KH360856
010    $a 979-10-355-0305-5 $b br. $d 7,90 EUR
020    $a FR $b 02249240
033    $a http://catalogue.bnf.fr/ark:/12148/cb469993957
035    $a FRBNF469993950000003
073  0 $a 9791035503055
090    $a 360856
091    $a 2 $b 20240509 $c 1
099    $t LI $c 2023-11-14 $d 2024-05-09 $x 5
100    $a 20220331d2022    m  y0frey50      ba
101 1  $a fre $c jpn
102    $a FR
105    $a ||||t   00|a|
106    $a r
181  0 $6 01 $a i  $b xxxe   $a b  $b xb2e  
181    $6 02 $c txt $c sti $2 rdacontent
182  0 $6 01 $a n
182    $6 02 $c n $2 rdamedia
200 1  $a Angels of death $h 6 $b Texte imprimé $f dessin, Kudan Naduka $g scénario, Makoto Sanada
210  0 $a [Paris] $c Mana books $d DL 2022
214  0 $a [Paris] $c Mana books $d DL 2022
214  3 $a impr. en Italie
215    $a 1 vol. (156 p.) $c ill. $d 18 cm
330    $a Alors qu'elle s'engage dans le deuxième sous-sol pour venir en aide à Zack, qui est gravement blessé, Ray tombe sur le père Gray. Celui-ci la questionne sur ses intentions. ­Electre 2023
339    $a m
454  1 $t Satsuriku no tenshi $h Vol. 6
461  0 $0 46942076 $t Angels of death $v 6
686    $a 805 $2 Cadre de classement de la Bibliographie nationale française
700    $3 17989852 $9 345365 $o ISNI0000000499629895 $a Nazuka $b Kudan $4 440
702    $3 16564704 $9 345366 $a Sanada $b Makoto $4 070
801  0 $a FR $b FR-751131015 $c 20220331 $g AFNOR $h FRBNF469993950000003 $2 intermrc
999    $a FRBNF469993950000003
995    $0 0 $2 0 $4 0 $5 2023-11-30 $9 470375 $b MED $c MED $e MED0C $f C2300014413 $h AAPBDMG $k BD MANGAS/SAN $n 2024-05-11 $o 0 $p 7.90 $r PRETLIV $s BD_MANGAS_SAN $w 5 $y 2024-04-20

