01131nam a2200265   4500
001 360956
003 http://www.mediathequederoubaix.fr/ark:/20179/KH360956
035 00 $a HZ_RBX74930
090    $a 360956
091    $a 0
099    $t LI $c 2014-06-30 $d 2023-11-15 $x 0
100    $a 19       1935    m||y0frey5003    ba
101    $a fre
200    $a Matériel hermétique $f Etablissements Louis Becquart $e nouvelle série, type HS : double cage modèle horizontal $h fascicule 2
210    $a [Lille $c Etablissements Louis Becquart $d ca 1935]
215    $a [4] f. $d 27 cm $c ill. 
300    $a Don de Etienne Prouvost, 2017
339    $a m
601    $9 345401 $a Etablissements Louis Becquart $b Lille
606    $9 237749 $a Équipement industriel $y France $y Lille (Nord)
702    $4 320 $9 326870 $a Prouvost $b Etienne
710    $9 345401 $a Etablissements Louis Becquart $b Lille
801  0 $a FR $b 595126101 $c 20090916 $g AFNOR
930    $5 595126101:C0001530171 $b 595126101 $a MAG L/P 8/105 931 $e Fonds patrimonial
995    $0 0 $2 0 $4 0 $5 2023-11-15 $9 469155 $b MED $c MED $e MED3N $f c0005986040 $h PPEFGZZ $k BR 4/3651 $o 2 $r PRETLIV $s BR_4_365100000000000 $w 0 $y 2023-11-15 $7  $8  $A  $m  $z 

