02125cam a2200457   4500
001 361056
003 http://www.mediathequederoubaix.fr/ark:/20179/KH361056
010    $a 978-2-09-031300-0 $b br. $d 6,50 EUR
020    $a FR $b 02211717
033    $a http://catalogue.bnf.fr/ark:/12148/cb468628191
035    $a FRBNF468628190000003
073  0 $a 9782090313000
090    $a 361056
091    $a 2 $b 20240517 $c 1
099    $t LI $c 2023-11-21 $d 2024-05-17 $x 1
100    $a 20210907d2021    m  y0frey50      ba
101 0  $a fre
102    $a FR
105    $a ||||z   00|a|
106    $a r
181  0 $6 01 $a i  $b xxxe  
181    $6 02 $c txt $2 rdacontent
182  0 $6 01 $a n
182    $6 02 $c n $2 rdamedia
200 1  $a Les lettres de mon moulin $b Texte imprimé $f Alphonse Daudet $g adapté en français facile par Françoise Claustres
210  0 $a [Paris] $c Clé international $d DL 2021
214  0 $a [Paris] $c Clé international $d DL 2021
214  3 $a 01-Péronnas $c Impr. Sepec numérique
215    $a 1 vol. (56 p.) $c ill. en coul. $d 21 cm
225    $a Découverte $e classique $e A2.2
308    $a Lecture en français facile
330    $a En Provence, un vieux moulin abrite le poète. C'est là que Daudet donne naissance à ses personnages légendaires, au travers d'une trentaine de lettres. Avec des questions de compréhension corrigées, du vocabulaire ainsi que la version audio disponible en téléchargement. ­Electre 2023
339    $a m
410  0 $0 40043179 $t Découverte (Paris. 2005) $x 1776-6087 $d 2021
410  0 $0 34290762 $t Lectures Clé en français facile $x 1274-9605 $d 2021
686    $a 803 $2 Cadre de classement de la Bibliographie nationale française
700    $3 11898723 $9 279517 $o ISNI0000000121184572 $a Daudet $b Alphonse $f 1840-1897 $4 070
702    $3 15027709 $9 345432 $o ISNI0000000002143524 $a Claustres $b Françoise $f 1965-.... $4 010
801  0 $a FR $b FR-751131015 $c 20210907 $g AFNOR $h FRBNF468628190000003 $2 intermrc
999    $a FRBNF468628190000003
995    $0 0 $2 0 $4 0 $5 2023-11-22 $9 469723 $b MED $c MED $e MED3A $f C2500034165 $h ACFLAFF $k 415 R $o 0 $p 6.50 $r PRETLIV $s 415_000000000000000_R $w 1 $y 2024-05-14 $7  $8  $A  $m  $z 

