02148cam a2200409   4500
001 361257
003 http://www.mediathequederoubaix.fr/ark:/20179/KH361257
010    $a 978-2-07-519619-2 $b br. $d 9,90 EUR
033    $a http://catalogue.bnf.fr/ark:/12148/cb47332654n
035    $a FRBNF473326540000009
073  0 $a 9782075196192
090    $a 361257
091    $a 2 $b 20240505 $c 1
099    $t LI $c 2023-11-24 $d 2024-05-05 $x 1
100    $a 20230925d2023    a  y0frey50      ba
101 0  $a fre
102    $a FR
105    $a ||||z   00|a|
106    $a r
181  0 $6 01 $a i  $b xxxe  
181    $6 02 $c txt $2 rdacontent
182  0 $6 01 $a n
182    $6 02 $c n $2 rdamedia
200 1  $a Le grand voyage $b Texte imprimé $f Érik L'Homme
210  0 $a [Paris] $c Gallimard jeunesse $d DL 2023
214  0 $a [Paris] $c Gallimard jeunesse $d DL 2023
215    $a 1 vol. (202 p.) $d 21 cm
329    $c Pourquoi pas ? $2 CNLJ $k Avis critique donné par le Centre national de la littérature pour la jeunesse
330    $a Depuis la mort de sa mère, Victor, 12 ans, vit en Bretagne chez son grand-père. Un jour, une enseignante du collège évoque la légende de l'Ankou, qui moissonne les âmes des défunts. Dans l'espoir de retrouver sa mère, le garçon s'aventure au pays des morts avec ses amis Fanch et Léonie en se cachant dans la charrette de l'Ankou. Un roman inspiré de légendes celtiques. ­Electre 2023
333    $a À partir de 11 ans $2 CNLJ $k Avis critique donné par le Centre national de la littérature pour la jeunesse
339    $a a
608    $a Romans $2 CNLJ $k Avis critique donné par le Centre national de la littérature pour la jeunesse
700    $3 13524149 $9 59760 $o ISNI0000000121329778 $a L'Homme $b Érik $f 1967-.... $4 070
801  0 $a FR $b FR-751131015 $c 20230925 $g AFNOR $h FRBNF473326540000009 $2 intermrc
999    $a FRBNF473326540000009
995    $0 0 $2 0 $4 0 $5 2023-12-12 $9 471063 $P 9.90 $b MED $c MED $e MED2A $f C2500034470 $h JROROZZ $k E R/LHO $n 2024-04-16 $o 0 $p 9.90 $r PRETLIV $s E_R_LHO $w 1 $y 2024-03-05
995    $0 0 $2 0 $4 0 $5 2024-01-13 $9 472306 $P 9.90 $b MED $c MED $e MED0A $f C3500019731 $h JROROZZ $k EXT E R/LHO $o 0 $p 9.90 $r PRETLIV $s EXT_E_R_LHO $w 0 $y 2024-01-13

