03574cam a2200493   4500
001 361360
003 http://www.mediathequederoubaix.fr/ark:/20179/KH361360
010    $a 978-2-37273-137-9 $b rel. $d 15 EUR
020    $a FR $b 02410482
033    $a http://catalogue.bnf.fr/ark:/12148/cb473409755
035    $a FRBNF47340975000000X
073  0 $a 9782372731379
090    $a 361360
091    $a 2 $b 20240514 $c 1
099    $t LI $c 2023-11-28 $d 2024-05-14 $x 5
100    $a 20231009d2023    a  y0frey50      ba
101 0  $a fre
102    $a FR
105    $a ||||z   00|a|
106    $a r
181  0 $6 01 $a i  $b xxxe   $a b  $b xb2e  
181    $6 02 $c txt $c sti $2 rdacontent
182  0 $6 01 $a n
182    $6 02 $c n $2 rdamedia
200 1  $a Krakonoche $b Texte imprimé $f texte de de Claude Clément $g illustrations de Magali Dulain
210  0 $a Paris $c les Éditions des éléphants $d DL 2023
214  0 $a Paris $c les Éditions des Éléphants $d DL 2023
214  3 $a impr. au Portugal
215    $a 1 vol. (non paginé [24] p.) $c ill. en coul. $d 30 cm
321    $a La Revue des livres pour enfants $x 0398-8384 $c 335
329    $c Intéressant $a À la lisière de la Tchéquie et de la Pologne, les Monts des Géants (ou Monts Krkonose) sont habités par une vieille figure folklorique : le géant Krakonos qui arpente les chemins de Bohème. Miléna et sa grand-mère, qui ne l'ont pas reconnu, l'invitent à passer la nuit de Noël dans leur modeste maisonnette. Le géant, en remerciement, usera de sa magie pour offrir une très belle fête à ses hôtes. À l'origine être fantastique malfaisant qui capturait tout intrus s'aventurant dans les montagnes, le Krakonoche devient ici protecteur des humbles. Les illustrations naïves et colorées dépeignent avec douceur l'univers de ce petit conte de Noël. $d 20240201 $f ALE $2 CNLJ $k Avis critique donné par le Centre national de la littérature pour la jeunesse
330    $a Au sein d'un petit chalet de bois, dans les monts des Géants, vivent Milena et sa grand-mère. Dans le blizzard glacé de Noël, Milena rencontre un homme qui dit être seul pour les fêtes. Elle l'invite alors à passer la veillée de Noël avec elle et sa grand-mère. Quand les croûtons de pain se transforment en belles galettes, cette dernière comprend qu'il s'agit du mystérieux magicien Krakonoche. ­Electre 2023
333    $a À partir de 6 ans $2 CNLJ $k Avis critique donné par le Centre national de la littérature pour la jeunesse
339    $a a
608    $a Contes, légendes et folklore $2 CNLJ $k Avis critique donné par le Centre national de la littérature pour la jeunesse
686    $a 809 $2 Cadre de classement de la Bibliographie nationale française
700    $3 12001968 $9 22 $o ISNI0000000120981369 $a Clément $b Claude $f 1946-.... $4 070
702    $3 16757975 $9 120812 $o ISNI0000000433647679 $a Dulain $b Magali $f 1985-.... $4 440
801  0 $a FR $b FR-751131015 $c 20231009 $g AFNOR $h FRBNF47340975000000X $2 intermrc
999    $a FRBNF47340975000000X
995    $0 0 $2 0 $4 0 $5 2023-11-30 $9 470397 $P 15.00 $b MED $c MED $e MED2A $f C2500034279 $h JABCTEF $k E CA/CLE $o 0 $p 15.00 $r PRETLIV $s E_CA_CLE $w 4 $y 2024-03-05 $7  $8  $A  $m  $z 
995    $0 0 $2 0 $4 0 $5 2024-01-19 $9 472459 $P 15.00 $b MED $c MED $e MED0A $f C3500019842 $h JABCTEF $k EXT E C/CLE $o 0 $r PRETLIV $s EXT_E_C_CLE $w 0 $y 2024-01-19
995    $0 0 $2 0 $4 0 $5 2024-01-19 $9 472460 $P 15.00 $b MED $c MED $e MED0A $f C3500019841 $h JABCTEF $k EXT E C/CLE $n 2024-06-30 $o 0 $r PRETLIV $s EXT_E_C_CLE $w 1 $y 2024-04-17
995    $0 0 $2 0 $4 0 $5 2024-01-19 $9 472461 $P 15.00 $b MED $c MED $e MED0A $f C3500019840 $h JABCTEF $k EXT E C/CLE $o 0 $r PRETLIV $s EXT_E_C_CLE $w 0 $y 2024-01-19

