00781nam a2200193   4500
001 361486
003 http://www.mediathequederoubaix.fr/ark:/20179/KH361486
090    $a 361486
091    $a 0
099    $t LI $c 2023-11-29 $d 2023-11-29
100    $a 20231129d1926    m||y0frey50      ba
101    $a fre
200    $a Transports rapides Calberson $e Nord-Normandie-Bretagne $f L. Vacheresse, directeur général 
210    $a Roubaix $c Imp. L. Berton $d [1926]
215    $a [2] f. $c ill.  $d 16 cm
606    $9 243274 $a Transports routiers $y France $y Nord (France)
710    $9 345604 $a Transports rapides Calberson
801    $a FR $b 595126101 $c 20231129 $g AFNOR
995    $0 0 $2 0 $4 0 $5 2023-11-29 $9 470200 $b MED $c MED $e MED3M $f c0006059668 $h PPEFGZZ $k BR 8/3537 $o 2 $r PRETLIV $s BR_8_353700000000000 $w 0 $y 2023-11-29 $7  $8  $A  $m  $z 

