00796ncm a22002173  4500
001 361587
003 http://www.mediathequederoubaix.fr/ark:/20179/KH361587
073    $a 9790230354028 $d 34,00
090    $a 361587
091    $a 0
099    $t PA $c 2023-12-05 $d 2023-12-05
100    $a 20231205d1993    u||y0frey50      ba
101    $a fre
200    $a Ma première année de contrebasse $b Mus. imprimée $f Jean-Loup Dehant
210    $a Paris $c Ed. Combre $d 1993
215    $a 59 p. $c ill., couv. ill. $d 30 cm
606    $9 331836 $a Contrebasse $x Méthodes
679    $a 841
700    $9 345674 $a Dehant $b Jean-Loup
801    $a FR $b 595126101 $c 20231205 $g AFNOR
995    $0 0 $2 0 $4 0 $5 2023-12-05 $9 470672 $P 34.00 $b MED $c MED $e MED1A $f C3100011931 $h AMV00MM $k PA/841 CB $o 0 $p 34.00 $r PRETPAR $s PA_841_000000000000000_CB $w 0 $y 2023-12-05

