01767cam1a2200433 i 4500
001 361687
003 http://www.mediathequederoubaix.fr/ark:/20179/KH361687
005 20240509060714.0
010    $a 978-84-18380-65-5 $b rel. $d 20 EUR
073  0 $a 9788418380655
090    $a 361687
100    $a 20221010d2022    |  |0frey5003||||ba
101 0  $a fre
102    $a ES
105    $a     t   0||y|
106    $a r
181  0 $6 01 $a i  $b xxxe   $a b  $b xb2e  
181    $6 02 $c txt $c sti $2 rdacontent
182  0 $6 01 $a n
182    $6 02 $c n $2 rdamedia
183    $6 01 $a nga $2 rdafrcarrier
183    $6 02 $a nc $2 rdacarrier
200 1  $a Yaga $b Texte imprimé $e la fille serpent $f scénario Antoine Ozanam $g dessin Pedro Rodriguez
205    $a Nouvelle édition augmentée
210    $a Palma de Mallorca (Espagne) $c Spaceman Project $d 2022
211    $a 20230127
214  0 $a Palma de Mallorca (Espagne) $c Spaceman Project $d 2022
215    $a 1 vol. (96 p.) $c illustrations en noir et en couleur $d 30 x 23 cm
330    $a L'enfance douloureuse de l'immortelle sorcière russe, Baba Yaga, qui voyage sur un chaudron magique, souvent accompagnée de sa maison à pattes de poulet. Avec un carnet de croquis en fin d'ouvrage. ­Electre 2023
345    $b 9788418380655
676    $a 741.56 $v 23
686    $a T090200 $2 electre
700  1 $3 14407770 $9 93138 $6 12458 $7 2000090390 $a Ozanam $b Antoine $f 1970-.... $4 070
701  1 $3 15052441 $9 103831 $6 173373 $7 2005050133 $a Rodriguez $b Pedro $f 1973-.... $4 440
801  3 $a FR $b Electre $c 20230605 $g AFNOR
099    $t LI $c 2023-12-06 $d 2024-05-09 $x 1
339    $a m
091    $a 2 $b 20240509 $c 0
995    $0 0 $2 0 $4 0 $5 2024-03-12 $9 474235 $P 20.00 $b MED $c MED $e MED0C $f C2300014552 $h AAPBDZZ $k BD/OZA $o 0 $p 20.00 $r PRETLIV $s BD_OZA $w 1 $y 2024-04-14 $7  $8  $A  $m  $z 

