01731nam a22004213n 4500
001 361787
003 http://www.mediathequederoubaix.fr/ark:/20179/KH361787
010    $a 978-2-344-05218-1 $b br. $d 6,99 EUR
033    $a http://catalogue.bnf.fr/ark:/12148/cb47350548c
035    $a FRBNF473505480000004
073  0 $a 9782344052181
090    $a 361787
091    $a 2 $b 20240512 $c 1
099    $t LI $c 2023-12-08 $d 2024-05-12 $x 6
100    $a 20231024d2023    m  y0frey50      ba
101 0  $a fre
102    $a FR
105    $a ||||z   00|||
106    $a r
181  0 $6 01 $a i  $b xxxe  
181    $6 02 $c txt $2 rdacontent
182  0 $6 01 $a n
182    $6 02 $c n $2 rdamedia
200 1  $a One piece $b Texte imprimé $h Tome [105] $i Le rêve de Luffy $f Eiichiro Oda $g [traduction depuis le japonais Djamel Rabahi et Julien Favereau]
205    $a Nouvelle édition française
210  0 $a Grenoble $c Glénat $d 2023
215    $a 1 vol. (non paginé) $c ill., couv. ill., jaquette ill. en couleur $d 18 cm
225 1  $a Shonen manga
330    $a Suite des aventures de Luffy pour mettre la main sur le trésor de One piece. ­Electre 2023
339    $a a
608    $3 12464282 $9 62659 $a Mangas $2 rameau
608    $3 16989923 $9 346388 $a Shônen $2 rameau
700    $3 14427704 $9 308692 $o ISNI000000008362488X $a Oda $b Eiichirō $4 070
702    $3 17675711 $9 346469 $a Rabahi $b Djamel $c traducteur $4 730
702    $3 16786667 $9 331904 $o ISNI0000000453413108 $a Favereau $b Julien $4 730
801  0 $a FR $b FR-751131015 $c 20231024 $g AFNOR $h FRBNF473505480000004 $2 intermrc
999    $a FRBNF473505480000004
995    $0 0 $2 0 $4 0 $5 2023-12-09 $9 471030 $P 6.99 $b MED $c MED $e MED2A $f C2600009013 $h JBDMGZZ $k E BD/MANGAS $n 2024-05-15 $o 0 $p 6.99 $r PRETLIV $s E_BD_MANGAS $w 6 $y 2024-04-24

