01961cam a2200433   4500
001 361917
003 http://www.mediathequederoubaix.fr/ark:/20179/KH361917
010    $a 978-2-38349-015-9 $b br. $d 13,50 EUR
020    $a FR $b 02312891
033    $a http://catalogue.bnf.fr/ark:/12148/cb47125274b
035    $a FRBNF471252740000004
073  0 $a 9782383490159
090    $a 361917
091    $a 2 $b 20240512 $c 1
099    $t LI $c 2023-12-20 $d 2024-05-12 $x 2
100    $a 20221024d2022    a  y0frey50      ba
101 0  $a fre
102    $a FR
105    $a ||||z   00|a|
106    $a r
181  0 $6 01 $a i  $b xxxe  
181    $6 02 $c txt $2 rdacontent
182  0 $6 01 $a n
182    $6 02 $c n $2 rdamedia
200 1  $a Antarctique $b Texte imprimé $f Marine Orenga
210  0 $a Nantes $c Gulf stream éditeur $d DL 2022
214  0 $a Nantes $c Gulf Stream éditeur $d DL 2022
214  3 $a impr. en Pologne
215    $a 1 vol. (168 p.) $c ill. $d 22 cm
225 19 $a Ilona Melville et les zéros de l'histoire $v mission 1
330    $a Ilona Melville met au point un plan diabolique pour contrecarrer les projets d'Evariste le Juste qui s'est autoproclamé empereur des Sept continents et de la Lune. Elle entreprend de cloner génétiquement de grands personnages de l'histoire pour sauver l'humanité : Calamity Jane, Napoléon, Gengis Khan et Hannibal. Mais tout ne se déroule pas comme elle l'avait prévu. ­Electre 2023
339    $a a
461  0 $0 47196028 $t Ilona Melville et les zéros de l'histoire $v 1
609    $9 335446 $a Fantastique
686    $a 809 $2 Cadre de classement de la Bibliographie nationale française
700    $3 18015754 $9 339449 $o ISNI0000000507146958 $a Orenga $b Marine $4 070
801  0 $a FR $b FR-751131015 $c 20221024 $g AFNOR $h FRBNF471252740000004 $2 intermrc
999    $a FRBNF471252740000004
995    $0 0 $2 0 $4 0 $5 2023-12-21 $9 471496 $P 13.50 $b MED $c MED $e MED2A $f C2600009285 $h JROROZZ $k E R/ORE $n 2024-06-08 $o 0 $p 13.50 $r PRETLIV $s E_R_ORE $w 2 $y 2024-04-27

