01978cam a2200433   4500
001 362035
003 http://www.mediathequederoubaix.fr/ark:/20179/KH362035
010    $a 978-2-01-202773-2 $b br. $d 5 EUR
020    $a FR $b 01259304
033    $a http://catalogue.bnf.fr/ark:/12148/cb42767496v
035    $a FRBNF427674960000003
073  0 $a 9782012027732
090    $a 362035
091    $a 2 $b 20240512 $c 1
099    $t LI $c 2023-12-20 $d 2024-05-15 $x 3
100    $a 20121011d2012    a  y0frey50      ba
101 0  $a fre
102    $a FR
105    $a ||||z   00|a|
106    $a r
181  0 $6 01 $a i  $b xxxe  
181    $6 02 $c txt $2 rdacontent
182  0 $6 01 $a n
182    $6 02 $c n $2 rdamedia
200 1  $a Le problème de Pikachu $b Texte imprimé $f [novélisation, Natacha Godeau]
210    $a Paris $c Hachette jeunesse $d impr. 2012 $e impr. en Espagne
215    $a 1 vol. (57 p.) $c ill. en coul., couv. ill. en coul. $d 18 cm
225 19 $a Pokémon noir & blanc $v 1
225    $a La bibliothèque verte $e action-aventure
330    $a Sacha et Pikachu sont impatients de visiter la région d'Unys. Mais la Team Rocket a eu la même idée et ces voleurs de Pokémon tentent encore une fois d'enlever Pikachu. Le petit Pokémon jaune sait se défendre d'habitude, mais pas cette fois-ci... ­Electre 2023
339    $a a
410  0 $0 34234553 $t Bibliothèque verte $x 0768-0864 $d 2012
461  0 $0 42775760 $t Pokémon noir & blanc $v 1
608    $a Romans $2 CNLJ $k Avis critique donné par le Centre national de la littérature pour la jeunesse
686    $a 809 $2 Cadre de classement de la Bibliographie nationale française
700    $3 13343307 $9 75000 $o ISNI0000000073651534 $a Godeau $b Natacha $4 070
801  0 $a FR $b FR-751131015 $c 20121011 $g AFNOR $h FRBNF427674960000003 $2 intermrc
999    $a FRBNF427674960000003
995    $0 0 $2 0 $4 0 $5 2023-12-23 $9 471593 $P 5.90 $b MED $c MED $e MED2A $f C2600009263 $h JRORMZZ $k PRE R/GOD $n 2024-06-26 $o 0 $p 5.90 $r PRETLIV $s PRE_R_GOD $w 3 $y 2024-05-15 $7  $8  $A  $m  $z 

