02138njm0a2200361   4500
001 362135
003 http://www.mediathequederoubaix.fr/ark:/20179/KH362135
071 01 $a 7559790350 $b Nonesuch Records
073  0 $a 075597903508
090    $a 362135
091    $a 0
099    $c 2023-12-28 $d 2024-04-03 $t DC $x 3
100    $a 20231128d2023    u  y0frey5003    ba
101 0  $a zxx
127    $a 005100 $a 010200
200 1  $a Dynamic maximum tension $b [enr. sonore] $f Darcy James Argue's Secret Society, ens. instr.
210    $a New York $c Nonesuch Records $d 2023
215    $a 2 CD (51, 62 min) $e 1 dépliant
327 1  $a Dymaxion $a All in $a Ebonite $a Last waltz for Levon $a Wingèd beasts $a Your enemies are asleep $a Codebreaker $a Ferromagnetic $a Single-cell jitterbug $a Tensile curves $a Mae west : advice
330    $a Le compositeur et chef d’orchestre Darcy James Argue et son ensemble Secret Society font leurs débuts sur Nonesuch Records avec Dynamic Maximum Tension le 8 septembre 2023.L’album rend hommage à certaines des principales influences d'Argue avec des chansons originales dédiées à R. Buckminster Fuller, Alan Turing et Mae West.
334    $a Jazz Magazine No.765 p.66 du 24/10/2023 $b 4/4
345    $a GAM $b 0075597903508 $c disque compact $d 23,25 E
610    $a Free Jazz et filiations
679    $a 1
710 02 $a Darcy James Argue's Secret Society $4 545 $4 ens. instr.
801  0 $a FR $b GAM $c 20231128
856 4  $u https://www.gamannecy.com/upload/albums/202308/0075597903508_thumb.jpg
856 4  $u https://www.gamannecy.com/polysson/202309/01-0075597903508.mp3 $z Dymaxion
856 4  $u https://www.gamannecy.com/polysson/202309/02-0075597903508.mp3 $z All in
856 4  $u https://www.gamannecy.com/polysson/202309/03-0075597903508.mp3 $z Ebonite
856 4  $u https://www.gamannecy.com/polysson/202309/04-0075597903508.mp3 $z Last waltz for Levon
856 4  $u https://www.gamannecy.com/polysson/202309/05-0075597903508.mp3 $z Wingèd beasts
995    $0 0 $2 0 $4 0 $5 2024-01-12 $9 472282 $P 23.24 $b MED $c MED $e MED1A $f C3100012028 $h AMV13ZZ $k DC/1 ARG $l contient 2 DC + 1 dépliant $o 0 $p 23.24 $r PRETSON $s DC_1_000000000000000_ARG $w 3 $y 2024-04-11

