02550cam a2200517   4500
001 362335
003 http://www.mediathequederoubaix.fr/ark:/20179/KH362335
010    $a 978-2-408-01577-0 $b br. $d 8,50 EUR
020    $a FR $b 01977281
033    $a http://catalogue.bnf.fr/ark:/12148/cb45820126x
035    $a FRBNF458201260000004
073  0 $a 9782408015770
090    $a 362335
091    $a 2 $b 20240509 $c 1
099    $t LI $c 2024-01-09 $d 2024-05-09 $x 1
100    $a 20191011d2019    a  y0frey50      ba
101 0  $a fre
102    $a FR
105    $a ||||z   00|y|
106    $a r
181  0 $6 01 $a i  $b xxxe   $a b  $b xb2e  
181    $6 02 $c txt $c sti $2 rdacontent
182  0 $6 01 $a n
182    $6 02 $c n $2 rdamedia
200 1  $a C'est quoi, les inégalités ? $b Texte imprimé $e nos réponses dessinées à tes questions pressantes $f [textes par les journalistes de la rédaction "1 jour 1 actu" et Sophie Dussaussois] $g [réalisation et dessins de Jacques Azam]
205    $a [Nouvelle éd.]
210  0 $a Toulouse $c Milan $d DL 2019
214  0 $a Toulouse $c Milan $d DL 2019
214  3 $a 85-Luçon $c Impr. Pollina
215    $a 1 vol. (125 p.) $c ill. en coul. $d 21 cm
300    $a Notice réd. d'après la couv.
300    $a Glossaire
330    $a Des réponses sous la forme de bandes dessinées à différentes questions concernant les inégalités, présentées en quatre parties : celles entre les peuples ou entre les sexes, celles économiques et ceux qui luttent. Les auteurs expliquent pourquoi il existe des riches et des pauvres, ce que signifie être SDF, pourquoi il existe une Journée des femmes ou encore qui était l'abbé Pierre. ­Electre 2024
339    $a a
606    $3 12647611 $9 8667 $a Inégalité sociale $2 rameau
606    $3 13319080 $9 39187 $a Discrimination $2 rameau
606    $3 16679604 $9 116577 $a Mouvements des droits civiques $2 rameau
608    $3 12042408 $9 314947 $a Ouvrages pour la jeunesse $2 rameau
676    $a 305.083 $v 23
686    $a 300 $2 Cadre de classement de la Bibliographie nationale française
701    $3 16745806 $9 115706 $o ISNI0000000427725087 $a Dussaussois $b Sophie $4 070
702    $3 13077806 $9 42258 $o ISNI000000006651366X $a Azam $b Jacques $f 1961-.... $4 440
710    $3 17165421 $9 278437 $a 1jour1actu $c Périodique $4 070
801  0 $a FR $b FR-751131015 $c 20191011 $g AFNOR $h FRBNF458201260000004 $2 intermrc
999    $a FRBNF458201260000004
995    $0 0 $2 0 $4 0 $5 2024-01-24 $9 472689 $P 8.90 $b MED $c MED $e MED2A $f C2500034604 $h JDT30ZZ $k E/306 ABC $o 0 $p 8.90 $r PRETLIV $s E_306_000000000000000_ABC $w 1 $y 2024-04-23

