01865cam1a2200469 i 4500
001 362435
003 http://www.mediathequederoubaix.fr/ark:/20179/KH362435
005 20240514041721.0
010    $a 9782889072460 $b br. $d 16,50 EUR
073  0 $a 9782889072460
090    $a 362435
091    $a 2 $b 20240514 $c 0
099    $t LI $c 2024-01-24 $d 2024-05-14 $x 5
100    $a 20230424d2023    |  |0frey5003||||ba
101 0  $a fre
102    $a CH
105    $a         0||a|
106    $a r
181  0 $6 01 $a i  $b xxxe  
181    $6 02 $c txt $2 rdacontent
182  0 $6 01 $a n
182    $6 02 $2 rdamedia
183    $6 01 $a nga $2 rdafrcarrier
183    $6 02 $2 rdacarrier
200 1  $a Le vieil incendie $b Texte imprimé $f Elisa Shua Dusapin
210    $a Carouge (Suisse) $c Zoé $d 2023
211    $a 20230822
214  0 $a Carouge (Suisse) $c Zoé $d 2023
215    $a 1 vol. (139 p.) $d 21 x 14 cm
225 2  $a Domaine français
305    $a A reçu le prix Wepler-Fondation La Poste 2023
330    $a A 15 ans, Agathe a fui la maison familiale pour ne plus avoir à protéger Vera, sa soeur aphasique, de la méchanceté des autres, laissant cette dernière en tête à tête avec leur père dans une bâtisse en pleine nature. De retour dans le Périgord des années plus tard pour vider cette maison, elle retrouve une femme transformée, qui cuisine, lit Perec et communique grâce à son smartphone. ­Electre 2024
339    $a m
345    $b 9782889072460
410  0 $t Domaine français
676    $a 843 $v 23
686    $2 electre
686    $2 electre
700  1 $3 17088696 $9 346136 $a Dusapin $b Elisa Shua $f 1992-.... $4 070
801  3 $a FR $b Electre $c 20231124 $g AFNOR
830    $a ELECTREX-MA/LIT/ML/2401/Lit1 20240124
995    $0 0 $2 0 $4 0 $5 2024-01-24 $9 472592 $P 16.50 $b MED $c MED $e MED1A $f C1400018354 $h ALTROZZ $k R/DUS $o 0 $p 16.50 $r PRETLIV $s R_DUS $w 5 $y 2024-04-06

