02069cam1a2200529 i 4500
001 362535
003 http://www.mediathequederoubaix.fr/ark:/20179/KH362535
005 20240514041738.0
010    $a 9782283038840 $b br. $d 21,50 EUR
073  0 $a 9782283038840
090    $a 362535
100    $a 20231102d2024    |  |0frey5003||||ba
101 0  $a fre
102    $a FR
105    $a         0||a|
106    $a r
181  0 $6 01 $a i  $b xxxe  
181    $6 02 $c txt $2 rdacontent
182  0 $6 01 $a n
182    $6 02 $c n $2 rdamedia
183    $6 01 $a nga $2 rdafrcarrier
183    $6 02 $a nc $2 rdacarrier
200 1  $a Trop humain $b Texte imprimé $e roman $f Anne Delaflotte Mehdevi
210    $a Paris $c Buchet Chastel $d 2024
211    $a 20240111
214  0 $a Paris $c Buchet Chastel $d 2024
215    $a 1 vol. (315 p.) $d 19 x 13 cm
225 2  $a Littérature française
330    $a Le village de campagne de Tharcy se repeuple. Suzie, la doyenne, devient amie avec monsieur Peck, un retraité qui vient de racheter le presbytère. Quand ce dernier tombe gravement malade, il engage l'androïde Tchap, un auxiliaire de vie électronique, dont l'arrivée perturbe la quiétude du village. ­Electre 2024
345    $b 9782283038840
410  0 $6 47101 $7 4367640000 $t Littérature française
676    $a 843 $v 23
686    $a T321002 $2 electre
686    $a GLFC001 $2 electre
700  1 $3 15786899 $9 97662 $6 1129315 $7 2008200272 $a Delaflotte Mehdevi $b Anne $f 1967-.... $4 070
801  3 $a FR $b Electre $c 20240118 $g AFNOR
830    $a ELECTREX-MA/LIT/ML/2402/Lit2 20240203
903    $a Littérature moderne et contemporaine - Romans - Romans $b T321002
903    $a Littérature française contemporaine - Texte en langue originale $b GLFC001
921    $a Steph
939    $a 
947    $c 19.57 $a 21.50
969    $h  1 $a 1 $d  900
099    $t LI $c 2024-02-03 $d 2024-05-14 $x 4
339    $a m
091    $a 2 $b 20240514 $c 0
995    $0 0 $2 0 $4 0 $5 2024-02-03 $9 472923 $P 21.50 $b MED $c MED $e MED1A $f C1400018654 $h ALTROZZ $k R/DEL $n 2024-06-21 $o 0 $p 21.50 $r PRETLIV $s R_DEL $w 4 $y 2024-05-10

