02314cam1a2200505 i 4500
001 362636
003 http://www.mediathequederoubaix.fr/ark:/20179/KH362636
005 20240516054426.0
010    $a 978-2-262-08138-6 $b br. $d 24 EUR
073  0 $a 9782262081386
090    $a 362636
100    $a 20230424d2023    m  |0frey5003||||ba
101 0  $a fre
102    $a FR
105    $a f       0||y|
106    $a r
181  0 $6 01 $a i  $b xxxe  
181    $6 02 $c txt $2 rdacontent
182  0 $6 01 $a n
182    $6 02 $c n $2 rdamedia
183    $6 01 $a nga $2 rdafrcarrier
183    $6 02 $a nc $2 rdacarrier
200 1  $a Cette Autriche qui a dit non à Hitler $b Texte imprimé $e 1930-1945 $f Jean Sévillia
210    $a Paris $c Perrin $d 2023
211    $a 20230928
214  0 $a Paris $c Perrin $d 2023
215    $a 1 vol. (506 p.-16 pl.) $c illustrations en noir et blanc, cartes $d 21 x 14 cm
300    $a Glossaire. Bibliogr. Index.
330    $a Le 13 mars 1938, Hitler proclame le rattachement de l'Autriche au Reich avant de faire son entrée à Vienne deux jours plus tard. L'événement est connu à travers les nombreuses photographies qui l'illustrent. Pourtant, celles-ci ont été orchestrées par la propagande nazie et ne reflètent pas la résistance autrichienne qui s'est dressée contre le national-socialisme intérieur et extérieur dès 1933. ­Electre 2024
333    $a Tout public
345    $b 9782262081386
606    $3 13318959 $9 99640 $a Propagande national-socialiste $3 11931653 $9 53201 $y Autriche $3 11976044 $9 113 $z 1900-1945 $2 rameau
606    $3 11940388 $9 7774 $a Guerre mondiale (1939-1945) $x Mouvements de résistance $3 11931653 $9 53201 $y Autriche $2 rameau
607    $3 11941168 $9 34217 $a Vienne (Autriche) $3 11976044 $9 113 $z 1900-1945 $2 rameau
676    $a 943.605 $v 23
686    $a T230503 $2 electre
686    $a GDOC002 $2 electre
686    $a PG0100 $2 electre
700  1 $3 12192240 $9 47486 $6 1318981 $7 9401182656 $a Sévillia $b Jean $4 070
801  3 $a FR $b Electre $c 20231011 $g AFNOR
830    $a ELECTREMA/HRS/ASD/2401/Cde Suggestions 20240206
099    $t LI $c 2024-02-06 $d 2024-05-16 $x 1
339    $a m
091    $a 2 $b 20240516 $c 0
995    $0 0 $2 0 $4 0 $5 2024-03-12 $9 474261 $P 24.00 $b MED $c MED $e MED3A $f C2400005161 $h ACFHSZZ $k Doc./956 AUT $o 0 $p 24.00 $r PRETLIV $s DOC___956_000000000000000_AUT $w 1 $y 2024-03-21

