02252ngm0a22004211i 4500
001 362766
003 http://www.mediathequederoubaix.fr/ark:/20179/KH362766
010    $d 39.78 EUR TTC
073  0 $a 3545020086551 $d 60.28 EUR TTC
090    $a 362766
091    $a 1 $b 20240505 $c 0
099    $t VD $c 2024-02-08 $d 2024-05-05 $x 4
100    $a 20240208              frey50        
101    $a fre
102    $a FR
200 1  $a Le grand chariot $b DVD $f Philippe Garrel, réal. $g Philippe Garrel, Jean-Claude Carrière, Caroline Deruas-Garrel, scénario $g Jean-Louis Aubert, mus. $g Louis Garrel, Damien Mongin, Esther Garrel... [et al.], act.
210    $c Ad Vitam $d 2024
215    $a 1 DVD (91 min) PAL $c 16/9, Couleur, Dolby Digital 5.1
300    $a Dossier de presse, Conférence de presse au Festival de Berlin.
300    $a Prêt + Consultation
300    $a Ours d'Argent du meilleur réalisateur à la Berlinale, Allemagne, 2023
330    $a Le Grand Chariot est une constellation d'étoiles. C'est aussi un théâtre de marionnettes. C'est l'histoire d'une famille de marionnettistes, une fratrie, Louis et ses deux soeurs, Martha et Lena, leur père qui dirige la troupe et la grand-mère qui a fabriqué les poupées. Ensemble, ils forment une compagnie et donnent des spectacles de marionnettes. Un jour, lors d'une représentation, le père meurt d'une attaque, laissant ses enfants seuls. 
339    $a m
606    $9 314020 $a Comédies dramatiques (cinéma) $x DVD $y France
700  1 $a Garrel $b Philippe $f 1948-.... $4 370 $4 690
702  1 $a Garrel $b Louis $f 1983-.... $4 005
702  1 $a Mongin $b Damien $4 005
702  1 $a Garrel $b Esther $f 1991-.... $4 005
702  1 $a Garrel $b Léna $4 005
702  1 $a Bergé $b Francine $f 1938-.... $4 005
702  1 $a Recoing $b Aurélien $f 1958-.... $4 005
702  1 $a Carrière $b Jean-Claude $f 1931-2021 $4 690
702  1 $a Deruas-Garrel $b Caroline $4 690
702  1 $a Aubert $b Jean-Louis $f 1954-.... $4 230
801  0 $a FR $b COLACO $c 20240208
856 4  $u https://images.colaco.fr/F113039-DVD151240.jpg
856 4  $u https://www.colaco.fr/player/F113039/X5N1PEYYNDKU
995    $0 0 $2 0 $4 0 $5 2024-02-27 $9 473673 $b MED $c MED $e MED1A $f C1400018730 $h AAPCIFI $k DVD/F GAR $n 2024-06-08 $o 0 $p 39.00 $r PRETDVD $s DVD_F_GAR $w 4 $y 2024-04-27

