02142cam a2200445   4500
001 362866
003 http://www.mediathequederoubaix.fr/ark:/20179/KH362866
010    $a 979-10-235-1950-1 $b rel. $d 14,90 EUR
033    $a http://catalogue.bnf.fr/ark:/12148/cb47378653k
035    $a FRBNF473786530000003
073  0 $a 9791023519501
090    $a 362866
091    $a 2 $b 20240512 $c 1
099    $t LI $c 2024-02-13 $d 2024-05-17 $x 2
100    $a 20231211d2024    a  y0frey50      ba
101 0  $a fre
102    $a FR
105    $a ||||z   00|a|
106    $a r
181  0 $6 01 $a i  $b xxxe   $a b  $b xb2e  
181    $6 02 $c txt $c sti $2 rdacontent
182  0 $6 01 $a n
182    $6 02 $c n $2 rdamedia
200 1  $a Poèmes pour bébés $b Texte imprimé $e haïkus d'hiver $f Dedieu
210  0 $a Paris $c Seuil jeunesse $d DL 2024
214  0 $a Paris $c Seuil jeunesse $d DL 2024
215    $a 1 vol. (non paginé [12] p.) $c ill. $d 38 cm
225    $a Bon pour les bébés
329    $c Bravo ! $2 CNLJ $k Avis critique donné par le Centre national de la littérature pour la jeunesse
330    $a Un recueil de haïkus destiné aux tout-petits pour préparer l'arrivée de l'hiver. ­Electre 2024
333    $a À partir de 3 ans $2 CNLJ $k Avis critique donné par le Centre national de la littérature pour la jeunesse
339    $a a
410  0 $0 44331299 $t Bon pour les bébés $d 2023
608    $a Poésies, comptines et chansons $2 CNLJ $k Avis critique donné par le Centre national de la littérature pour la jeunesse
700    $3 12258355 $9 1754 $o ISNI000000012125274X $a Dedieu $b Thierry $f 1955-.... $4 070
801  0 $a FR $b FR-751131015 $c 20231211 $g AFNOR $h FRBNF473786530000003 $2 intermrc
999    $a FRBNF473786530000003
995    $0 0 $2 0 $4 0 $5 2024-02-22 $9 473493 $P 14.90 $b MED $c MED $e MED2A $f C2500034795 $h JABPFCO $k PE A/DED $o 0 $p 14.90 $r PRETLIV $s PE_A_DED $w 1 $y 2024-04-10
995    $0 0 $2 0 $4 0 $5 2024-03-28 $9 474922 $P 14.90 $b MED $c MED $e MED0A $f C000020025 $h JABPFCO $k EXT PE A/DED $n 2025-01-12 $o 0 $r PRETLIV $s EXT_PE_A_DED $w 1 $y 2024-05-17
995    $0 0 $2 0 $4 0 $5 2024-03-28 $9 474923 $P 14.90 $b MED $c MED $e MED0A $f C000020026 $h JABPFCO $k EXT PE A/DED $o 0 $r PRETLIV $s EXT_PE_A_DED $w 0 $y 2024-03-28

