02429cam a2200481   4500
001 362967
003 http://www.mediathequederoubaix.fr/ark:/20179/KH362967
010    $a 978-2-211-33032-9 $b br. $d 7,50 EUR
020    $a FR $b 02407712
033    $a http://catalogue.bnf.fr/ark:/12148/cb47400113r
035    $a FRBNF474001130000001
073  0 $a 9782211330329
090    $a 362967
091    $a 2 $b 20240516 $c 1
099    $t LI $c 2024-02-17 $d 2024-05-16 $x 1
100    $a 20240118d2024    a  y0frey50      ba
101 0  $a fre
102    $a FR
105    $a ||||z   00|a|
106    $a r
181  0 $6 01 $a i  $b xxxe   $a b  $b xb2e  
181    $6 02 $c txt $c sti $2 rdacontent
182  0 $6 01 $a n
182    $6 02 $c n $2 rdamedia
200 1  $a Vibidia $b Texte imprimé $e la coccinelle super inquiète $f Pascal Parisot $g [illustré par] Marc Boutavant
210  0 $a Paris $c l'École des loisirs $d DL 2024
214  0 $a Paris $c l'École des loisirs $d DL 2024
214  3 $a 25-Autechaux $c Estimprim
215    $a 1 vol. (35 p.) $c ill. en coul. $d 19 cm
225    $a Mouche
329    $c Pourquoi pas ? $2 CNLJ $k Avis critique donné par le Centre national de la littérature pour la jeunesse
330    $a Vibidia est une jolie coccinelle avec douze points sur le dos. Un jour, une lettre lui annonce que tous ses points lui sont retirés et qu'elle n'a plus le droit de voler. Elle se retrouve totalement démunie, si petite dans un monde immense et effrayant. ­Electre 2024
333    $a À partir de 6 ans $2 CNLJ $k Avis critique donné par le Centre national de la littérature pour la jeunesse
339    $a a
410  0 $0 34247192 $t Mouche (Paris) $x 0988-0364 $d 2024
608    $a Premières lectures $2 CNLJ $k Avis critique donné par le Centre national de la littérature pour la jeunesse
686    $a 809 $2 Cadre de classement de la Bibliographie nationale française
700    $3 14037125 $9 98085 $o ISNI0000000120985423 $a Parisot $b Pascal $f 1963-.... $4 070
702    $3 13342157 $9 54170 $o ISNI0000000121203913 $a Boutavant $b Marc $f 1970-.... $4 440
801  0 $a FR $b FR-751131015 $c 20240118 $g AFNOR $h FRBNF474001130000001 $2 intermrc
999    $a FRBNF474001130000001
995    $0 0 $2 0 $4 0 $5 2024-02-20 $9 473370 $P 7.50 $b MED $c MED $e MED2A $f C2500034763 $h JRORMZZ $k PRE R/PAR $o 0 $p 7.50 $r PRETLIV $s PRE_R_PAR $w 1 $y 2024-03-23 $A 0
995    $0 0 $2 0 $4 0 $5 2024-03-16 $9 474482 $P 7.50 $b MED $c MED $e MED0A $f C3500019938 $h JROROZZ $k EXT E R/PAR $o 0 $r PRETLIV $s EXT_E_R_PAR $w 0 $y 2024-03-16

