02343cam1a2200577 i 4500
001 363069
003 http://www.mediathequederoubaix.fr/ark:/20179/KH363069
005 20240508052141.0
010    $a 978-2-226-48950-0 $b br. $d 18,90 EUR
073  0 $a 9782226489500
090    $a 363069
100    $a 20231003d2024    m  |0frey5003||||ba
101 0  $a fre
102    $a FR
105    $a         0||y|
106    $a r
181  0 $6 01 $a i  $b xxxe  
181    $6 02 $c txt $2 rdacontent
182  0 $6 01 $a n
182    $6 02 $c n $2 rdamedia
183    $6 01 $a nga $2 rdafrcarrier
183    $6 02 $a nc $2 rdacarrier
200 1  $a Tout le monde en regarde (ou presque) $b Texte imprimé $e comment le porno détruit l'amour $f Thérèse Hargot
210    $a Paris $c Albin Michel $d 2024
211    $a 20240103
214  0 $a Paris $c Albin Michel $d 2024
215    $a 1 vol. (187 p.) $d 23 x 15 cm
222    $a 
225 2  $a Documents
330    $a La sexologue décrit les effets néfastes de la pornographie sur la vie affective et la santé sexuelle. Elle fournit des outils concrets pour réfléchir à cette question de société et plaide pour réhabiliter l'érotisme. ­Electre 2024
333    $a Tout public
345    $b 9782226489500
410  0 $6 13193 $7 0181010000 $t Documents
606    $3 12647536 $9 42993 $a Pornographie $3 13340857 $9 8621 $x Sociologie $2 rameau
606    $3 11933266 $9 8473 $a Sexualité $3 13340857 $9 8621 $x Sociologie $2 rameau
676    $a 306.77 $v 23 $a GASPARINI, Giuliana (X0002440644)  FLIPO, CHARLOTTE (X0002372839)
686    $a T500903 $2 electre
686    $a GDOC005 $2 electre
686    $a PG0100 $2 electre
700  1 $3 16199196 $9 346667 $6 1155199 $7 2009400266 $a Hargot $b Thérèse $f 1984-.... $4 070
801  3 $a FR $b Electre $c 20240105 $g AFNOR
830    $a ELECTREA/CI/2024 Février Loisirs Vie Pratique 20240221
902    $a Grand public - Tout public $b PG0100
903    $a Société - Amour et sexualité - Pratiques sexuelles $b T500903
903    $a Documents, essais - Essais $b GDOC005
947    $c 17.20 $a 18.90
969    $h  1 $a 1 $d  900
099    $t LI $c 2024-02-21 $d 2024-05-08 $x 2
339    $a m
091    $a 2 $b 20240508 $c 0
995    $0 0 $2 0 $4 0 $5 2024-03-02 $9 473997 $P 18.90 $b MED $c MED $e MED3A $f C2400005086 $h ACFSSZZ $k Doc./308 SEX $n 2024-05-28 $o 0 $p 18.90 $r PRETLIV $s DOC___308_000000000000000_SEX $w 2 $y 2024-05-07 $7  $8  $A 1 $m  $z 

