02333cam a2200457   4500
001 363169
003 http://www.mediathequederoubaix.fr/ark:/20179/KH363169
010    $a 979-10-408-0509-0 $b br. $d 25 EUR
020    $a FR $b 02410382
033    $a http://catalogue.bnf.fr/ark:/12148/cb47391507v
035    $a FRBNF473915070000000
073  0 $a 9791040805090
090    $a 363169
091    $a 2 $b 20240514 $c 1
099    $t LI $c 2024-02-27 $d 2024-05-14 $x 1
100    $a 20240104d2024    m  y0frey50      ba
101 1  $a fre $c ita
102    $a FR
105    $a ||||t   00|a|
106    $a r
181  0 $6 01 $a i  $b xxxe   $a b  $b xb2e  
181    $6 02 $c txt $c sti $2 rdacontent
182  0 $6 01 $a n
182    $6 02 $c n $2 rdamedia
200 1  $a La forteresse volante $b Texte imprimé $f Lorenzo Palloni, Miguel Vila
210  0 $a Paris $c Sarbacane $d DL 2024
214  0 $a Paris $c Sarbacane $d DL 2024
214  3 $a 85-Luçon $c Impr. Pollina
215    $a 1 vol. (206 p.) $c ill. en coul. $d 29 cm
300    $a Trad. de l'italien
329    $c Bravo ! $2 CNLJ $k Avis critique donné par le Centre national de la littérature pour la jeunesse
330    $a En 1933, un mystérieux avion s'écrase dans la région de Varèse, laissant derrière lui une épaisse colonne de fumée rose et un meurtre non résolu. Mussolini ordonne immédiatement que l'incident soit dissimulé et met en place un groupe secret de scientifiques qui arrivent à la conclusion qu'il s'agit d'une technologie extraterrestre et que l'apprivoiser permettrait aux fascistes de dominer le monde. ­Electre 2024
333    $a À partir de 15 ans $2 CNLJ $k Avis critique donné par le Centre national de la littérature pour la jeunesse
339    $a m
608    $a Bandes dessinées $2 CNLJ $k Avis critique donné par le Centre national de la littérature pour la jeunesse
686    $a 805 $2 Cadre de classement de la Bibliographie nationale française
700    $3 16798187 $9 265105 $o ISNI0000000447272548 $a Palloni $b Lorenzo $f 1987-.... $4 070
701    $3 18031865 $9 346702 $o ISNI0000000512721494 $a Vila $b Miguel $f 1993-.... $4 070
801  0 $a FR $b FR-751131015 $c 20240104 $g AFNOR $h FRBNF473915070000000 $2 intermrc
999    $a FRBNF473915070000000
995    $0 0 $2 0 $4 0 $5 2024-03-22 $9 474668 $b MED $c MED $e MED0C $f C2300014623 $h AAPBDZZ $k BD/PAL $o 0 $p 25.00 $r PRETLIV $s BD_PAL $w 1 $y 2024-05-14 $7  $8  $A  $m  $z 

