02254cam a2200445   4500
001 363369
003 http://www.mediathequederoubaix.fr/ark:/20179/KH363369
010    $a 978-2-08-043248-3 $b br. $d 21 EUR
020    $a FR $b 02411220
033    $a http://catalogue.bnf.fr/ark:/12148/cb474109611
035    $a FRBNF474109610000006
073  0 $a 9782080432483
090    $a 363369
091    $a 2 $b 20240505 $c 1
099    $t LI $c 2024-03-01 $d 2024-05-05
100    $a 20240205d2024    m  y0frey50      ba
101 0  $a fre
102    $a FR
105    $a ||||z   00|y|
106    $a r
181  0 $6 01 $a i  $b xxxe  
181    $6 02 $c txt $2 rdacontent
182  0 $6 01 $a n
182    $6 02 $c n $2 rdamedia
200 1  $a Classes figées $b Texte imprimé $e comprendre la France empêchée $f Agathe Cagé
210  0 $a Paris $c Flammarion $d DL 2024
214  0 $a Paris $c Flammarion $d DL 2024
214  3 $a 27-Mesnil-sur-l'Estrée $c Impr. CPI Firmin-Didot
215    $a 1 vol. (235 p.) $d 21 cm
330    $a D'une société de classes moyennes, la France est devenue, selon l'auteure, une société de classes figées. Elle décrit un pays fracturé entre une minorité resserrée qui ne ressent pas les effets des crises sociale, économique et écologique, et une majorité qui n'a plus les moyens de les affronter. Elle livre des pistes de réflexion pour sortir de cet empêchement et redéfinir un désir commun. ­Electre 2024
339    $a m
606    $3 13532887 $9 105716 $a Stratification sociale $3 11931476 $9 109 $y France $3 13536525 $9 53759 $z 2000-.... $2 rameau
606    $3 12649387 $9 24181 $a Classes moyennes $3 11965815 $9 504 $x Conditions sociales $3 11931476 $9 109 $y France $3 13536525 $9 53759 $z 2000-.... $2 rameau
606    $3 16024136 $9 99499 $a Déclassement social $3 11931476 $9 109 $y France $3 13536525 $9 53759 $z 2000-.... $2 rameau
676    $a 305.5 $v 23
686    $a 300 $2 Cadre de classement de la Bibliographie nationale française
700    $3 17785562 $9 346871 $a Cagé $b Agathe $4 070
801  0 $a FR $b FR-751131015 $c 20240205 $g AFNOR $h FRBNF474109610000006 $2 intermrc
999    $a FRBNF474109610000006
995    $0 0 $2 0 $4 0 $5 2024-03-21 $9 474607 $P 21.00 $b MED $c MED $e MED3A $f C2400005187 $h ACFSSZZ $k Doc./306.2 MOY $o 0 $p 21.00 $r PRETLIV $s DOC___306_200000000000000_MOY $w 0 $y 2024-03-21 $7  $8  $A  $m  $z 

