01931cam1a22004691i 4500
001 363470
003 http://www.mediathequederoubaix.fr/ark:/20179/KH363470
005 20240518212116.0
010    $a 9782226479921 $b br. $d 19,90 EUR
073  0 $a 9782226479921
090    $a 363470
091    $a 2 $b 20240514 $c 0
099    $t LI $c 2024-03-07 $d 2024-05-18 $x 4
100    $a 20231204d2024    |  |0frey5003||||ba
101 0  $a fre
102    $a FR
105    $a         0||a|
106    $a r
181  0 $6 01 $a i  $b xxxe  
181    $6 02 $c txt $2 rdacontent
182  0 $6 01 $a n
182    $6 02 $2 rdamedia
183    $6 01 $a nga $2 rdafrcarrier
183    $6 02 $2 rdacarrier
200 1  $a La double vie de Dina Miller $b Texte imprimé $f Zoe Brisby
210    $a Paris $c Albin Michel $d 2024
211    $a 20240306
214  0 $a Paris $c Albin Michel $d 2024
215    $a 1 vol. (340 p.) $d 21 x 14 cm
225 2  $a Romans français
330    $a Huntsville, Alabama, 1961. John Kennedy lance le programme Mercury en pleine conquête de l'espace. La ville a le regard tourné sur le centre spatial et les essais qui y sont menés. Dina Miller, quant à elle, souhaite faire justice et révéler les secrets de ces brillants scientifiques qui, derrière leur image de citoyens modèles, d'époux et de pères parfaits, cachent de sombres secrets. ­Electre 2024
339    $a m
345    $b 9782226479921
410  0 $t Romans français
676    $a 843 $v 23
686    $2 electre
686    $2 electre
700  1 $3 17147133 $9 312222 $a Brisby $b Zoe $4 070
801  3 $a FR $b Electre $c 20240306 $g AFNOR
830    $a ELECTREX-MA/LIT/ML/2403/Lit5 20240307
995    $0 0 $2 0 $4 0 $5 2024-03-07 $9 474120 $P 19.90 $b MED $c MED $e MED1A $f C1400018612 $h ALTROZZ $k R/BRI $o 0 $p 19.90 $r PRETLIV $s R_BRI $w 3 $y 2024-05-18
995    $0 0 $2 0 $3 0 $4 0 $5 2024-05-11 $9 477492 $b BUS $c BUS $e BUS1A $f C000020467 $h ALTROZZ $k BUS R/BRI $n 2024-06-08 $o 0 $r PRETLIV $s BUS_R_BRI $w 1 $y 2024-05-18 $7  $8  $A 0 $m  $z 

