01823cam a2200409   4500
001 363572
003 http://www.mediathequederoubaix.fr/ark:/20179/KH363572
010    $a 978-2-211-33211-8 $b rel. $d 19 EUR
033    $a http://catalogue.bnf.fr/ark:/12148/cb47364991s
035    $a FRBNF473649910000009
073  0 $a 9782211332118
090    $a 363572
091    $a 2 $b 20240514 $c 1
099    $t LI $c 2024-03-20 $d 2024-05-14 $x 1
100    $a 20231116d2023    a  y0frey50      ba
101 0  $a fre
102    $a FR
105    $a ||||t   00|a|
106    $a r
181  0 $6 01 $a i  $b xxxe   $a b  $b xb2e  
181    $6 02 $c txt $c sti $2 rdacontent
182  0 $6 01 $a n
182    $6 02 $c n $2 rdamedia
200 1  $a Lola $b Texte imprimé $f Yvan Pommaux $g couleurs de Nicole Pommaux
205    $a [Nouv. éd.]
210  0 $a Paris $c l'École des loisirs $d DL 2023
214  0 $a Paris $c l'École des loisirs $d DL 2023
215    $a 1 vol. (160 p.) $c ill. en coul. $d 23 cm
329    $c Bravo ! $2 CNLJ $k Avis critique donné par le Centre national de la littérature pour la jeunesse
330    $a Les aventures de Lola, une souris qui n'a pas sa langue dans sa poche et qui se pose énormément de questions sur le monde qui l'entoure. ­Electre 2024
333    $a À partir de 6 ans $2 CNLJ $k Avis critique donné par le Centre national de la littérature pour la jeunesse
339    $a a
608    $a Bandes dessinées $2 CNLJ $k Avis critique donné par le Centre national de la littérature pour la jeunesse
700    $3 11920207 $9 5517 $o ISNI0000000120963718 $a Pommaux $b Yvan $f 1946-.... $4 070
801  0 $a FR $b FR-751131015 $c 20231116 $g AFNOR $h FRBNF473649910000009 $2 intermrc
999    $a FRBNF473649910000009
995    $0 0 $2 0 $4 0 $5 2024-03-26 $9 474809 $P 19.00 $b MED $c MED $e MED2A $f C2500034907 $h JABEFAE $k E A/POM $o 0 $p 19.00 $r PRETLIV $s E_A_POM $w 1 $y 2024-04-20

