02116cam a2200385   4500
001 363675
003 http://www.mediathequederoubaix.fr/ark:/20179/KH363675
010    $a 978-2-37680-116-0 $b br. $d 19,90 EUR
020    $a FR $b 02409050
033    $a http://catalogue.bnf.fr/ark:/12148/cb47405416t
035    $a FRBNF474054160000002
073  0 $a 9782376801160
090    $a 363675
091    $a 0 $b 20240409 $c 1
099    $t LI $c 2024-03-26 $d 2024-05-18 $x 1
100    $a 20240126d2023    m  h0frey50      ba
101 0  $a fre
102    $a FR
105    $a ||||z   00|y|
106    $a r
200 1  $a Où sont les femmes ? $e enquête sur les artistes femmes du musée $e [exposition, Lille, Palais des beaux-arts, 20 octobre 2023-11 mars 2024] $f sous la dir. de Camille Belvèze et Alice Fleury
210  0 $a Lille $c Palais des beaux-arts $c Éditions Invenit $d 2023
215    $a 159 p. $c ill. en coul. $d 24 cm
300    $a Bibliogr. p. 149-156. Index
330    $a Une présentation des travaux de 80 femmes artistes, du XVIIe au XXIe siècle, présents dans les collections du Palais des beaux-arts de Lille. L'ensemble témoigne de l'accès à la formation, du choix des sujets, de la diversité des techniques, de la diffusion ainsi que de la réception des oeuvres de ces artistes féminines. Les raisons du manque de visibilité de ces fonds sont abordées. ­Electre 2024
339    $a m
503 1  $a Exposition $m Lille $n Palais des beaux-arts $j 2023 $j 2024
606    $3 11935373 $9 16518 $a Femmes artistes $3 11976849 $9 2058 $z 1500-1800 $2 rameau
606    $3 11935373 $9 16518 $a Femmes artistes $3 14533294 $9 26772 $z 1800-.... $2 rameau
686    $2 Cadre de classement de la Bibliographie nationale française
702    $3 17922853 $9 329200 $a Belvèze $b Camille $4 651
702    $3 12606066 $9 346947 $a Fleury $b Alice $4 651
712 11 $3 11864965 $9 32467 $a Palais des beaux-arts $c Lille $4 070
801  0 $a FR $b FR-751131015 $c 20240126 $g AFNOR $h FRBNF474054160000002 $2 intermrc
995    $0 0 $2 0 $4 0 $5 2024-04-10 $9 475423 $b MED $c MED $e MED0C $f C3200036954 $h PRRRGZZ $k FR/719 EXP $n 2024-06-08 $o 0 $p 20.00 $r PRETLIV $s FR_719_000000000000000_EXP $w 1 $y 2024-05-18

