01837cam a2200433   4500
001 363775
003 http://www.mediathequederoubaix.fr/ark:/20179/KH363775
010    $a 978-2-03-604068-7 $b br. $d 9,95 EUR
020    $a FR $b 02364094
033    $a http://catalogue.bnf.fr/ark:/12148/cb472433245
035    $a FRBNF472433240000009
073  0 $a 9782036040687
090    $a 363775
091    $a 2 $b 20240513 $c 1
099    $t LI $c 2024-03-30 $d 2024-05-13 $x 1
100    $a 20230510d2023    a  y0frey50      ba
101 0  $a fre
102    $a FR
105    $a ||||z   00|a|
106    $a r
181  0 $6 01 $a i  $b xxxe  
181    $6 02 $c txt $2 rdacontent
182  0 $6 01 $a n
182    $6 02 $c n $2 rdamedia
200 1  $a Bienvenue au centre équestre ! $b Texte imprimé $f Sylvie de Mathuisieulx
210  0 $a [Paris] $c Larousse $d DL 2023
214  0 $a [Paris] $c Larousse $d DL 2023
214  3 $a impr. en Italie
215    $a 1 vol. (95 p.) $c ill. en coul. $d 20 cm
225 19 $a Au galop ! Une saison à cheval $v 2
330    $a Le centre équestre Nox et Zack est presque prêt à ouvrir ses portes. Annou, Emie, Hippolyte et Tao participent activement aux nombreux préparatifs, cependant, l'arrivée d'une jolie ponette traumatisée après un saut d'obstacles complique la situation. ­Electre 2024
339    $a a
461  0 $0 47349398 $t Au galop ! Une saison à cheval $v 2
609    $9 17630 $a Animaux
686    $a 809 $2 Cadre de classement de la Bibliographie nationale française
700    $3 13574159 $9 1052 $o ISNI0000000120985343 $a Mathuisieulx $b Sylvie de $f 1964-.... $4 070
801  0 $a FR $b FR-751131015 $c 20230510 $g AFNOR $h FRBNF472433240000009 $2 intermrc
999    $a FRBNF472433240000009
995    $0 0 $2 0 $4 0 $5 2024-04-03 $9 475069 $P 9.95 $b MED $c MED $e MED2A $f C2600009589 $h JROROZZ $k E R/MAT $n 2024-06-13 $o 0 $p 9.95 $r PRETLIV $s E_R_MAT $w 1 $y 2024-05-02

