02340cam1a22005891i 4500
001 363875
003 http://www.mediathequederoubaix.fr/ark:/20179/KH363875
005 20240517060451.0
010    $a 978-2-7558-1047-9 $b br. $d 6 EUR
073  0 $a 9782755810479
090    $a 363875
100    $a 20230328d2024    m  |0frey5003||||ba
101 0  $a fre
102    $a FR
105    $a         0||y|
106    $a r
181  0 $6 01 $a i  $b xxxe  
181    $6 02 $c txt $2 rdacontent
182  0 $6 01 $a n
182    $6 02 $c n $2 rdamedia
183    $6 01 $a nga $2 rdafrcarrier
183    $6 02 $a nc $2 rdacarrier
200 1  $a Faune sauvage des milieux humides $b Texte imprimé $f Dominique Martiré, Franck Merlier
210    $a Plouedern  (Finistère) $c J.-P. Gisserot $d 2024
211    $a 20240213
214  0 $a Plouedern  (Finistère) $c J.-P. Gisserot $d 2024
215    $a 1 vol. (128 p.) $c illustrations en couleur $d 19 x 13 cm
222    $a 
225 2  $a Gisserot Nature $x 1639-1446
330    $a Panorama des principales espèces présentes dans les milieux humides, avec pour chacune les caractéristiques physiques, la répartition, l'écologie, la biologie et le statut de protection. ­Electre 2024
333    $a Tout public
345    $b 9782755810479
410  0 $0 38985909 $6 41124 $7 4297750000 $t Gisserot Nature $x 1639-1446
676    $a 591.7 $v 23 $a 
686    $a T480703 $2 electre
686    $a GDOC002 $2 electre
686    $a GRPO000 $2 electre
686    $a PG0100 $2 electre
700  1 $3 15989953 $9 347031 $6 1139187 $7 2008480158 $a Martiré $b Dominique $4 070
701  1 $3 16936904 $9 347032 $6 11399808 $a Merlier $b Franck $4 070
801  3 $a FR $b Electre $c 20240328 $g AFNOR
830    $a ELECTREA/CI/2024 Mars Avril loisirs Vie Pratique 20240403
902    $a Grand public - Tout public $b PG0100
903    $a Sciences et découverte de l'Univers et de la nature - Le monde animal (faune sauvage) - Monde animal $b T480703
903    $a Documents, essais - Documents $b GDOC002
903    $a Rayon poche $b GRPO000
947    $c 5.46 $a 6.00
969    $h  1 $a 1 $d  900
099    $t LI $c 2024-04-03 $d 2024-05-17 $x 1
339    $a m
091    $a 2 $b 20240517 $c 0
995    $0 0 $2 0 $4 0 $5 2024-04-03 $9 475089 $P 6.00 $b MED $c MED $e MED1A $f C1400019046 $h AAPPLFF $k Doc./591 ABC $n 2024-06-18 $o 0 $p 6.00 $r PRETLIV $s DOC___591_000000000000000_ABC $w 1 $y 2024-04-03 $7  $8  $A  $m  $z 

