01799cam a2200445   4500
001 363975
003 http://www.mediathequederoubaix.fr/ark:/20179/KH363975
010    $a 978-2-02-149893-6 $b br. $d 18 EUR
020    $a FR $b 02370182
033    $a http://catalogue.bnf.fr/ark:/12148/cb473385048
035    $a FRBNF473385040000009
073  0 $a 9782021498936
090    $a 363975
091    $a 2 $b 20240505 $c 1
099    $t LI $c 2024-04-05 $d 2024-05-05
100    $a 20231004d2023    m  y0frey50      ba
101 0  $a fre
102    $a FR
105    $a ||||z   00|y|
106    $a r
181  0 $6 01 $a i  $b xxxe  
181    $6 02 $c txt $2 rdacontent
182  0 $6 01 $a n
182    $6 02 $c n $2 rdamedia
200 1  $a Célébration du cogito $b Texte imprimé $f Denis Moreau
210  0 $a Paris $c Éditions du Seuil $d DL 2023
214  0 $a Paris $c Éditions du Seuil $d DL 2023
214  3 $a 61-Lonrai $c Impr. Normandie roto
215    $a 1 vol. (121 p.) $c ill. $d 20 cm
300    $a Bibliogr. p. 111-115
330    $a Une analyse du cogito cartésien et de ses enjeux philosophiques, avec des exemples détournés de la notion. ­Electre 2024
339    $a m
604    $3 11959927 $9 347119 $a Descartes $b René $f 1596-1650 $t Meditationes de prima philosophia $2 rameau
606    $3 11978943 $9 347120 $a Cogito $3 13536525 $9 53759 $z 2000-.... $2 rameau
676    $a 194 $v 23
686    $a 100 $2 Cadre de classement de la Bibliographie nationale française
700    $3 12541572 $9 118336 $o ISNI000000011621436X $a Moreau $b Denis $f 1967-.... $4 070
801  0 $a FR $b FR-751131015 $c 20231004 $g AFNOR $h FRBNF473385040000009 $2 intermrc
999    $a FRBNF473385040000009
995    $0 0 $2 0 $4 0 $5 2024-05-10 $9 477460 $P 18.00 $b MED $c MED $e MED3A $f C2400005228 $h ACFPHZZ $k Doc./130 DES $o 0 $p 18.00 $r PRETLIV $s DOC___130_000000000000000_DES $w 0 $y 2024-05-10

