02156cam1a2200529 i 4500
001 364075
003 http://www.mediathequederoubaix.fr/ark:/20179/KH364075
005 20240515212102.0
010    $a 9782714499806 $b br. $d 21 EUR
073  0 $a 9782714499806
090    $a 364075
100    $a 20231023d2024    |  |0frey5003||||ba
101 0  $a fre
102    $a FR
105    $a         0||a|
106    $a r
181  0 $6 01 $a i  $b xxxe  
181    $6 02 $c txt $2 rdacontent
182  0 $6 01 $a n
182    $6 02 $c n $2 rdamedia
183    $6 01 $a nga $2 rdafrcarrier
183    $6 02 $a nc $2 rdacarrier
200 1  $a Obsolète $b Texte imprimé $f Sophie Loubière
210    $a Paris $c Belfond $d 2024
211    $a 20240201
214  0 $a Paris $c Belfond $d 2024
215    $a 1 vol. (524 p.) $d 21 x 14 cm
225 2  $a Belfond noir $x 1956-6360
330    $a XXIIIe siècle. Pour lutter contre l'infertilité, les femmes de 50 ans sont envoyées aux Hautes-Plaines et remplacées au sein de leur foyer par un modèle plus jeune. Un jour, les corps de trois fillettes sont retrouvés. Après plus d'un siècle sans criminalité, les autorités étouffent l'affaire. Rachel, 49 ans, l'ignore encore mais elle a un rôle majeur à jouer dans ce monde en déroute. ­Electre 2024
345    $b 9782714499806
410  0 $0 41018451 $6 53545 $7 4443750000 $t Belfond noir $x 1956-6360
676    $a 843 $v 23
686    $a T321010 $2 electre
686    $a GLFC001 $2 electre
700  1 $3 13552469 $9 19001 $6 1396059 $7 9943000018 $a Loubière $b Sophie $f 1966-.... $4 070
801  3 $a FR $b Electre $c 20240223 $g AFNOR
830    $a ELECTREX-MA/LIT/ML/2404/Lit7 20240410
903    $a Littérature moderne et contemporaine - Romans - Thrillers/Suspense $b T321010
903    $a Littérature française contemporaine - Texte en langue originale $b GLFC001
921    $a X0002748863
939    $a 
947    $c 19.11 $a 21.00
969    $h  1 $a 1 $d  900
099    $t LI $c 2024-04-10 $d 2024-05-15 $x 1
339    $a m
091    $a 2 $b 20240510 $c 0
995    $0 0 $2 0 $4 0 $5 2024-04-10 $9 475479 $P 21.00 $b MED $c MED $e MED1A $f C1400018978 $h ALTROPL $k RP/LOU $n 2024-06-05 $o 0 $p 21.00 $r PRETLIV $s RP_LOU $w 1 $y 2024-05-15

