01698nam a22003853n 4500
001 364175
003 http://www.mediathequederoubaix.fr/ark:/20179/KH364175
010    $a 978-2-302-10024-4 $b br. $d 8,50 EUR
033    $a http://catalogue.bnf.fr/ark:/12148/cb47335902z
035    $a FRBNF473359020000002
073  0 $a 9782302100244
090    $a 364175
091    $a 2 $b 20240510 $c 1
099    $t LI $c 2024-04-10 $d 2024-05-10 $x 1
100    $a 20230928d2023    m  y0frey50      ba
101 0  $a fre
102    $a FR
105    $a ||||z   00|||
106    $a r
181  0 $6 01 $a i  $b xxxe  
181    $6 02 $c txt $2 rdacontent
182  0 $6 01 $a n
182    $6 02 $c n $2 rdamedia
200 1  $a Welcome to Animal Crossing, new horizons $b Texte imprimé $e le journal de l'île $h 5
210  0 $a Paris $c Soleil $d 2023
214  0 $a Paris $c Soleil $d 2023
215    $a 1 vol. (non paginé [ca 128] p.) $d 19 cm
225 1  $a Soleil manga $i j-vidéo
330    $a La suite des aventures de quatre amis partis en vacances dans un archipel paradisiaque qui se retrouvent sur une île déserte après s'être trompés d'avion. Ils s'installent et font de ce petit coin de terre perdu au milieu de l'océan un lieu idyllique. Mais avec leurs personnalités très différentes, la tâche s'annonce difficile. ­Electre 2024
339    $a a
700    $3 17677701 $9 347166 $a Rumba $b Kokonasu $4 440
702    $3 17677702 $9 347167 $a Nintendo $4 205
801  0 $a FR $b FR-751131015 $c 20230928 $g AFNOR $h FRBNF473359020000002 $2 intermrc
999    $a FRBNF473359020000002
995    $0 0 $2 0 $4 0 $5 2024-04-20 $9 475957 $P 8.50 $b MED $c MED $e MED2A $f C2600009734 $h JBDMGZZ $k E BD/MANGAS $n 2024-05-25 $o 0 $p 8.50 $r PRETLIV $s E_BD_MANGAS $w 1 $y 2024-05-04 $7  $8  $A  $m  $z 

