02206cam a2200445   4500
001 364382
003 http://www.mediathequederoubaix.fr/ark:/20179/KH364382
010    $a 978-2-7002-8326-6 $b br. $d 12 EUR
033    $a http://catalogue.bnf.fr/ark:/12148/cb47437259n
035    $a FRBNF474372590000009
073  0 $a 9782700283266
090    $a 364382
091    $a 2 $b 20240514 $c 1
099    $t LI $c 2024-04-13 $d 2024-05-14 $x 1
100    $a 20240314d2024    a  y0frey50      ba
101 0  $a fre
102    $a FR
105    $a ||||z   00|a|
106    $a r
181  0 $6 01 $a i  $b xxxe  
181    $6 02 $c txt $2 rdacontent
182  0 $6 01 $a n
182    $6 02 $c n $2 rdamedia
200 1  $a Comment j'ai pris un coup sur la tête, et la bonne décision $b Texte imprimé $f Lilas Nord
210  0 $a Paris $c Rageot $d DL 2024
214  0 $a Paris $c Rageot $d DL 2024
214  3 $a 61-Lonrai $c Normandie roto impr.
215    $a 1 vol. (131 p.) $c ill. $d 21 cm
225    $a Le feuilleton des Incos
330    $a En plus d'avoir un prénom difficile à prononcer, Léoliam-Liulan est victime de harcèlement scolaire. Un jour, au collège, elle prend même un méchant coup sur le crâne mais ne dit rien, comme à chaque fois. Pourtant, ce coup semble avoir transformé sa vie car, dès le lendemain, dès qu'elle formule un voeu, il se réalise. Mais ce pouvoir se révèle rapidement embarrassant. ­Electre 2024
339    $a a
410  0 $0 42504217 $t Le Feuilleton des Incos $x 2118-6480 $d 2024
608    $a Romans $2 CNLJ $k Avis critique donné par le Centre national de la littérature pour la jeunesse
609    $9 117579 $a Harcèlement en milieu scolaire
686    $a 809 $2 Cadre de classement de la Bibliographie nationale française
700    $3 13631311 $9 60085 $o ISNI0000000002891776 $a Nord $b Lilas $4 070
801  0 $a FR $b FR-751131015 $c 20240314 $g AFNOR $h FRBNF474372590000009 $2 intermrc
999    $a FRBNF474372590000009
995    $0 0 $2 0 $4 0 $5 2024-04-24 $9 476065 $P 12.00 $b MED $c MED $e MED2A $f C2500035139 $h JROROZZ $k E R/NOR $n 2024-06-21 $o 0 $p 12.00 $r PRETLIV $s E_R_NOR $w 1 $y 2024-05-10
995    $0 0 $2 0 $4 0 $5 2024-05-10 $9 477435 $P 12.00 $b MED $c MED $e MED0A $f C000020443 $h JROROZZ $k EXT E R/NOR $o 0 $r PRETLIV $s EXT_E_R_NOR $w 0 $y 2024-05-10

