02016cam1a2200517 i 4500
001 364484
003 http://www.mediathequederoubaix.fr/ark:/20179/KH364484
005 20240517061132.0
010    $a 978-2-215-17967-2 $b cart. $d 8,95 EUR
073  0 $a 9782215179672
090    $a 364484
100    $a 20220706d2023    c  |0frey5003||||ba
101 0  $a fre
102    $a FR
105    $a         0||y|
106    $a r
181  0 $6 01 $a i  $b xxxe  
181    $6 02 $c txt $2 rdacontent
182  0 $6 01 $a n
182    $6 02 $c n $2 rdamedia
183    $6 01 $a nga $2 rdafrcarrier
183    $6 02 $a nc $2 rdacarrier
200 1  $a Les milieux extrêmes $b Texte imprimé $f texte Cathy Franco
210    $a Paris $c Fleurus $d 2023
211    $a 20230113
214  0 $a Paris $c Fleurus $d 2023
215    $a 1 vol. (22 p.-1 dépl.) $c illustrations en noir et en couleur, cartes $d 30 x 24 cm
225 2  $a La grande imagerie $x 1264-1790
330    $a Un documentaire en images pour découvrir les milieux naturels extrêmes comme les déserts, les grottes, les montagnes ou les pôles glacés. Avec des vignettes à découper en fin d'ouvrage. ­Electre 2024
333    $a A partir de 6 ans
345    $b 9782215179672
410  0 $0 34287052 $6 24506 $7 4109510000 $t La grande imagerie $x 1264-1790
606    $3 12262593 $9 49342 $a Milieux extrêmes $2 rameau
608    $3 12042408 $9 314947 $a Ouvrages pour la jeunesse $2 rameau
676    $a 577 $v 23
686    $a J140800 $2 electre
686    $a GJEU007 $2 electre
686    $a PJ0301 $2 electre
700  1 $3 13342108 $9 1852 $6 1374965 $7 9809000044 $a Franco $b Cathy $4 070
801  3 $a FR $b Electre $c 20230310 $g AFNOR
830    $a ELECTREM1704 20240417
856 4  $u https://www.electre.com/GetBlob.ashx?Ean=9782215179672,0-8901050&Size=Original
099    $t LI $c 2024-04-17 $d 2024-05-17
339    $a a
091    $a 2 $b 20240517 $c 0
995    $0 0 $2 0 $3 0 $4 0 $5 2024-04-25 $9 476777 $P 8.95 $b MED $c MED $e MED0A $f C000020040 $h JDT50ZZ $k EXT E/552 XYZ $o 0 $r PRETLIV $s EXT_E_552_000000000000000_XYZ $w 0 $y 2024-04-25 $A 0

