01788cjm a2200433   4500
001 364589
003 http://www.mediathequederoubaix.fr/ark:/20179/KH364589
033    $a http://catalogue.bnf.fr/ark:/12148/cb37793810n
035    $a FRBNF377938100000001
039    $o OPR $a R00322430
071 11 $a B14194-A
071 11 $a B14195-A $b Brunswick
071 01 $b Brunswick $a A 500 406
090    $a 364589
099    $t DG $c 2024-04-24 $d 2024-05-10
100    $a 20021001d1934    u  y0frey50      ba
101 0  $a zxx
102    $a FR
126    $a adaauxx||||||bz $b bua
128    $b ka01 $b tb01 $b pd01 $b sd01 $b bb01 $b bd01 $b wi01 $b wc01
145    $b 01kpf    $b 01tgu    $b 01pdr    $b 01sdb    $b 01btr    $b 01btb    $b 01wsa    $b 01wcl   
181  0 $6 01 $a d  $b bxxa  
181    $6 02 $c prm $2 rdacontent
182  0 $6 01 $a a
182    $6 02 $c s $2 rdamedia
200 1  $a Tennesse twilight $b Enregistrement sonore $a Madame dynamite $f Chicago Rhythm Kings [Alex Hill, p ; Eddie Condon, guit. ; Art Bernstein, cb... et al]
210    $a [France] $c [[s.n.]] $d [cop. 1934]
215    $a 1 disque $c 78 t $d 25 cm
323    $a Interprété aussi par : S. Cotlett, batt. ; Max Kaminsky, trp ; Floyd O Brien, trb ; Bud Freeman, saxo ; Pee Wee Russell, clar.
423  0 $t Madame dynamite
608    $a jazz $2 frTAV
608    $a jazz, blues et gospel $2 frTAV
608    $a édition phonographique $2 frTAV
608    $3 11938040 $9 10697 $a Jazz $2 rameau
710    $3 13955678 $9 347653 $a Chicago rhythm kings $c 1928 $4 545 $4 oie
716    $3 13878267 $a Brunswick $c 1916
801  0 $a FR $b FR-751131015 $c 20021001 $g AFNOR $h FRBNF377938100000001 $2 intermrc
091    $a 1 $b 20240510 $c 0
995    $0 0 $2 0 $4 0 $5 2024-04-24 $9 476118 $b MED $c MED $e MED3C $f F VERS 25/0862 $h PENCVZZ $k F VERS 25/0862 $o 2 $r PRETSON $s F_VERS_25_086200000000000 $w 0 $y 2024-04-24

