02058njm a22004333n 4500
001 364689
003 http://www.mediathequederoubaix.fr/ark:/20179/KH364689
033    $a http://catalogue.bnf.fr/ark:/12148/cb379386003
035    $a FRBNF379386000000000
039    $o OPR $a R01770340
071 01 $b Odéon $a 279743
090    $a 364689
099    $t DG $c 2024-04-24 $d 2024-05-10
100    $a 20021001d1950    u  y0frey50      ba
101 0  $a und
102    $a XX
126    $a adaauxx||||||zz $b bua
181  0 $6 01 $a d  $b bxxa  
181    $6 02 $c prm $2 rdacontent
182  0 $6 01 $a a
182    $6 02 $c s $2 rdamedia
200 1  $a MAHOGANY HALL STOMP $b Enregistrement sonore $f WILLIAMS $g Louis ARMSTRONG and His SAVOY BALLROOM FIVE  $c I CAN'T GIVE YOU ANYTHING BUT LOVE $f FIELDS et MAC HUGH $g Louis ARMSTRONG and his Orchestra
210    $a [S.l.] $c [s.n.] $d [1950 (DL)]
215    $a 1 disque $c 78 t, aig. $d 25 cm
500 10 $3 13873012 $a Mahogany hall stomps $9 bAU1820694000
500 10 $3 13865987 $a I can't give you anything but love $9 bAU1040376000
500 10 $3 13861204 $a I can't give you anything but love $9 bAU0600653000
517 1  $a I CAN'T GIVE YOU ANYTHING BUT LOVE
608    $3 11938040 $9 10697 $a Jazz $2 rameau
702    $3 13926234 $o ISNI0000000110684934 $a Williams $b Spencer $9 bAU1820694000 $4 570
702    $3 13962828 $o ISNI0000000115621158 $a McHugh $b Jimmy $9 bAU1040376000 $4 570
702    $3 13795184 $o ISNI0000000081386224 $a Fields $b Dorothy $9 bAU0600653000 $4 570
702    $3 13890884 $9 606 $o ISNI0000000110198071 $a Armstrong $b Louis $f 1901-1971 $4 250
712 02 $3 13904688 $9 347572 $o ISNI0000000121839911 $a Louis Armstrong & his Savoy Ballroom 5 $4 590
716    $3 13876704 $a Odéon
801  0 $a FR $b FR-751131015 $c 20021001 $g AFNOR $h FRBNF379386000000000 $2 intermrc
930    $5 FR-759999999:37938600003001 $a SD 78 25-57762 $b 759999999 $c Tolbiac - Rez de Jardin - Audiovisuel - Magasin $d O
091    $a 1 $b 20240510 $c 0
995    $0 0 $2 0 $4 0 $5 2024-04-24 $9 476225 $b MED $c MED $e MED3C $f F VERS 25/0693 $h PENCVZZ $k F VERS 25/0693 $o 2 $r PRETSON $s F_VERS_25_069300000000000 $w 0 $y 2024-04-24

