01480njm a22003613  4500
001 364789
003 http://www.mediathequederoubaix.fr/ark:/20179/KH364789
033    $a http://catalogue.bnf.fr/ark:/12148/cb38323684n
035    $a FRBNF38323684000000X
039    $o OPC $a 002372580
071 01 $b His master's voice $a B9220
090    $a 364789
099    $t DG $c 2024-04-24 $d 2024-05-10
100    $a 19960210u19..    u  y0frey50      ba
101 0  $a und
102    $a XX
126    $a adaauxx||||||zz $b bua
181  0 $6 01 $a d  $b bxxa  
181    $6 02 $c prm $2 rdacontent
182  0 $6 01 $a a
182    $6 02 $c s $2 rdamedia
200 1  $a Shreveport $b Enregistrement sonore $f Jelly-roll Morton's trio, groupe instr.  $c Deep creek $g Jelly-roll morton's red hot peppers, groupe instr.
210    $a [[S.l.]] $c [[s.n.]] $d [[s.d.]]
215    $a 1 disque $c 78 t $d 25 cm
316    $5 FR-759999999:38323684001001
608    $a jazz, blues et gospel $2 frTAV
608    $3 11938040 $9 10697 $a Jazz $2 rameau
712 02 $3 13937378 $9 347486 $o ISNI0000000123236348 $a Jelly Roll Morton's Red hot peppers $4 545 $4 oie
712 02 $3 13904216 $9 347487 $o ISNI0000000084163384 $a Jelly Roll Morton Trio $4 545 $4 oie
716    $3 13875747 $a His master's voice
801  0 $a FR $b FR-751131015 $c 19960210 $g AFNOR $h FRBNF38323684000000X $2 intermrc
091    $a 1 $b 20240510 $c 0
995    $0 0 $2 0 $4 0 $5 2024-04-24 $9 476332 $b MED $c MED $e MED3C $f F VERS 25/0166 $h PENCVZZ $k F VERS 25/0166 $o 2 $r PRETSON $s F_VERS_25_016600000000000 $w 0 $y 2024-04-24

