01539njm a2200421   4500
001 364889
003 http://www.mediathequederoubaix.fr/ark:/20179/KH364889
033    $a http://catalogue.bnf.fr/ark:/12148/cb38571032n
035    $a FRBNF385710320000005
039    $o OPC $a 004928990
071 11 $a 39551
071 11 $a 39999 $b Brunswick
071 01 $b Brunswick $a 505152
090    $a 364889
099    $t DG $c 2024-04-24 $d 2024-05-10
100    $a 20020212d1935    u  y0frey50      ba
101 0  $a zxx
102    $a FR
126    $a adaauxx||||||bz $b bua
181  0 $6 01 $a d  $b bxxa  
181    $6 02 $c prm $2 rdacontent
182  0 $6 01 $a a
182    $6 02 $c s $2 rdamedia
200 1  $a Sleepy time gal $b Enregistrement sonore $a Oh Boy $f Jimmie Lunceford and his orch., groupe instr.
210    $a [[S.l.]] $c [[s.n.]] $d [1935 (enr.)]
215    $a 1 disque $c 78 t $d 25 cm
300    $a Date et lieu d'enregistrement d'après Bruyninckx
305    $a Enregistrement : (États-Unis) New York
423  0 $t Oh Boy
608    $a jazz $2 frTAV
608    $a jazz, blues et gospel $2 frTAV
608    $3 11938040 $9 10697 $a Jazz $2 rameau
620 31 $a us $d New York
700    $3 13896866 $9 30739 $o ISNI0000000080991692 $a Lunceford $b Jimmie $f 1902-1947 $4 250
716    $3 13878267 $a Brunswick $c 1916
801  0 $a FR $b FR-751131015 $c 20020212 $g AFNOR $h FRBNF385710320000005 $2 intermrc
091    $a 1 $b 20240510 $c 0
995    $0 0 $2 0 $4 0 $5 2024-04-24 $9 476439 $b MED $c MED $e MED3C $f F VERS 25/0213 $h PENCVZZ $k F VERS 25/0213 $o 2 $r PRETSON $s F_VERS_25_021300000000000 $w 0 $y 2024-04-24

