01792njm a2200505   4500
001 364989
003 http://www.mediathequederoubaix.fr/ark:/20179/KH364989
033    $a http://catalogue.bnf.fr/ark:/12148/cb38599885s
035    $a FRBNF385998850000006
039    $o OPC $a 005222720
071 11 $a 81569A
071 11 $a 81572B $b Odéon
071 01 $b Odéon $a 165322
090    $a 364989
099    $t DG $c 2024-04-24 $d 2024-05-10
100    $a 20020919d1927    u  y0frey50      ba
101 0  $a zxx
102    $a FR
126    $a adaauxx||||||bz $b bua
128    $b bc   $b bd   $b wi   $b wc   $b ka   $b pd  
145    $b uubco   
145    $b uubtb   
145    $b uuwsa   
145    $b uuwcl   
145    $b uukpf   
145    $b uupdr   
181  0 $6 01 $a d  $b bxxa  
181    $6 02 $c prm $2 rdacontent
182  0 $6 01 $a a
182    $6 02 $c s $2 rdamedia
200 1  $a Sorry $b Enregistrement sonore $e fox trot $a Since my best gal turned me down $e fox trot $f Bix Beiderbecke and his Gang, groupe instr.
210    $a [[S.l.]] $c [[s.n.]] $d [1927 (enr.)]
215    $a 1 disque (78 t) $d 25 cm
300    $a Date et lieu d'enregistrement d'après Bruyninckx
305    $a Enregistrement : (États-Unis) New York, 19271025
423  0 $t Since my best gal turned me down
608    $a jazz $2 frTAV
608    $a jazz, blues et gospel $2 frTAV
608    $3 11938040 $9 10697 $a Jazz $2 rameau
620 31 $a us $d New York $f 19271025
710    $3 14246195 $9 347356 $a Bix Beiderbecke and his gang $4 545 $4 oie
716    $3 13876704 $a Odéon
801  0 $a FR $b FR-751131015 $c 20020919 $g AFNOR $h FRBNF385998850000006 $2 intermrc
091    $a 1 $b 20240510 $c 0
995    $0 0 $2 0 $4 0 $5 2024-04-24 $9 476547 $b MED $c MED $e MED3C $f F VERS 25/1000 $h PENCVZZ $k F VERS 25/1000 $o 2 $r PRETSON $s F_VERS_25_100000000000000 $w 0 $y 2024-04-24

