01475cjm a2200385   4500
001 365089
003 http://www.mediathequederoubaix.fr/ark:/20179/KH365089
033    $a http://catalogue.bnf.fr/ark:/12148/cb40042417m
035    $a FRBNF400424170000007
071 01 $b Brunswick $a 500174
090    $a 365089
099    $t DG $c 2024-04-24 $d 2024-05-10
100    $a 20050928f193.    u  y0frey50      ba
101 0  $a zxx
102    $a FR
126    $a adaauxx||||||bz $b bua
181  0 $6 01 $a d  $b bxxa  
181    $6 02 $c prm $2 rdacontent
182  0 $6 01 $a a
182    $6 02 $c s $2 rdamedia
200 1  $a It don't mean a thing $b Enregistrement sonore $a Rose-room $e fox-trot $f Duke Ellington and his orchestra, groupe instr.
210    $a [S.l.] $c [s.n.] $d [193.]
215    $a 1 disque $c 78 t $d 25 cm
300    $a Anthologie de Hot Club de France n°7 et n°8
316    $5 FR-759999999:40042417001001
423  0 $t Rose-room $o fox-trot
608    $a jazz $2 frTAV
608    $a jazz, blues et gospel $2 frTAV
608    $a édition phonographique $2 frTAV
608    $3 11938040 $9 10697 $a Jazz $2 rameau
700    $3 13893638 $9 6250 $o ISNI0000000109110810 $a Ellington $b Duke $f 1899-1974 $4 250
716    $3 13878267 $a Brunswick $c 1916
801  0 $a FR $b FR-751131015 $c 20050928 $g AFNOR $h FRBNF400424170000007 $2 intermrc
091    $a 1 $b 20240510 $c 0
995    $0 0 $2 0 $4 0 $5 2024-04-24 $9 476654 $b MED $c MED $e MED3C $f F VERS 25/0963 $h PENCVZZ $k F VERS 25/0963 $o 2 $r PRETSON $s F_VERS_25_096300000000000 $w 0 $y 2024-04-24

