02116cam1a22005891i 4500
001 365189
003 http://www.mediathequederoubaix.fr/ark:/20179/KH365189
005 20240505021140.0
010    $a 2264021055 $b br. $d 7,50 EUR
035    $a ELC899661 $z 9405000410
073  0 $a 9782264021052
090    $a 365189
100    $a 19940101d1994    |  |0frey5003||||ba
101 1  $a fre $c eng
102    $a FR
105    $a         0||a|
106    $a r
181  0 $6 01 $a i  $b xxxe  
181    $6 02 $c txt $2 rdacontent
182  0 $6 01 $a n
182    $6 02 $c n $2 rdamedia
183    $6 01 $a nga $2 rdafrcarrier
183    $6 02 $a nc $2 rdacarrier
200 1  $a Sula $b Texte imprimé $f Toni Morrison $g traduit de l'anglais (Etats-Unis) par Pierre Alien
205    $a Réimpr.
210    $a Paris $c 10-18 $d 1994
211    $a 19940519
214  0 $a Paris $c 10-18 $d 1994
215    $a 1 vol. (192 p.) $d 18 x 11 cm
225 2  $a 10-18 $x 0240-2300 $v 2506 $i Domaine étranger $x 0248-3424
330    $a L'histoire parallèle de deux petites filles, l'une sage, Nel, l'autre rebelle, Sula, qui se retrouvent quarante ans plus tard. ­Electre 2024
345    $b 9782264021052
410  0 $0 34228544 $6 6471 $7 0094690200 $t 10-18. Domaine étranger $x 0248-3424 $v 2506
676    $a 813 $v 23
686    $a T321002 $2 electre
686    $a GLEC001 $2 electre
686    $a GRPO000 $2 electre
700  1 $3 12017165 $9 8692 $6 1285960 $7 9401143603 $a Morrison $b Toni $f 1931-2019 $4 070
702  1 $3 11888441 $9 2276 $6 1356224 $7 9616000169 $a Alien $b Pierre $f 1939-1996 $4 730
801  3 $a FR $b Electre $c 20230824 $g AFNOR
830    $a ELECTREX-MA/LIT/ML/2404/Lit9 Réassort 20240504
903    $a Littérature moderne et contemporaine - Romans - Romans $b T321002
903    $a Littératures étrangères contemporaines - Traduction en français $b GLEC001
903    $a Rayon poche $b GRPO000
921    $a 
939    $a réassort R
947    $c 6.83 $a 7.50
969    $h  1 $a 1 $d  900
099    $t LI $c 2024-05-04 $d 2024-05-05
339    $a m
091    $a 2 $b 20240505 $c 0
995    $0 0 $2 0 $4 0 $5 2024-05-04 $9 477051 $b MED $c MED $e MED1A $o -1 $r PRETLIV $w 0 $y 2024-05-04

