02362cam1a2200589 i 4500
001 365389
003 http://www.mediathequederoubaix.fr/ark:/20179/KH365389
005 20240515020651.0
010    $a 978-2-88953-432-6 $b br. $d 17,95 EUR
073  0 $a 9782889534326
090    $a 365389
100    $a 20201012d2021    m  |0frey5003||||ba
101 0  $a fre
102    $a CH
105    $a         0||y|
106    $a r
181  0 $6 01 $a i  $b xxxe   $a b  $b xb2e  
181    $6 02 $c txt $c sti $2 rdacontent
182  0 $6 01 $a n
182    $6 02 $c n $2 rdamedia
183    $6 01 $a nga $2 rdafrcarrier
183    $6 02 $a nc $2 rdacarrier
200 1  $a Etre en bonne santé grâce au nerf vague $b Texte imprimé $e anti-stress, vitalité, anti-inflammation $e le coach-respiration $f Jean-Marie Defossez
210    $a Bernex (Suisse) $c Jouvence $d 2021
211    $a 20210209
214  0 $a Bernex (Suisse) $c Jouvence $d 2021
215    $a 1 vol. (223 p.) $c illustrations en noir et blanc $d 22 x 14 cm
222    $a 
225 2  $a Jouvence santé
300    $a Bibliogr.
330    $a L'auteur propose plusieurs outils pour activer le nerf vague afin d'optimiser son action de guérison et de protection du corps, notamment pour réduire les différents stress : nerveux, respiratoire, postural, intestinal ou immunitaire, entre autres. ­Electre 2024
333    $a Tout public
345    $b 9782889534326
410  0 $0 42199549 $6 61931 $7 4539920000 $t Jouvence santé
606    $3 12258874 $9 331538 $a Nerf vague $2 rameau
606    $3 13336917 $9 102701 $a Gestion du stress $2 rameau
608    $3 11975688 $9 1606 $a Guides pratiques $2 rameau
676    $a 615.53 $v 23 $a &#9;Sabrina DELVALLÉE (X0002610610)  Olivier DEWISMES (X0002413327)
686    $a T100404 $2 electre
686    $a GOPV001 $2 electre
686    $a PG0100 $2 electre
700  1 $3 13777572 $9 71859 $6 145084 $7 2003120187 $a Defossez $b Jean-Marie $f 1971-.... $4 070
801  3 $a FR $b Electre $c 20231216 $g AFNOR
830    $a ELECTREA/CI/2024 Mai loisirs Vie Pratique 20240514
902    $a Grand public - Tout public $b PG0100
903    $a Bien-être et santé - Santé et hygiène - Thérapeutiques et médicaments $b T100404
903    $a Ouvrages pratiques - Conseils pratiques $b GOPV001
947    $c 16.33 $a 17.95
969    $h  1 $a 1 $d  900
099    $t LI $c 2024-05-14 $d 2024-05-15
339    $a m
091    $a 2 $b 20240515 $c 0

