01798cam a2200409   4500
001 365489
003 http://www.mediathequederoubaix.fr/ark:/20179/KH365489
010    $a 978-2-37680-107-8 $b br. $d 13 EUR
033    $a http://catalogue.bnf.fr/ark:/12148/cb474291407
035    $a FRBNF474291400000007
073  0 $a 9782376801078
090    $a 365489
091    $a 2 $b 20240515 $c 1
099    $t LI $c 2024-05-14 $d 2024-05-15
100    $a 20240301d2024    m  y0frey50      ba
101 0  $a fre
102    $a FR
105    $a ||||z   00|a|
106    $a r
181  0 $6 01 $a i  $b xxxe  
181    $6 02 $c txt $2 rdacontent
182  0 $6 01 $a n
182    $6 02 $c n $2 rdamedia
200 1  $a Sans crier gare $b Texte imprimé $f Colette Nys-Mazure $g illustrations, Élise Kasztelan
210  0 $a Lille $c Éditions Invenit $d DL 2024
214  0 $a Lille $c Éditions Invenit $d DL 2024
214  3 $a 22-Ploufragan $c Impr. Typolibris
215    $a 1 vol. (68 p.) $c ill. $d 18 cm
225    $a Déplacement
330    $a Recueil de poèmes déclinant les multiples aspects de l'expérience ferroviaire, inspiré à l'écrivaine par ses déplacements en TER entre la Belgique et les Hauts-de-France. Elle chante les voyages en train, sa passion pour les gares, son intérêt pour les usagers ainsi que le spectacle permanent qu'offre le défilé des paysages et des visages. ­Electre 2024
339    $a m
410  0 $0 47062677 $t Déplacement $x 2826-4169 $d 2024
686    $a 801 $2 Cadre de classement de la Bibliographie nationale française
700    $3 11917971 $9 31142 $o ISNI0000000121255588 $a Nys-Mazure $b Colette $f 1939-.... $4 070
702    $3 17958034 $9 343162 $o ISNI0000000492914415 $a Kasztelan $b Élise $4 440
801  0 $a FR $b FR-751131015 $c 20240301 $g AFNOR $h FRBNF474291400000007 $2 intermrc
999    $a FRBNF474291400000007

