01868cam a2200373   4500
001 365589
003 http://www.mediathequederoubaix.fr/ark:/20179/KH365589
010    $a 978-2-258-20347-1 $b br. $d 20,90 EUR
073  0 $a 9782258203471
090    $a 365589
099    $c 2024-05-18 $d 2024-05-18
100    $a 20240417d2024    m  y0frey50      ba
101 1  $a fre $c eng
102    $a FR
105    $a ||||z   00|a|
106    $a r
181  0 $6 01 $a i  $b xxxe  
181    $6 02 $c txt $2 rdacontent
182  0 $6 01 $a n
182    $6 02 $c n $2 rdamedia
200 1  $a Seconde vie $b Texte imprimé $f Danielle Steel $g traduit de l'anglais (États-Unis) par Alice Fombois
214  0 $a Paris $c les Presses de la Cité $d DL 2024
214  3 $a 72-La Flèche $c Impr. CPI Brodard & Taupin
215    $a 1 vol. (322 p.) $d 23 cm
454  1 $t Second act
686    $a 803 $2 Cadre de classement de la Bibliographie nationale française
700    $3 11925454 $o ISNI0000000121452354 $a Steel $b Danielle $f 1947-.... $4 070
702    $3 17842786 $o ISNI0000000478706513 $a Fombois $b Alice $4 730
801  0 $a FR $b FR-751131015 $c 20240417 $g AFNOR $h FRBNF474590630000007 $2 intermrc
210  0 $a Paris $c les Presses de la Cité $d DL 2024
033    $a http://catalogue.bnf.fr/ark:/12148/cb474590637
035    $a FRBNF474590630000007
330    $a Andy Westfield, directeur d'un studio hollywoodien depuis près de vingt ans, est désemparé lorsqu'il est licencié du jour au lendemain d'un emploi qu'il aime plus que tout. Il part se réfugier dans une petite station balnéaire en Angleterre, où il fait la connaissance de Violet Smith. La jeune femme, ancienne journaliste, cherche elle aussi un nouveau départ après une série de drames personnels. ­Electre 2024
995    $0 0 $2 0 $3 0 $4 0 $5 2024-05-18 $9 477768 $b BUS $c BUS $e BUS1A $f C000020464 $h ALTROZZ $k BUS R/STE $o -2 $r PRETLIV $s BUS_R_STE $w 0 $y 2024-05-18 $7  $8  $A 0 $m  $z 

